2479 3508
290 374 590 434 dungszeichen
629 377 790 437 ähnlicher
819 377 1041 437 Buchstaben.
1092 377 1280 437 Constanti=

293 422 389 482 nopel
412 422 537 482 schreibt
566 419 617 479 der
635 422 737 482 Autor
760 425 993 485 Istanbol,
1017 425 1068 485 den
1097 422 1267 482 Menschen

291 470 434 530 Adem.
483 462 557 522 Den
584 467 744 527 Modus
777 473 824 533 bey
857 473 909 533 den
937 470 1139 530 Zeitwörtern
1177 470 1278 530 nennt

299 515 331 575 er
352 515 378 575 im
416 512 643 572 Französischen
670 515 792 575 mœuf.
846 518 893 578 Er
920 520 1015 580 theilt
1042 518 1121 578 seine
1153 518 1280 578 Gram¬

297 563 402 623 matick
425 562 452 622 in
486 560 608 620 sieben
643 565 842 625 Abschnitte:
893 561 937 621 1)
966 566 1132 626 Türkische
1155 564 1277 624 Ortho¬

296 658 368 718 rer,
399 658 440 718 3)
467 658 513 718 die
539 658 751 718 Zeitwörter,
789 661 829 721 4)
861 661 1083 721 Beywörter,
1120 657 1285 717 Vorwór¬

299 706 347 766 ter
370 706 402 766 u.
413 706 440 766 s.
451 707 478 767 f.
505 709 548 769 5)
576 704 619 764 die
641 709 884 769 Wortfügung,
912 709 955 769 6)
977 709 1014 769 ein
1048 709 1155 769 kleines
1183 706 1280 766 Wör¬

301 751 424 811 terbuch
450 751 537 811 nebst
553 751 800 811 Redensarten,
836 754 882 814 7)
903 754 1098 814 Gespräche.
1150 758 1201 818 In
1228 754 1278 814 der

291 801 422 861 ersten
450 798 713 858 Abtheilung
741 803 877 863 berührt
894 801 921 861 er
938 801 981 861 die
1004 801 1096 861 sieben
1119 801 1288 861 vornehm¬

306 849 367 909 sten
393 846 697 906 Schreibarten
734 849 784 909 bey
817 849 867 909 den
899 849 1042 909 Türken,
1069 849 1125 909 alle
1147 849 1203 909 von
1229 845 1280 905 der

307 894 423 954 rechten
452 894 540 954 gegen
568 894 612 954 die
635 894 735 954 linke:
763 895 801 955 1)
818 897 868 957 das
896 897 1068 957 Nesghi
1085 897 1134 957 zum
1175 895 1285 955 Alko¬

299 942 402 1002 ran,
430 942 473 1002 2)
495 942 549 1002 das
571 942 750 1002 Diwani
767 942 794 1002 in
821 943 1103 1003 Angelegenheiten
1131 942 1191 1002 und
1213 939 1283 999 Ge¬

307 990 534 1050 richtsstuben,
562 990 606 1050 3)
628 990 683 1050 das
712 990 838 1050 Talyk
861 990 911 1050 bey
939 992 1082 1052 Richtern
1117 990 1177 1050 und
1200 990 1288 1050 Poe¬

296 1034 375 1094 ten,
397 1034 455 1094 fast
477 1034 610 1094 einerley
637 1034 695 1094 mit
712 1034 759 1094 dem
803 1034 914 1094 ersten,
952 1037 994 1097 4)
1022 1037 1074 1097 das
1107 1034 1282 1094 Kyrma,

311 1079 363 1139 dem
401 1079 527 1139 Thalyk
548 1079 690 1139 ähnlich,
701 1081 727 1141 zu
759 1079 943 1139 Registern,
970 1079 1012 1139 5)
1039 1082 1091 1142 das
1128 1079 1275 1139 Sülus

311 1126 340 1186 zu
371 1126 421 1186 den
452 1124 603 1184 Kayserl.
619 1124 775 1184 Patenten
806 1124 860 1184 und
887 1124 1123 1184 Büchertiteln,
1155 1127 1200 1187 6)
1225 1123 1280 1183 das

307 1172 491 1232 Jakuti,
525 1171 573 1231 7)
596 1169 649 1229 das
677 1172 889 1232 Rejhani,
922 1169 1020 1229 beyde
1042 1171 1096 1231 mit
1119 1170 1167 1230 dem
1217 1169 1287 1229 Na¬

311 1219 377 1279 men
409 1219 492 1279 ihrer
523 1216 663 1276 Urheber
694 1216 881 1276 bezeichnet.
933 1216 1078 1276 Hierauf
1109 1213 1192 1273 folgt
1229 1212 1280 1272 das

302 1267 511 1327 türkische
534 1267 744 1327 Alphabet
767 1266 834 1326 nach
858 1264 908 1324 den
937 1264 1061 1324 Namen
1090 1264 1152 1324 und
1169 1261 1287 1321 Schall

305 1318 355 1378 der
378 1315 607 1375 Buchstaben,
630 1312 691 1372 wie
715 1317 781 1377 auch
811 1315 894 1375 ihren
923 1315 1056 1375 Figuren
1091 1312 1118 1372 in
1158 1312 1208 1372 den
1242 1310 1292 1370 sie¬

305 1364 355 1424 ben
383 1366 635 1426 Schreibarten.
686 1366 730 1426 Es
759 1366 814 1426 sind
843 1366 971 1426 einerley
1000 1363 1218 1423 Buchstaben,
1241 1361 1285 1421 die

306 1413 406 1473 Figur
434 1413 502 1473 aber
524 1413 598 1473 geht
620 1410 714 1470 etwas
742 1410 794 1470 von
832 1413 980 1473 einander
1007 1413 1060 1473 ab.
1108 1411 1177 1471 Die
1204 1412 1288 1472 Tür¬

307 1459 356 1519 ken
384 1461 478 1521 haben
506 1461 545 1521 33
573 1461 789 1521 Buchstaben,
801 1461 834 1521 28
862 1458 917 1518 von
945 1460 995 1520 den
1018 1458 1179 1518 Arabern,
1190 1458 1201 1518 5
1224 1460 1273 1520 von

307 1507 361 1567 den
400 1506 563 1566 Persern,
590 1507 688 1567 außer
716 1508 786 1568 drey
819 1506 1141 1566 Selbstlautern
1174 1504 1293 1564 Ustun,

310 1552 346 1612 d.
362 1555 388 1615 i.
405 1557 415 1617 a
442 1555 510 1615 oder
526 1554 542 1614 e
564 1554 637 1614 über
664 1552 711 1612 den
733 1554 949 1614 Buchstaben,
960 1551 1028 1611 Esre
1051 1554 1103 1614 das
1130 1554 1140 1614 i
1162 1553 1267 1613 unterm

306 1602 540 1662 Buchstaben,
567 1599 663 1659 Uturu
701 1599 759 1659 das
797 1601 813 1661 u
856 1602 930 1662 über
968 1602 1016 1662 dem
1070 1599 1288 1659 Buchstaben.

307 1646 511 1706 Verdoppelt
534 1646 634 1706 heißen
668 1645 700 1705 sie
723 1643 795 1703 Ikki
817 1646 927 1706 Ustun,
944 1644 983 1704 u.
1000 1644 1022 1704 s.
1045 1646 1071 1706 f.
1083 1646 1183 1706 lauten
1216 1645 1282 1705 aber

313 1694 370 1754 wie
394 1697 474 1757 ang,
492 1696 566 1756 ing,
590 1694 677 1754 ung,
701 1691 769 1751 (an,
793 1688 839 1748 in,
862 1689 937 1749 un)
985 1688 1070 1748 Man
1106 1688 1163 1748 hat
1187 1688 1255 1748 fün

310 1737 605 1797 Lesezeichen,
640 1733 684 1793 die
714 1733 1044 1793 Verdoppelungen,
1084 1733 1285 1793 verlängerte

308 1781 379 1841 oder
402 1781 563 1841 gelindere
586 1776 781 1836 Aussprache
804 1778 971 1838 besonders
994 1778 1043 1838 des
1071 1778 1205 1838 Elifs,
1233 1776 1283 1836 des

307 1827 401 1887 ersten
430 1825 648 1885 Buchstaben,
671 1825 877 1885 anzuzeigen.
929 1825 1001 1885 Die
1030 1825 1152 1885 Türken
1187 1825 1281 1885 haben

313 1876 372 1936 nur
396 1875 448 1935 ein
479 1873 733 1933 Geschlecht,
757 1876 840 1936 setzen
870 1876 940 1936 aber
958 1876 987 1936 z.
1006 1876 1047 1936 E.
1065 1876 1118 1936 bey
1142 1875 1277 1935 Thieren

311 1921 407 1981 Erkek
436 1921 481 1981 für
504 1923 554 1983 das
584 1924 771 1984 männliche,
783 1924 891 1984 Dischi
914 1926 958 1986 für
982 1924 1038 1984 das
1062 1927 1215 1987 weibliche
1238 1924 1282 1984 zu.

305 1970 377 2030 Der
405 1971 561 2031 Pluralis
591 1975 707 2035 kömmt
736 1972 791 2032 von
825 1974 875 2034 der
909 1975 1065 2035 einzelnen
1094 1977 1177 2037 Zahl
1195 1975 1278 2035 durch

312 2023 363 2083 den
397 2023 510 2083 Zusatz
527 2023 600 2083 ler,
640 2022 702 2082 und
736 2022 781 2082 die
805 2023 1183 2083 Biegungsendigungen
1217 2022 1279 2082 sind

312 2070 445 2130 einerley
479 2068 533 2128 wie
562 2070 590 2130 in
612 2070 717 2130 jener.
768 2070 817 2130 Es
851 2070 940 2130 giebt
962 2070 1062 2130 sechs
1096 2067 1290 2127 Biegungs¬

307 2121 384 2181 fälle
407 2120 462 2180 und
490 2120 596 2180 zwey
624 2118 885 2178 Biegungsarten
919 2115 1112 2175 (Declinat.)
1135 2115 1196 2175 Die
1213 2115 1285 2175 erste

308 2166 449 2226 begreift
472 2166 522 2226 alle
546 2163 692 2223 Wörter,
710 2164 755 2224 die
778 2165 828 2225 auf
852 2166 931 2226 einen
960 2164 1220 2224 Mitlauter,
1237 2165 1287 2225 die

311 2211 429 2271 zweyte
447 2214 525 2274 alle,
548 2211 599 2271 die
616 2209 672 2269 auf
690 2209 774 2269 einen
803 2211 1090 2271 Selbstlauter
1125 2211 1288 2271 ausgehn,

314 2257 376 2317 und
402 2258 439 2318 ist
458 2255 508 2315 nur
534 2255 558 2315 im
597 2252 918 2312 Zeugungsfall
938 2258 1145 2318 verschieden.

506 2300 541 2360 er
612 2300 664 2360 der
683 2300 805 2360 Mensch

902 2305 982 2365 erler
1044 2306 1093 2366 die
1112 2304 1272 2364 Menschen

503 2344 582 2404 crun
614 2345 660 2405 des
714 2345 729 2405 —

895 2353 1017 2413 erlerun
1052 2354 1100 2414 der

506 2390 554 2450 eré
610 2393 665 2453 dem
721 2390 731 2450 —

892 2399 998 2459 erleré
1054 2402 1109 2462 den

305 2426 386 2486 Die
401 2422 482 2482 1ste.

504 2439 558 2499 eri
614 2437 668 2497 den

899 2443 1003 2503 erleri
1050 2445 1102 2505 die

502 2488 534 2548 ia
550 2488 577 2548 er
610 2486 620 2546 o
648 2485 680 2545 du
719 2480 729 2540 —

898 2488 922 2548 ja
947 2491 1026 2551 erler
1045 2491 1056 2551 o
1075 2492 1117 2552 ihr

500 2539 596 2599 erden
620 2536 667 2596 von
692 2533 739 2593 dem

897 2537 1033 2597 erlerden
1058 2542 1105 2602 von
1135 2539 1177 2599 den

476 2601 559 2661 baba
644 2597 690 2657 der
710 2596 810 2656 Vater

903 2596 1034 2656 babaler
1107 2602 1159 2662 die
1181 2602 1278 2662 Väter

474 2648 628 2708 babanun
651 2643 699 2703 des
733 2641 743 2701 —

902 2642 1073 2702 babalerun
1113 2643 1163 2703 der

473 2692 595 2752 babaie
637 2696 690 2756 dem
738 2687 753 2747 —

901 2688 1088 2748 babaleré,
1106 2694 1158 2754 den
1199 2691 1211 2751 —

305 2724 380 2784 Die
398 2720 447 2780 2te

896 2734 1050 2794 babaleri
1104 2742 1155 2802 die

478 2739 592 2799 babaii
629 2742 681 2802 den
728 2739 738 2799 —

894 2781 926 2841 ja
942 2784 1070 2844 babaler
1098 2788 1113 2848 o
1124 2788 1177 2848 ihr
1199 2784 1209 2844 —

476 2787 504 2847 ia
523 2787 598 2847 baba
634 2788 645 2848 o
663 2790 692 2850 du
727 2787 738 2847 —

883 2832 1075 2892 babalerden
1100 2838 1129 2898 v.
1142 2838 1171 2898 d.
1190 2833 1201 2893 —

473 2838 615 2898 babaden
645 2838 667 2898 v.
679 2837 707 2897 d.
724 2835 729 2895 —

1313 374 1386 434 Sie
1417 374 1540 434 machen
1584 377 1633 437 die
1665 375 2171 435 Vergleichungsstuffen
2215 377 2300 437 meh¬

1313 420 1468 480 rentheils
1496 422 1578 482 durch
1607 425 1800 485 Beywörter
1835 422 2039 482 (Adjectiva)
2068 424 2128 484 und
2157 425 2212 485 das
2245 427 2300 487 da¬

1310 467 1368 527 von
1405 468 1537 528 regierte
1564 470 1663 530 Wort
1690 471 1785 531 stehet
1812 470 1943 530 vorher.
1991 470 2069 530 Das
2102 471 2296 531 Partici¬

1311 518 1410 578 pium
1449 515 1532 575 giebt
1554 515 1592 575 ein
1620 518 1753 578 wirkend
1781 519 1991 579 Nennwort,
2008 518 2057 578 der
2080 518 2295 578 Insinitif

1310 563 1421 623 drückt
1437 563 1485 623 die
1501 563 1670 623 Handlung
1697 566 1766 626 oder
1793 569 1898 629 Sache
1920 568 1999 628 aus.
2042 566 2290 626 Dschiamid

304 610 438 670 graphie
459 610 514 670 und
544 611 754 671 Aussprache,
785 615 824 675 2)
845 613 890 673 die
910 613 1025 673 Nenn=
1046 612 1100 672 und
1126 610 1281 670 Fürwör=
1317 610 1357 670 ist
1387 612 1442 672 das
1472 610 1733 670 Stammwort,
1768 613 1978 673 Muchtack
2009 612 2064 672 das
2099 611 2294 671 abgeleitete.

1315 658 1390 718 Den
1418 658 1521 718 Besitz
1543 658 1591 718 der
1619 658 1727 718 Sache
1749 660 1873 720 drücken
1900 661 1938 721 sie
1960 661 2019 721 mit
2052 660 2100 720 dem
2139 661 2247 721 Zusatz
2264 661 2285 721 lü

1310 706 1389 766 oder
1411 706 1500 766 lian.
1522 706 1595 766 Vom
1633 706 1828 766 Adjectiv
1855 707 1987 767 entsteht
2009 708 2061 768 das
2088 709 2299 769 Substan¬

1310 754 1373 814 tif
1400 753 1485 813 durch
1517 754 1569 814 den
1602 754 1712 814 Zusatz
1735 754 1803 814 lyk.
1861 751 1935 811 Die
1962 757 2301 817 Verkleinerun¬

1315 801 1383 861 gen
1415 801 1536 861 machen
1569 801 1616 861 sich
1649 801 1701 861 bey
1733 801 1918 861 Substant.
1940 801 1997 861 mit
2019 804 2188 864 dschick,
2220 804 2294 864 oder

1305 849 1465 909 tschick.
1529 846 1603 906 Bey
1631 846 1683 906 den
1721 849 1902 909 Adjectiven
1939 849 1998 909 mit
2020 849 2153 909 dsche,
2180 850 2280 910 tsche

1316 894 1488 954 dscheck,
1506 894 1655 954 tschick.
1708 893 1759 953 Es
1794 896 1851 956 sind
1887 894 1949 954 vier
1979 897 2070 957 Arten
2100 894 2295 954 Fürwör¬

1313 942 1401 1002 ter;
1431 942 1478 1002 die
1496 941 1696 1001 persönlichen
1733 942 1820 1002 sind:
1857 941 1945 1001 ben,
1963 945 2033 1005 ich,
2057 945 2133 1005 sen,
2158 947 2222 1007 du,
2246 945 2293 1005 ol,

1321 990 1378 1050 er,
1402 987 1476 1047 biz,
1500 989 1586 1049 wir,
1610 987 1667 1047 siz,
1691 989 1766 1049 ihr,
1789 987 1898 1047 anlar,
1923 991 1980 1051 sie.
2038 990 2119 1050 Das
2148 990 2298 1050 Demon-

1322 1030 1502 1090 strativum,
1523 1031 1607 1091 bou,
1634 1031 1756 1091 dieser,
1777 1033 1930 1093 bounlar,
1952 1039 2063 1099 diese,
2085 1037 2143 1097 von
2180 1039 2296 1099 vielen.

1326 1076 1397 1136 Das
1426 1076 1630 1136 Relativum,
1653 1076 1685 1136 ki
1708 1076 1774 1136 oder
1796 1079 1885 1139 kim,
1913 1087 2073 1147 welcher,
2107 1085 2140 1145 ist
2168 1085 2300 1145 indecli=

1322 1121 1440 1181 nabel;
1461 1121 1558 1181 kim,
1585 1123 1672 1183 wenn
1698 1124 1729 1184 es
1755 1124 1863 1184 frägt,
1884 1128 1961 1188 wird
1987 1130 2152 1190 gebogen,
2173 1130 2229 1190 wie
2250 1130 2286 1190 né

1317 1165 1417 1225 was?
1443 1166 1524 1226 Das
1550 1166 1701 1226 Fürwort
1722 1169 1802 1229 kein
1834 1170 2021 1230 (personne)
2047 1178 2137 1238 geben
2173 1178 2208 1238 sie
2239 1177 2299 1237 mit

1323 1210 1419 1270 kimse
1447 1210 1517 1270 oder
1539 1210 1587 1270 bir
1609 1210 1705 1270 kimse
1733 1213 1781 1273 bey
1809 1213 1856 1273 dem
1889 1216 2056 1276 Zeitwort.
2078 1222 2148 1282 Her
2170 1225 2202 1285 ist
2224 1227 2293 1287 alle,

1321 1258 1374 1318 her
1395 1258 1443 1318 bir
1468 1258 1507 1318 ein
1537 1258 1634 1318 jeder.
1679 1259 1821 1319 Benum,
1836 1258 1943 1318 senun,
1968 1262 2066 1322 anun,
2091 1267 2193 1327 mein,
2209 1270 2296 1330 dein,

1322 1309 1403 1369 sein.
1447 1309 1684 1369 Gemeiniglich
1712 1309 1782 1369 aber
1804 1309 1868 1369 setzt
1890 1309 1955 1369 man
1982 1312 2052 1372 statt
2074 1312 2122 1372 der
2150 1315 2301 1375 Possessi¬

1323 1360 1420 1420 vorum
1458 1360 1512 1420 das
1534 1360 1723 1420 Nennwort
1740 1360 1799 1420 mit
1817 1360 1951 1420 gewissen
1974 1363 2206 1423 Endigungen,
2218 1366 2244 1426 z.
2256 1365 2298 1425 E.

1320 1407 1462 1467 babam,
1484 1407 1589 1467 mein
1617 1410 1775 1470 Vater,
1797 1407 1929 1467 baban,
1951 1410 2040 1470 dein
2072 1411 2220 1471 Vater,
2242 1406 2294 1466 ba¬

1320 1455 1406 1515 basi,
1439 1455 1519 1515 sein
1559 1458 1720 1518 Vater,
1753 1458 1829 1518 (wie
1856 1458 1904 1518 die
1932 1461 2116 1521 Suffixa
2149 1461 2197 1521 der
2224 1459 2283 1519 He

1316 1503 1476 1563 bräer.)
1527 1500 1598 1560 Die
1621 1505 1743 1565 Türken
1777 1506 1881 1566 zählen
1921 1506 1976 1566 mit
2004 1506 2087 1566 ihrem
2133 1506 2298 1566 Alphabet

1317 1551 1389 1611 oder
1410 1551 1472 1611 mit
1494 1551 1603 1611 Zahlen
1639 1552 1696 1612 und
1722 1554 1847 1614 Namen
1873 1552 1904 1612 z.
1926 1553 1966 1613 E.
1988 1552 2055 1612 bir,
2082 1554 2148 1614 iki,
2181 1554 2299 1614 utsche,

1316 1599 1430 1659 deurt,
1455 1599 1594 1659 besche,
1613 1596 1699 1656 alty,
1729 1599 1819 1659 iedi,
1849 1599 1959 1659 sekiz,
1988 1600 2127 1660 dokutz,
2161 1602 2199 1662 on
2233 1602 2285 1662 von

1321 1640 1427 1700 1=10.
1479 1640 1549 1700 Sie
1573 1640 1652 1700 setzen
1685 1640 1736 1700 das
1765 1640 1797 1700 on
1825 1641 1876 1701 von
1909 1643 2003 1703 vorne
2027 1646 2073 1706 bis
2106 1646 2143 1706 20
2176 1649 2292 1709 wieder

1319 1685 1520 1745 zusammen,
1535 1685 1549 1745 u
1584 1685 1608 1745 s.
1628 1685 1653 1745 f.
1698 1682 1751 1742 luz
1781 1683 1815 1743 ist
1835 1687 1923 1747 100,
1948 1685 1997 1745 iki
2012 1687 2061 1747 inz
2086 1688 2139 1748 200
2179 1694 2213 1754 u.
2228 1695 2252 1755 s.
2273 1695 2296 1755 f.

1321 1727 1368 1787 bin
1402 1727 1507 1787 1000.
1561 1724 1628 1784 Die
1647 1730 1848 1790 Zahlwörter
1878 1730 1973 1790 stehen
2012 1730 2065 1790 vor
2094 1731 2141 1791 dem
2186 1736 2300 1796 Nenn¬

1320 1774 1407 1834 wort
1424 1776 1635 1836 ungebogen,
1667 1778 1714 1838 die
1745 1778 1905 1838 Ordinale
1932 1781 2066 1841 kommen
2102 1781 2159 1841 von
2196 1787 2289 1847 diesen

1321 1823 1383 1883 mit
1401 1825 1451 1885 dem
1491 1828 1620 1888 Anhang
1650 1825 1785 1885 indschi,
1802 1828 1830 1888 3.
1853 1828 1892 1888 E.
1915 1828 2107 1888 birkindschi
2136 1832 2181 1892 der
2209 1835 2293 1895 erste,

1321 1875 1495 1935 onindschi
1518 1875 1572 1935 der
1600 1876 1725 1936 zehnte.

1366 1925 1436 1985 Der
1469 1930 1560 1990 deitte
1594 1930 1756 1990 Abschnitt
1794 1932 1924 1992 handelt
1958 1929 2017 1989 vom
2066 1930 2293 1990 Zeitwort.

1320 1976 1388 2036 Die
1421 1978 1542 2038 Türken
1580 1978 1675 2038 haben
1707 1978 1845 2038 vielerley
1872 1978 1993 2038 Arten;
2031 1977 2073 2037 ein
2105 1978 2301 2038 Substanti¬

1321 2024 1422 2084 vum,
1450 2024 1514 2084 im,
1536 2024 1573 2084 ich
1601 2024 1681 2084 bin,
1704 2024 1778 2084 syn,
1806 2025 1838 2085 du
1865 2025 1946 2085 bist,
1968 2024 2043 2084 dür,
2065 2023 2118 2083 iz,
2140 2023 2204 2083 siz,
2221 2023 2291 2083 dür-

1317 2070 1389 2130 ler,
1410 2070 1518 2130 wovon
1550 2070 1596 2130 die
1617 2070 1782 2130 Endsilben
1813 2073 1875 2133 auch
1901 2073 1927 2133 in
1953 2073 2004 2133 den
2036 2073 2149 2133 andern
2175 2073 2299 2133 Zeitab=

1323 2121 1501 2181 theilungen
1535 2118 1763 2178 mehrentheils
1796 2120 2029 2180 vorkommen,
2057 2121 2083 2181 im
2128 2124 2290 2184 Infinitiv

1321 2165 1423 2225 olmak
1462 2163 1558 2223 seyn;
1597 2163 1650 2223 das
1684 2163 1873 2223 Negativum
1917 2167 1954 2227 ist
1977 2167 2068 2227 deiül
2090 2169 2117 2229 im
2161 2171 2203 2231 ich
2236 2171 2284 2231 bin

1321 2214 1407 2274 nicht
1425 2212 1459 2272 u.
1477 2211 1500 2271 s.
1518 2211 1563 2271 f.;
1593 2209 1644 2269 das
1674 2208 1899 2268 Jmpersonale
1923 2211 2067 2271 wardür,
2091 2214 2113 2274 so
2149 2216 2212 2276 viel
2241 2217 2287 2277 als

1320 2258 1352 2318 es
1374 2259 1438 2319 ist,
1461 2258 1498 2318 es
1520 2252 1660 2312 giebt.
1720 2258 1768 2318 In
1796 2258 1909 2318 andern
1932 2255 1996 2315 Zeit
2018 2258 2094 2318 wird
2116 2258 2164 2318 die
2181 2261 2293 2321 leiden¬

1318 2309 1355 2369 de
1377 2306 1452 2366 Art,
1469 2303 1511 2363 die
1534 2300 1760 2360 Verneinung,
1783 2306 1826 2366 die
1848 2303 2086 2363 Reciprocation
2113 2306 2172 2366 und
2194 2309 2291 2369 dergl.

1321 2357 1406 2417 durch
1429 2351 1547 2411 Silben
1574 2351 1725 2411 gemacht,
1736 2354 1779 2414 die
1801 2354 1828 2414 zu
1855 2354 1903 2414 der
1925 2351 2054 2411 thätigen
2077 2354 2135 2414 Art
2152 2354 2276 2414 (Activ.

1321 2402 1377 2462 vor
1412 2399 1462 2459 der
1497 2396 1592 2456 letzten
1632 2398 1739 2458 Silbe
1774 2401 1983 2461 eingeschoben
2023 2399 2169 2459 werden,
2192 2403 2220 2463 z.
2249 2407 2293 2467 E.

1311 2446 1487 2506 sewmeck,
1509 2443 1679 2503 lieben,
1696 2446 1894 2506 sewilmeck,
1916 2446 2087 2506 geliebt
2109 2449 2295 2509 werden,

1315 2493 1537 2553 sewmemeck,
1559 2491 1662 2551 nicht
1689 2494 1850 2554 lieben,
1871 2491 2104 2551 sewdurmeck,
2126 2498 2281 2558 machen

1314 2543 1388 2603 daß
1423 2539 1510 2599 man
1539 2536 1665 2596 liebt,
1678 2542 1885 2602 sewinmeck,
1904 2540 1961 2600 sich
1990 2545 2112 2605 selbst
2135 2548 2290 2608 lieben.

1317 2591 1415 2651 Diese
1436 2585 1554 2645 werden
1581 2586 1695 2646 wieder
1716 2590 1741 2650 in
1778 2590 1824 2650 den
1856 2590 2063 2650 Ableitungen
2100 2593 2151 2653 auf
2178 2596 2286 2656 gleiche

1318 2641 1378 2701 Art
1401 2632 1698 2692 zusammengesetzt,
1715 2638 1742 2698 z.
1754 2638 1792 2698 E.
1809 2638 2002 2698 sewilmeck,
2019 2641 2272 2701 geliebtwer

1311 2688 1405 2748 den,
1417 2676 1661 2736 sewilmemeck,
1678 2688 1783 2748 nicht
1801 2685 1961 2745 geliebt
1984 2688 2139 2748 werden
2173 2688 2206 2748 u.
2223 2688 2250 2748 s.
2262 2686 2289 2746 f.

1311 2733 1363 2793 me
1390 2730 1458 2790 oder
1480 2724 1527 2784 ma
1549 2727 1649 2787 drückt
1670 2733 1717 2793 die
1739 2733 2024 2793 Verneinung
2057 2736 2135 2796 aus.
2184 2733 2289 2793 Statt

1317 2781 1364 2841 des
1391 2772 1623 2832 Impersonals
1651 2781 1735 2841 man
1762 2781 1910 2841 brauchen
1942 2781 1979 2841 sie
2006 2781 2053 2841 die
2085 2778 2180 2838 dritte
2207 2776 2291 2836 Per¬

1308 2832 1354 2892 son
1383 2828 1435 2888 des
1459 2823 1610 2883 Pluralis
1645 2831 1668 2891 im
1709 2832 1796 2892 Activ
1826 2832 1895 2892 oder
1925 2832 1976 2892 des
2006 2829 2209 2889 Singularis
2239 2826 2267 2886 im

2159 2874 2279 2934 Passio
