2479 3508
290 321 453 381 reichern,
488 315 543 375 und
567 312 695 372 würden
724 312 786 372 uns
809 312 853 372 für
882 309 926 369 die
950 308 1191 368 Geheimnisse,
1220 308 1270 368 die

293 369 352 429 wir
372 366 460 426 ihnen
495 360 702 420 mitgetheilt,
717 360 810 420 nichts
840 357 1071 417 wiedergeben.

342 413 414 473 Der
440 407 740 467 Nationalhandel,
762 405 792 465 so
819 404 1051 464 eingeschränkt
1073 401 1145 461 oder
1167 401 1285 461 ausge¬

297 460 410 520 breitet
432 457 457 517 er
483 457 550 517 auch
582 452 643 512 seyn
670 455 757 515 mag,
773 455 809 515 ist
830 454 855 514 zu
887 454 959 514 allen
991 450 1088 510 Zeiten
1115 449 1280 509 nothwen¬

301 507 349 567 dig
376 503 527 563 gewesen.
566 498 608 558 Er
631 499 668 559 ist
690 500 738 560 das
766 500 863 560 Band
890 497 938 557 der
955 496 1171 556 Gesellschaft.
1204 494 1274 554 Der

307 554 441 614 Mensch
463 551 538 611 kann
566 550 608 610 sich
636 550 716 610 nicht
738 549 824 609 allein
851 548 910 608 mit
927 548 1002 608 allem
1040 545 1223 605 versorgen,
1245 544 1277 604 er
1315 540 1460 600 verloren
1488 539 1574 599 geht.

310 603 438 663 braucht
460 601 539 661 einen
566 598 811 658 gegenseitigen.
822 592 997 652 Beystand.

896 640 1038 700 Alterius
1078 636 1112 696 sic

357 694 462 754 Altera
493 694 594 754 poscit
620 691 700 751 opem
746 688 816 748 res,
843 688 872 748 et
898 688 1049 748 conjurat
1075 685 1196 745 amicè.

306 744 391 804 Was
417 742 523 802 wurde
539 742 594 802 aus
620 739 670 799 der
685 736 863 796 Harmonie
884 736 1025 796 werden,
1041 733 1080 793 die
1096 733 1116 793 in
1142 730 1187 790 der
1203 727 1288 787 Welt

313 791 467 851 herrscht,
498 787 585 847 wenn
622 784 678 844 wir
704 784 760 844 von
797 784 946 844 einander
972 783 1178 843 unabhängig
1214 780 1275 840 seyr

311 837 474 897 könnten?
502 837 550 897 Je
572 834 686 894 größer
709 831 757 891 der
779 831 1062 891 Nationalhandel
1085 828 1133 888 ist,
1145 825 1221 885 desto
1249 825 1297 885 ge¬

313 885 413 945 nauer
435 885 551 945 werden
578 880 625 940 die
647 879 779 939 Bürger
801 879 954 939 vereinigt
975 876 1060 936 seyn.
1087 873 1155 933 Die
1177 871 1293 931 Macht

317 933 403 993 eines
425 933 538 993 Reichs
566 930 663 990 hängt
685 927 739 987 von
772 924 863 984 seiner
886 924 1059 984 Handlung
1086 921 1140 981 ab,
1163 918 1238 978 weil
1255 918 1286 978 es

319 980 399 1040 seine
416 976 529 1036 Kräfte
551 975 605 1035 von
633 975 680 1035 der
697 972 822 1032 Anzahl
844 969 935 1029 seiner
952 969 1146 1029 Einwohner
1168 966 1297 1026 schöpft.

323 1023 367 1083 Es
392 1022 426 1082 ist
446 1021 563 1081 gewiß,
589 1019 672 1079 wenn
702 1016 957 1076 Manufacturen
983 1013 1139 1073 errichtet,
1165 1010 1223 1070 und
1253 1007 1297 1067 die

317 1068 538 1128 mechanischen
563 1061 681 1121 Küͤnste
701 1061 947 1121 vervielfältiget
972 1058 1109 1118 werden,
1124 1057 1148 1117 so
1169 1055 1227 1115 hat
1248 1054 1286 1114 ein

321 1117 401 1177 Land
432 1113 512 1173 zwey
532 1112 668 1172 Quellen
699 1106 749 1166 zur
769 1106 1016 1166 Bevölkerung,
1042 1103 1112 1163 denn
1142 1100 1238 1160 nichts
1263 1100 1298 1160 ist

318 1164 369 1224 der
391 1160 619 1220 Vermehrung
651 1157 702 1217 des
734 1152 946 1212 menschlichen
978 1148 1175 1208 Geschlechts
1207 1145 1295 1205 mehr

321 1213 491 1273 entgegen,
508 1208 554 1268 als
575 1207 631 1267 das
658 1201 777 1261 Elend.
829 1201 912 1261 Man
944 1198 995 1258 hat
1011 1197 1093 1257 schon
1125 1196 1218 1256 lange
1244 1192 1301 1252 an¬

327 1261 483 1321 gemerkt,
494 1256 548 1316 daß
575 1255 618 1315 die
635 1252 764 1312 Weiber
787 1252 808 1312 in
835 1249 937 1309 armen
960 1247 1143 1307 Provinzen
1171 1242 1251 1302 nicht
1268 1240 1294 1300 so

329 1309 483 1369 fruchtbar
505 1309 581 1369 sind,
603 1306 649 1366 als
671 1305 696 1365 in
727 1303 840 1363 denen,
857 1300 902 1360 wo
924 1302 964 1362 ein
992 1297 1167 1357 ziemlicher
1188 1292 1306 1352 Ueber¬

331 1358 385 1418 fluß
417 1357 465 1417 ist.

370 1402 475 1462 Wenn
508 1402 571 1462 man
598 1399 645 1459 die
662 1397 825 1457 Vortheile
853 1397 905 1457 von
938 1396 985 1456 der
1002 1393 1229 1453 Verbesserung
1251 1390 1298 1450 des

330 1450 629 1510 Nationalhandels
661 1445 825 1505 beweiset,
852 1443 882 1503 so
909 1443 1043 1503 scheinet
1069 1441 1135 1501 man
1162 1437 1229 1497 auch
1260 1435 1301 1495 die

332 1498 618 1558 Nothwendigkeit
644 1494 694 1554 des
724 1492 860 1552 fremden
896 1489 1041 1549 Handels
1073 1487 1102 1547 zu
1138 1484 1303 1544 beweisen,

334 1547 405 1607 weil
427 1545 452 1605 es
478 1543 586 1603 schwer
607 1542 658 1602 ist,
684 1539 735 1599 daß
767 1539 807 1599 ein
834 1539 910 1599 Land
937 1536 1008 1596 alles
1035 1533 1127 1593 selber
1148 1533 1291 1593 brauchen

330 1595 427 1655 kann,
443 1593 525 1653 wenn
557 1588 583 1648 es
609 1589 696 1649 mehr
717 1586 857 1646 Waaren
888 1583 1131 1643 hervorbringt,
1152 1578 1198 1638 als
1224 1575 1301 1635 seine

329 1637 535 1697 Bedürfnisse
556 1634 717 1694 erfodern.
778 1628 934 1688 Indessen
965 1625 1040 1685 habe
1060 1622 1095 1682 ich
1121 1619 1236 1679 vorher
1257 1616 1307 1676 ge¬

334 1684 425 1744 zeigt,
440 1681 493 1741 daß
522 1679 584 1739 man
614 1676 661 1736 des
686 1674 821 1734 fremden
845 1670 985 1730 Handels
1004 1664 1163 1724 entbehren
1188 1661 1312 1721 könnte,

337 1727 393 1787 und
420 1724 482 1784 viel
503 1721 678 1781 glücklicher
705 1717 767 1777 seyn
788 1713 912 1773 würde.
959 1709 1062 1769 Diese
1079 1706 1249 1766 Wahrheit
1265 1703 1316 1763 ste¬

338 1772 393 1832 her
415 1772 437 1832 zu
471 1769 537 1829 fest,
549 1768 592 1828 als
621 1763 670 1823 daß
698 1763 731 1823 sie
748 1762 847 1822 meine
864 1757 1036 1817 Meynung
1053 1754 1163 1814 andern
1186 1751 1313 1811 könnte.

341 1815 440 1875 Wenn
474 1817 529 1877 wir
552 1814 634 1874 nicht
651 1811 740 1871 unsre
762 1808 851 1868 Liebe
873 1808 923 1868 zum
962 1805 1133 1865 Aufwande
1150 1802 1233 1862 durch
1256 1799 1300 1859 den

338 1869 431 1929 Kauf
454 1867 586 1927 fremder
608 1863 773 1923 Waaren,
802 1858 845 1918 die
868 1858 933 1918 man
967 1858 1022 1918 uns
1050 1852 1099 1912 vom
1138 1851 1226 1911 Ende
1254 1849 1303 1909 der

338 1916 429 1976 Welt
446 1917 570 1977 bringt,
592 1912 782 1972 befriedigen
809 1909 934 1969 wollen,
961 1907 983 1967 so
1011 1903 1134 1963 würden
1163 1900 1221 1960 wir
1244 1899 1302 1959 uns

341 1966 448 2026 Mühe
470 1963 600 2023 gegeben
628 1960 758 2020 haben,
780 1957 801 2017 in
829 1957 937 2017 unserm
975 1954 1078 2014 eignen
1111 1949 1208 2009 Lande
1230 1948 1305 2008 alles

338 2016 391 2076 das
419 2016 445 2076 zu
473 2011 630 2071 erfinden,
646 2008 711 2068 was
738 2005 797 2065 uns
820 2005 846 2065 in
874 2002 971 2062 dieser
988 1999 1106 2059 Absicht
1129 1998 1209 2058 hätte
1226 1996 1301 2056 gnug

337 2064 412 2124 thun
440 2061 576 2121 können.
603 2055 728 2115 Anstatt
750 2052 886 2112 persische
909 2050 968 2110 und
990 2046 1180 2106 indianische
1203 2042 1310 2102 Stoffe

335 2114 365 2174 zu
392 2107 516 2167 tragen,
532 2103 656 2163 würden
688 2100 745 2160 wir
766 2097 874 2157 unsrer
896 2097 1005 2157 eignen
1031 2094 1088 2154 uns
1114 2091 1238 2151 bedient
1260 2087 1311 2147 ha¬

332 2157 414 2217 ben;
441 2154 477 2214 sie
498 2151 622 2211 würden
654 2149 680 2209 in
712 2148 794 2208 einem
842 2145 909 2205 viel
930 2142 1091 2202 mäßigern
1118 2139 1231 2199 Preise
1263 2136 1309 2196 ge¬

342 2203 434 2263 wesen
461 2199 548 2259 seyn.
595 2196 672 2256 Das
698 2192 873 2252 japanische
894 2191 1070 2251 Porcellain
1106 2185 1214 2245 würde
1246 2184 1302 2244 uns

339 2246 521 2306 unbekannt
541 2237 689 2297 geblieben
719 2236 807 2296 seyn,
817 2237 881 2297 man
906 2237 1009 2297 würde
1029 2237 1083 2297 auf
1098 2231 1309 2291 einheimische

342 2291 558 2351 Erfindungen
585 2282 723 2342 gedacht,
745 2282 801 2342 und
827 2284 899 2344 diese
920 2285 1064 2345 verkauft
1085 2281 1198 2341 haben.
1235 2276 1306 2336 Der

341 2339 518 2399 natürliche
540 2331 621 2391 Fleiß
648 2328 697 2388 der
725 2330 886 2390 Menschen
914 2332 1021 2392 wuͤrde
1044 2332 1097 2392 uns
1125 2329 1183 2389 alle
1200 2324 1243 2384 die
1260 2324 1318 2384 Er¬

343 2387 508 2447 findungen
540 2376 722 2436 eingegeben
754 2377 877 2437 haben,
904 2381 1015 2441 welche
1043 2378 1096 2438 wir
1123 2375 1171 2435 der
1193 2373 1304 2433 andern

341 2438 456 2498 Hälfte
479 2435 522 2495 der
551 2426 711 2486 Erdkugel
728 2421 855 2481 schuldig
878 2428 954 2488 sind,
971 2426 1026 2486 und
1049 2425 1148 2485 hätten
1176 2421 1231 2481 wir
1248 2420 1303 2480 uns

343 2487 423 2547 nicht
445 2485 471 2545 an
505 2481 552 2541 den
580 2473 710 2533 Werken
737 2467 850 2527 andrer
872 2473 990 2533 gnügen
1018 2473 1131 2533 laßen,
1153 2470 1174 2530 so
1202 2468 1309 2528 würde

342 2531 386 2591 die
415 2530 573 2590 Begierde
597 2524 653 2584 alle
676 2516 766 2576 unsre
789 2515 959 2575 Phantasie
982 2521 1010 2581 zu
1033 2518 1242 2578 befriedigen,
1265 2515 1310 2575 die

334 2578 482 2638 Künstler
509 2575 579 2635 stets
599 2571 656 2631 mit
677 2565 773 2625 etwas
800 2560 889 2620 neuen
922 2564 1096 2624 beschäftigt
1116 2563 1232 2623 haben.

383 2626 485 2686 Wenn
513 2623 583 2683 man
611 2617 741 2677 glauben
769 2608 865 2668 sollte,
882 2607 936 2667 daß
964 2609 1001 2669 ein
1029 2611 1110 2671 Land
1138 2611 1224 2671 mehr
1246 2610 1310 2670 her¬

332 2673 542 2733 vorbringen,
560 2667 605 2727 als
634 2664 662 2724 es
686 2662 817 2722 verthun
846 2655 976 2715 könnte,
983 2655 1005 2715 so
1028 2658 1137 2718 müßte
1154 2657 1216 2717 man
1246 2655 1313 2715 vor¬

335 2721 505 2781 aussetzen,
521 2715 568 2775 daß
601 2713 637 2773 ein
671 2712 766 2772 Theil
782 2707 840 2767 auf
862 2703 909 2763 dem
947 2704 1112 2764 Erdboden
1139 2705 1239 2765 wäre,
1256 2703 1303 2763 der

335 2772 414 2832 seine
432 2766 624 2826 Einwohner
647 2763 726 2823 nicht
744 2756 913 2816 ernaͤhren,
931 2753 981 2813 und
1005 2754 1197 2814 unterhalten
1220 2754 1310 2814 koͤnn¬

1310 306 1366 366 te:
1398 303 1472 363 denn
1504 303 1585 363 wenn
1617 306 1680 366 eine
1706 304 1768 364 jede
1787 303 1906 363 Nation
1938 300 1982 360 die
2008 303 2295 363 Nothwendigkei=

1313 351 1352 411 ten
1383 350 1443 410 und
1469 351 1777 411 Bequemlichkeiten
1808 351 1828 411 in
1859 348 1939 408 ihrem
1980 345 2081 405 Lande
2107 347 2223 407 findet,
2248 354 2293 414 wo

1314 401 1370 461 soll
1391 397 1437 457 der
1458 395 1623 455 Ueberfluß
1655 398 1804 458 bleiben,
1831 398 1877 458 der
1903 396 1929 456 in
1960 392 2130 452 derjenigen
2157 395 2291 455 Gegend

1313 449 1365 509 ist,
1387 443 1439 503 von
1472 443 1598 503 welcher
1620 443 1677 503 wir
1699 446 1894 506 annehmen,
1916 443 1962 503 daß
1995 441 2026 501 sie
2053 440 2110 500 viel
2132 443 2216 503 mehr
2233 446 2301 506 her¬

1315 491 1503 551 vorbringt,
1521 491 1564 551 als
1582 491 1620 551 sie
1637 494 1781 554 verthut?
1815 494 1858 554 Es
1881 494 1920 554 ist
1937 491 2114 551 unstreitig,
2132 491 2175 551 daß
2198 491 2292 551 nichts

1367 586 1449 646 Man
1478 586 1554 646 wird
1577 586 1637 646 mir
1660 586 1815 646 vielleicht
1832 588 1942 648 sagen,
1971 588 2020 648 daß
2049 586 2076 646 es
2104 586 2197 646 gewiß
2226 585 2303 645 Län¬

1319 637 1368 697 der
1391 634 1478 694 gebe,
1501 635 1544 695 die
1567 633 1633 693 ihre
1655 634 1826 694 Nachbarn
1854 634 1931 694 nicht
1954 633 2113 693 entbehren
2146 634 2295 694 könnten.

1324 683 1378 743 Jch
1404 682 1561 742 antworte
1582 682 1723 742 darauf,
1749 682 1830 742 wenn
1861 682 1926 742 man
1957 682 2007 742 zum
2043 682 2190 742 Beweise
2211 683 2296 743 einen

1321 730 1418 790 Raum
1450 730 1501 790 von
1528 727 1558 787 30
1585 730 1703 790 Meilen
1724 730 1879 790 anfuͤhren
1900 730 1983 790 will,
1994 730 2014 790 so
2030 730 2081 790 hat
2097 730 2159 790 man
2185 730 2303 790 Recht;

1322 778 1380 838 und
1408 777 1445 837 ich
1473 775 1538 835 setze
1560 775 1678 835 hinzu,
1705 776 1786 836 wenn
1814 777 1851 837 ich
1879 778 1971 838 sage,
1993 776 2046 836 daß
2074 777 2117 837 ein
2145 778 2219 838 Land
2247 778 2290 838 sich

1327 825 1411 885 selbst
1432 824 1527 884 genug
1560 822 1628 882 sey,
1650 822 1676 882 so
1703 822 1771 882 muß
1803 822 1866 882 man
1899 822 2084 882 wenigstens
2116 822 2179 882 eine
2206 825 2301 885 ganze

1327 873 1445 933 Nation
1476 870 1625 930 darunter
1647 870 1822 930 verstehen.
1858 870 2033 930 Spanien,
2044 869 2121 929 wird
2147 869 2213 929 man
2240 870 2296 930 mir

1327 918 1516 978 einwerfen,
1532 915 1645 975 besteht
1666 915 1747 975 durch
1779 913 1912 973 fremden
1934 915 2113 975 Beystand.
2139 917 2287 977 Spanien

1330 963 1399 1023 aber
1420 963 1455 1023 ist
1481 963 1521 1023 ein
1547 960 1682 1020 Beweis
1708 960 1778 1020 aller
1804 957 1849 1017 der
1875 960 1991 1020 Uebel,
2016 963 2126 1023 welche
2147 965 2192 1025 der
2218 966 2308 1026 Han¬

1331 1010 1380 1070 del
1403 1005 1475 1065 über
1497 1007 1552 1067 das
1581 1007 1680 1067 Meer
1703 1004 1968 1064 hervorgebracht
1985 1007 2057 1067 hat.
2080 1009 2195 1069 Dieses
2224 1013 2301 1073 Volk

1329 1052 1475 1112 bewohnt
1497 1052 1562 1112 eins
1585 1052 1633 1112 der
1655 1049 1796 1109 reichsten
1824 1049 1943 1109 Länder
1966 1049 1987 1109 in
2015 1051 2063 1111 der
2080 1053 2188 1113 Welt;
2210 1058 2296 1118 allein

1332 1100 1398 1160 voll
1414 1097 1589 1157 Zuversicht
1610 1097 1666 1157 auf
1688 1097 1780 1157 seinen
1817 1097 2136 1157 mexicanischen
2162 1103 2306 1163 Handel,

1327 1147 1438 1207 kriecht
1460 1144 1486 1204 es
1513 1143 1539 1203 in
1566 1144 1650 1204 einer
1672 1142 1830 1202 Trägheit
1847 1145 1905 1205 und
1927 1147 2080 1207 Faulheit
2102 1146 2213 1206 dahin,
2234 1151 2308 1211 wel¬

1332 1196 1375 1256 che
1397 1193 1445 1253 der
1473 1193 1679 1253 Menschheit
1696 1193 1760 1253 eine
1783 1193 1934 1253 Schande
1957 1193 2005 1253 ist.
2059 1193 2168 1253 Stotz
2185 1196 2238 1256 auf
2260 1196 2303 1256 die

1331 1243 1460 1303 goldnen
1488 1240 1639 1300 Mienen,
1657 1239 1705 1299 die
1727 1240 1753 1300 es
1781 1240 1841 1300 mit
1858 1240 1884 1300 so
1906 1241 1971 1301 viel
1982 1240 2248 1300 Ungerechtigkeit
2265 1243 2302 1303 als

1334 1292 1561 1352 Grausamkeit
1583 1288 1705 1348 erobert
1726 1288 1794 1348 hat,
1822 1291 1922 1351 macht
1938 1291 1969 1351 es
1997 1288 2017 1348 so
2044 1288 2107 1348 viel
2129 1291 2298 1351 Millionen

1338 1342 1499 1402 Menschen
1527 1339 1732 1399 unglücklich,
1760 1339 1802 1399 die
1825 1339 1852 1399 es
1879 1339 2014 1399 zwingt,
2036 1339 2079 1399 die
2101 1340 2306 1400 Eingeweide

1334 1391 1381 1451 der
1408 1390 1487 1450 Erde
1514 1387 1540 1447 zu
1567 1389 1810 1449 durchwühlen,
1833 1387 1985 1447 indessen,
2007 1387 2060 1447 daß
2087 1387 2112 1447 es
2145 1387 2192 1447 die
2209 1390 2314 1450 Ober¬

1340 1436 1427 1496 fläche
1448 1435 1629 1495 anzubauen
1655 1437 1908 1497 vernachläßigt.
1935 1431 2001 1491 Die
2023 1434 2312 1494 Nothwendigkeit

1334 1483 1395 1543 und
1416 1482 1664 1542 Zulänglichkeit
1680 1485 1726 1545 des
1747 1482 2048 1542 Nationalhandels
2074 1482 2145 1542 wird
2172 1482 2213 1542 sich
2239 1484 2301 1544 noch

1337 1533 1398 1593 viel
1419 1530 1528 1590 stärker
1554 1532 1750 1592 bestätigen,
1777 1530 1859 1590 wenn
1896 1530 1936 1590 ich
1958 1530 2050 1590 sage,
2077 1529 2128 1589 daß
2155 1528 2190 1588 ich
2217 1530 2304 1590 durch

1336 1578 1388 1638 den
1417 1577 1698 1637 Nationalhandel
1718 1575 1894 1635 denjenigen
1933 1574 2090 1634 verstehe,
2110 1575 2238 1635 welchen
2272 1572 2310 1632 je¬

1338 1622 1387 1682 der
1410 1619 1433 1679 in
1465 1619 1546 1679 einem
1588 1618 1637 1678 von
1670 1616 1719 1676 den
1747 1619 1809 1679 vier
1829 1619 1955 1679 Theilen
1982 1619 2032 1679 der
2051 1618 2150 1678 Erde,
2169 1619 2250 1679 darin
2278 1616 2304 1676 er

1334 1661 1459 1721 geboren
1487 1658 1538 1718 ist,
1552 1658 1668 1718 treiben
1701 1658 1798 1718 kann.

1388 1703 1456 1763 Aus
1489 1704 1594 1764 allem,
1611 1703 1679 1763 was
1700 1703 1737 1763 ich
1759 1706 1864 1766 gesagt
1886 1706 1986 1766 habe,
2008 1708 2107 1768 folgt,
2135 1709 2187 1769 daß
2219 1712 2308 1772 unsre

1340 1751 1448 1811 eignen
1476 1751 1703 1811 Reichthümer
1720 1754 1746 1814 im
1785 1754 1914 1814 Stande
1937 1757 2066 1817 gewesen
2094 1757 2223 1817 waͤren,
2251 1762 2305 1822 uns

1340 1805 1480 1865 glücklich
1508 1802 1528 1862 zu
1557 1804 1707 1864 machen,
1729 1805 1810 1865 ohne
1833 1805 1875 1865 die
1897 1805 2119 1865 Reichthümer
2142 1805 2189 1865 der
2212 1805 2303 1865 neuen

1341 1852 1429 1912 Welt
1446 1853 1478 1913 zu
1501 1852 1622 1912 suchen.
1651 1852 1745 1912 Unser
1768 1852 1944 1912 Hochmuth
1973 1852 2045 1912 aber
2068 1855 2117 1915 hat
2140 1851 2189 1911 sich
2212 1852 2299 1912 daran

1340 1903 1425 1963 nicht
1445 1900 1602 1960 begnügen
1633 1900 1769 1960 können,
1779 1900 1835 1960 wir
1856 1900 1951 1960 haben
1977 1900 2022 1960 die
2048 1900 2194 1960 verbotne
2210 1900 2320 1960 Frucht

1346 1948 1493 2008 gekostet;
1521 1948 1584 2008 dies
1611 1946 1642 2006 ist
1664 1948 1711 2008 die
1727 1948 1844 2008 Quelle
1866 1948 1928 2008 sehr
1951 1948 2040 2008 vieler
2067 1948 2183 2008 Uebel;
2216 1948 2305 2008 allein

1345 1996 1404 2056 nun
1430 1996 1546 2056 koͤnnen
1571 1993 1631 2053 wir
1652 1996 1803 2056 derselben
1829 1996 1909 2056 nicht
1930 1998 2015 2058 mehr
2036 1996 2227 2056 entbehren.
2263 1993 2307 2053 Es

1344 2043 1467 2103 scheint,
1494 2041 1545 2101 daß
1572 2040 1628 2100 wir
1655 2043 1711 2103 uns
1743 2043 1768 2103 in
1810 2043 1856 2103 dem
1903 2043 2120 2103 erstaunenden
2147 2041 2322 2101 Umkreise,

1346 2090 1471 2150 welchen
1502 2088 1557 2148 wir
1577 2088 1798 2148 durchlaufen,
1814 2088 1879 2148 noch
1905 2090 1954 2150 für
1975 2093 2166 2153 eingesperrt
2192 2091 2317 2151 halten.

1343 2139 1428 2199 Man
1459 2136 1559 2196 macht
1580 2133 1645 2193 noch
1671 2133 1731 2193 alle
1752 2133 1837 2193 Tage
1858 2139 2049 2199 verschiedne
2070 2139 2241 2199 Versuche,
2262 2142 2297 2202 um

1344 2187 1368 2247 in
1398 2184 1476 2244 neue
1496 2181 1658 2241 Regionen
1688 2181 1928 2241 einzudringen.

1394 2229 1476 2289 Was
1507 2229 1584 2289 wird
1615 2226 1733 2286 daraus
1765 2229 1944 2289 entstehen!
1966 2229 2042 2289 ach!

2098 2226 2103 2286 —
2143 2230 2221 2290 neue
2251 2229 2320 2289 Be=

1346 2276 1529 2336 dürfnisse!

1397 2324 1470 2384 Wir
1494 2321 1606 2381 müssen
1629 2321 1679 2381 nun
1703 2324 1815 2384 jedem,
1833 2324 1884 2384 der
1907 2324 1934 2384 da
1958 2322 2036 2382 will,
2048 2321 2098 2381 das
2122 2322 2307 2382 Vergnügen

1345 2375 1455 2435 laßen,
1477 2370 1530 2430 das
1557 2366 1705 2426 Eismeer
1732 2372 1789 2432 und
1821 2372 1879 2432 alle
1901 2369 2012 2429 Meere
2034 2369 2065 2429 zu
2092 2369 2324 2429 durchschiffen,

1345 2423 1408 2483 und
1435 2419 1540 2479 sagen,
1551 2417 1625 2477 weil
1642 2417 1689 2477 itzt
1710 2418 1752 2478 die
1774 2420 1895 2480 Sachen
1917 2417 1938 2477 so
1959 2416 2155 2476 eingerichtet
2171 2420 2245 2480 sind,
2261 2422 2308 2482 daß

1346 2467 1394 2527 die
1416 2464 1545 2524 Größe,
1567 2461 1615 2521 die
1638 2463 1761 2523 Macht,
1778 2467 1826 2527 der
1849 2463 1946 2523 Ruhm
1984 2463 2037 2523 und
2065 2464 2118 2524 das
2141 2467 2243 2527 Glück
2265 2467 2313 2527 der

1348 2515 1512 2575 Staaten,
1528 2509 1579 2569 von
1611 2509 1657 2569 den
1683 2512 1790 2572 beyden
1822 2512 1910 2572 Arten
1941 2512 1987 2572 der
2008 2513 2178 2573 Handlung
2199 2515 2322 2575 abhän¬

1345 2562 1422 2622 gen,
1438 2560 1489 2620 von
1516 2555 1639 2615 welchen
1666 2557 1722 2617 wir
1738 2560 1856 2620 geredet
1878 2558 1996 2618 haben,
2012 2560 2037 2620 so
2059 2560 2126 2620 muß
2152 2563 2214 2623 eine
2230 2563 2317 2623 weise

1346 2608 1556 2668 Regierung,
1579 2602 1628 2662 die
1651 2607 1839 2667 Kaufleute,
1867 2608 1911 2668 die
1934 2606 1983 2666 sich
2006 2608 2094 2668 durch
2117 2608 2200 2668 ihren
2228 2608 2310 2668 Fleiß

1344 2655 1556 2715 hervorthun,
1572 2648 1630 2708 mit
1652 2653 1885 2713 Belohnungen
1912 2655 1970 2715 und
1998 2655 2082 2715 selbst
2104 2655 2310 2715 Kennzeichen

1345 2700 1394 2760 der
1415 2699 1501 2759 Ehre
1522 2697 1723 2757 ermuntern.
1774 2700 1890 2760 Nichts
1916 2703 2001 2763 folgt
2022 2703 2163 2763 weniger
2189 2700 2234 2760 als
2259 2697 2314 2757 das

1344 2750 1552 2810 Vorurtheil,
1570 2748 1697 2808 welches
1721 2751 1778 2811 uns
1796 2751 1952 2811 antreibt,
1964 2751 2004 2811 die
2022 2748 2190 2808 Handlung
2214 2745 2323 2805 gleich¬

2250 2794 2296 2854 sam
