2479 3508
167 396 273 456 "druck
298 401 386 461 geben
416 395 552 455 können,
571 389 653 449 wenn
684 386 743 446 man
773 388 826 448 nur
850 390 1051 450 scharfsichtig
1070 391 1146 451 gnug

169 447 298 507 „wäre,
319 452 358 512 sie
384 448 410 508 in
443 440 527 500 ihrem
567 437 788 497 Verhältnisse
822 440 887 500 mit
907 440 958 500 dem
1005 440 1160 500 Entwurf

166 497 273 557 Pjener
298 494 406 554 großen
437 488 551 548 Göttin
582 488 605 548 zu
636 486 829 546 übersehen,
842 491 949 551 welche
974 490 1004 550 es
1029 490 1076 550 für
1101 488 1155 548 gut

167 547 365 607 gefunden,
383 539 456 599 allen
479 533 786 593 Menschenkindern
815 539 1020 599 überhaupt,
1037 539 1065 599 im
1105 537 1161 597 un¬

166 590 315 650 "gleichen
349 586 449 646 Maas
478 583 566 643 aber,
589 585 817 645 Ehrliebe,
834 589 883 649 dem
923 588 1039 648 großen
1068 585 1162 645 Hau¬

157 628 226 688 fen
258 634 514 694 Eigennutz,
541 634 625 694 einem
674 635 850 695 ziemlichen
882 637 1042 697 Ausschuß
1074 634 1164 694 gut¬

166 685 355 745 „herzige
383 679 561 739 Triebe,
589 682 648 742 und
681 685 746 745 sehr
768 685 909 745 wenigen
942 682 1158 742 Grundsä¬

162 724 233 784 tze
264 730 529 790 auszutheilen.”

595 733 705 793 Durch
747 736 847 796 solche
874 733 1146 793 Beobachtungen

161 775 238 835 über
264 777 310 837 die
342 778 581 838 Eigenschaften
612 781 663 841 des
690 783 866 843 Erhabnen
897 784 959 844 und
991 781 1146 841 Schönen

163 820 194 880 am
238 825 405 885 Menschen
439 829 637 889 überhaupt,
666 832 778 892 glaubt
795 834 843 894 der
865 834 952 894 Herr
974 830 1157 890 Magister,

156 871 385 931 "vereinbaren
411 876 456 936 sich
488 878 533 938 die
554 882 768 942 verschiedene
789 879 942 939 Gruppen
973 881 993 941 in
1024 879 1070 939 ein
1091 877 1156 937 Ge¬

164 921 289 981 "målde
314 926 370 986 von
401 927 577 987 prächtigem
618 930 824 990 Ausdrucke,
845 928 890 988 wo
926 929 1036 989 mitten
1062 927 1152 987 unter

167 970 297 1030 "großer
320 978 633 1038 Mannigfaltigkeit
656 981 786 1041 Einheit
810 978 1076 1038 hervorleuchtet,
1094 975 1150 1035 und

159 1012 240 1072 „das
268 1025 388 1085 Ganze
416 1028 469 1088 der
497 1028 698 1088 moralischen
732 1028 846 1088 Natur
874 1025 1064 1085 Schönheit
1092 1025 1151 1085 und

166 1067 313 1127 "Würde
330 1076 364 1136 an
393 1079 437 1139 sich
460 1079 579 1139 zeiget.
659 1072 732 1132 Der
755 1076 885 1136 dritte
914 1074 1083 1134 Abschnitt
1106 1073 1156 1133 be¬

160 1121 231 1181 trift
258 1127 304 1187 den
340 1127 557 1187 "Unterscheid
583 1124 634 1184 des
661 1123 830 1183 Erhabnen
862 1124 923 1184 und
944 1124 1088 1184 Schönen
1120 1122 1145 1182 in

172 1173 235 1233 den
267 1175 611 1235 Gegenverhältnissen
638 1172 754 1232 beyder
776 1174 1025 1234 Geschlechter,"
1052 1173 1146 1233 worin

162 1223 209 1283 dem
252 1222 411 1282 schönen
438 1222 623 1282 Geschlecht
639 1222 681 1282 ein
714 1219 877 1279 schöner
899 1222 1058 1282 Verstand
1090 1222 1148 1282 und

158 1270 226 1330 eine
247 1270 384 1330 schöne
409 1270 562 1330 Tugend,
587 1267 635 1327 dem
685 1267 882 1327 männlichen
917 1268 1069 1328 hingegen
1109 1267 1148 1327 ein

156 1318 286 1378 tiefer
310 1315 464 1375 Verstand
488 1313 548 1373 und
581 1312 669 1372 edle
698 1312 828 1372 Tugend
852 1312 1038 1372 geprediget
1058 1312 1151 1372 wird.

156 1353 256 1413 „Der
280 1360 410 1420 Inhalt
429 1357 476 1417 der
496 1357 610 1417 großen
635 1357 855 1417 Wissenschaft
875 1354 922 1414 des
947 1357 1157 1417 Frauenzim¬

164 1404 365 1464 „zimmers,
395 1404 463 1464 sagt
483 1400 536 1460 der
556 1399 743 1459 Verfasser,
773 1399 806 1459 ist
827 1399 880 1459 der
905 1399 1061 1459 Mensch,
1087 1398 1145 1458 und

163 1452 276 1512 „unter
301 1450 349 1510 den
380 1447 547 1507 Menschen
577 1446 625 1506 der
650 1444 807 1504 Mann"
848 1437 857 1497 -
921 1443 994 1503 Wir
1019 1443 1156 1503 wünsch¬

154 1497 204 1557 ten
235 1500 310 1560 aber
341 1497 412 1557 eben
448 1496 549 1556 nicht,
580 1494 635 1554 daß
671 1494 762 1554 unter
793 1491 898 1551 unsern
935 1494 1147 1554 Mitbürgern

160 1548 203 1608 ein
236 1548 365 1608 anderer
388 1545 544 1605 Wilkes
577 1542 767 1602 aufstünde,
789 1542 837 1602 der
864 1540 951 1600 einen
978 1542 988 1602 "
1011 1539 1146 1599 Versuch

164 1598 261 1658 "über
283 1599 331 1659 den
359 1596 493 1656 Mann"
526 1593 655 1653 schriebe
672 1596 725 1656 und
748 1594 796 1654 dem
829 1596 947 1656 schönen
974 1595 1152 1655 Geschlecht

163 1652 191 1712 zu
220 1649 367 1709 Gefallen
430 1646 503 1706 nach
532 1649 577 1709 der
601 1646 713 1706 großen
737 1649 861 1709 Absicht
874 1649 924 1709 der
942 1646 1077 1706 Natur"
1106 1646 1145 1706 ein

165 1703 430 1763 lateinisches
460 1700 714 1760 Pfingstlied
732 1698 777 1758 "im
819 1699 922 1759 derben
946 1697 1124 1757 Geschmack

167 1754 421 1814 paraphrasirte,
443 1751 519 1811 weil
536 1751 584 1811 die
601 1748 905 1808 Bevölkerung
932 1751 1067 1811 nämlich
1095 1751 1149 1811 von

166 1802 477 1862 Plusmachern
517 1799 577 1859 und
618 1796 984 1856 Hohenpriestern
1030 1796 1055 1856 in
1090 1799 1155 1859 An¬

167 1849 259 1909 schlag
290 1849 434 1909 gebracht
461 1843 538 1903 wird
569 1839 584 1899 —
646 1838 729 1898 Eine
760 1840 904 1900 Ninon
941 1840 1049 1900 würde
1081 1845 1147 1905 auch

161 1897 255 1957 diesen
284 1894 451 1954 Abschnitt
474 1888 629 1948 vielleicht
652 1887 713 1947 mit
730 1885 819 1945 ihrem
858 1886 1059 1946 Liebhaber,
1087 1890 1137 1950 dem

165 1945 371 2005 Marquis
402 1939 469 1999 von
506 1933 707 1993 Sevigne
739 1932 961 1992 vergleichen;
992 1932 1054 1992 wir
1075 1936 1147 1996 eilen

162 1995 256 2055 daher
288 1992 344 2052 zum
389 1982 546 2042 vierten
578 1978 773 2038 Hauptstück
793 1975 811 2035 "
830 1978 886 2038 von
919 1978 968 2038 den
1001 1983 1157 2043 Natio¬

157 2034 532 2094 "nalcharactern,
576 2025 603 2085 in
642 2025 739 2085 sofern
778 2025 815 2085 sie
854 2027 908 2087 auf
941 2026 995 2086 dem
1051 2028 1158 2088 unter¬

166 2082 381 2142 "schiedlichen
409 2076 536 2136 Gefühl
554 2075 603 2135 des
631 2076 802 2136 Erhabnen
836 2076 891 2136 und
919 2074 1068 2134 Schönen
1108 2076 1157 2136 be=

154 2127 303 2187 ruhen.
362 2121 410 2181 In
437 2127 484 2187 der
506 2127 591 2187 Liebe
618 2127 703 2187 traut
725 2127 777 2187 der
794 2127 889 2187 Verf.
900 2124 948 2184 den
975 2124 1145 2184 Deutschen

166 2181 226 2241 und
265 2178 475 2238 Engländern
520 2179 603 2239 einen
642 2180 780 2240 ziemlich
814 2179 940 2239 guten
986 2178 1145 2238 Magen

252 2326 494 2386 Frankfurt
518 2327 553 2387 am
600 2327 738 2387 Mayn,
767 2325 819 2385 vom
866 2324 929 2384 15.
959 2321 1068 2381 April.

215 2374 299 2434 Seit
316 2375 485 2435 vorgestern
512 2375 575 2435 sind
602 2375 650 2435 des
671 2375 814 2435 Herzogs
836 2376 888 2436 von
916 2369 1164 2429 Zweybrücken,

169 2424 306 2484 Prinzen
339 2426 513 2486 Friedrichs
545 2423 603 2483 von
640 2424 899 2484 Zweybrücken,
926 2424 973 2484 der
1006 2421 1148 2481 Prinzen

170 2470 219 2530 von
253 2475 402 2535 Waldeck
431 2473 629 2533 Hochfürstl.
657 2473 801 2533 Durchl.
835 2475 895 2535 und
930 2470 1067 2530 beynahe
1095 2467 1156 2527 alle

159 2520 367 2580 auswärtige
388 2521 554 2581 Gesandte
571 2521 622 2581 von
644 2521 710 2581 hier
732 2522 846 2582 wieder
873 2521 1060 2581 abgereiset.
1087 2515 1159 2575 Des

166 2569 295 2629 Königs
312 2571 365 2631 von
393 2569 539 2629 Preussen
566 2572 658 2632 Maj.
670 2569 766 2629 haben
789 2574 875 2634 Dero
897 2569 1146 2629 Geheimenrath

169 2620 227 2680 und
259 2620 390 2680 hiesigen
423 2620 634 2680 Residenten,
666 2620 845 2680 Freyherrn
872 2623 930 2683 von
962 2619 1093 2679 Brand,
1115 2617 1146 2677 an

166 2670 219 2730 den
257 2667 522 2727 Oberrheinschen
555 2667 646 2727 Creis
668 2667 716 2727 als
744 2672 900 2732 Minister
922 2668 1132 2728 accreditiret.

438 2715 554 2775 Trier,
583 2713 632 2773 den
672 2715 732 2775 11.
756 2721 871 2781 April.

216 2766 289 2826 Den
318 2766 488 2826 Jesuiten,
512 2766 625 2826 welche
648 2763 755 2823 bisher
779 2769 834 2829 auf
852 2772 976 2832 unserer
1000 2765 1158 2825 Universi¬

170 2820 217 2880 tät
236 2823 283 2883 den
314 2817 538 2877 theologischen
569 2817 737 2877 Lehrstuhl
756 2820 888 2880 gehabt,
919 2820 961 2880 ist
974 2818 1051 2878 diese
1070 2814 1160 2874 Pro¬

162 2870 267 2930 seßion
294 2870 416 2930 gelegt,
438 2867 495 2927 und
522 2867 611 2927 unter
643 2867 760 2927 andern
792 2870 865 2930 auch
892 2870 1008 2930 einigen
1046 2864 1156 2924 Bene¬

167 2924 316 2984 dictinern
352 2920 554 2980 eingeräumt
572 2918 716 2978 worden.
768 2927 844 2987 Ihr
873 2925 965 2985 Eifer
983 2923 1075 2983 gegen
1104 2922 1150 2982 die

1194 392 1247 452 zu,
1266 389 1330 449 (der
1355 389 1425 449 hier
1444 386 1533 446 wohl
1551 389 1598 449 als
1628 389 1669 449 ein
1699 392 1823 452 Zeichen
1854 390 1937 450 eines
1961 392 2073 452 andern
2104 394 2186 454 Ver¬

1193 440 1322 500 dienstes
1349 439 1515 499 ausgelegt
1532 437 1651 497 werden
1683 440 1782 500 muß)
1803 442 1849 502 den
1876 440 2042 500 Italiener
2064 440 2131 500 haͤlt
2152 443 2177 503 er

1196 488 1218 548 in
1251 488 1345 548 diesem
1385 485 1489 545 Punct
1512 485 1561 545 für
1584 488 1866 548 grüblerisch,
1884 491 1927 551 den
1955 491 2105 551 Spanier
2127 494 2177 554 für

1195 536 1464 596 phantastisch
1503 533 1562 593 und
1589 533 1637 593 den
1671 539 1843 599 Franzosen
1871 539 1924 599 für
1952 542 2183 602 vernascht.

1194 582 1263 642 Die
1286 583 1584 643 Ausschweifungen
1611 581 1638 641 in
1671 583 1725 643 der
1748 586 1926 646 Religion,
1954 589 1980 649 in
2014 589 2110 649 sofern
2144 589 2181 649 sie

1192 631 1585 691 Nationaleigenschaften
1621 631 1797 691 anzeigen,
1833 632 1954 692 werden
2000 637 2065 697 hier
2091 639 2181 699 unter

1195 683 1256 743 vier
1278 682 1525 742 Hauptbegriffe
1547 679 1707 739 gebracht,
1723 681 1836 741 welche
1858 679 1992 739 ziemlich
2024 685 2085 745 mit
2116 688 2162 748 dem

1192 730 1368 790 Zuschnitte
1389 729 1437 789 der
1462 730 1732 790 Temperamente
1752 727 2051 787 übereinkommen.
2076 734 2169 794 Denn

1193 778 1262 838 eine
1296 778 1511 838 leichtsinnige
1550 778 1859 838 Leichtgläubigkeit
1897 779 1978 839 sieht
2016 784 2189 844 sangui¬

1191 827 1312 887 nisch,
1336 825 1396 885 eine
1425 827 1675 887 abergläubische
1693 828 1837 888 Andacht
1855 829 2189 889 melancholisch,

1193 875 1261 935 eine
1288 873 1457 933 fanatische
1479 876 1732 936 Schwärmerey
1764 877 2024 937 cholerisch,
2045 880 2108 940 und
2130 882 2171 942 ein

1195 924 1433 984 gleichgültiger
1455 927 1657 987 Gallion,
1673 927 1720 987 der
1748 927 1795 987 sich
1822 927 1917 987 nichts
1939 930 2103 990 annimmt
2125 934 2183 994 und

1192 975 1250 1035 kein
1277 972 1409 1032 Richter
1431 975 1505 1035 über
1532 976 1791 1036 problematische
1813 978 1956 1038 Lehren,
1978 980 2094 1040 Worte
2116 981 2179 1041 und

1193 1022 1383 1082 Gebräuche
1421 1022 1451 1082 zu
1488 1022 1554 1082 seyn
1597 1025 1772 1085 verlangt,
1809 1026 1881 1086 nach
1917 1026 1968 1086 dem
2027 1028 2176 1088 weisesten

1195 1071 1526 1131 Phlegmatiker
1548 1073 1623 1133 aus.
1683 1075 1808 1135 Zuletzt
1825 1075 1916 1135 wirft
1939 1078 1987 1138 der
2004 1080 2069 1140 Hr.
2086 1082 2188 1142 Mag.

1192 1121 1260 1181 noch
1287 1121 1392 1181 einige
1414 1124 1525 1184 Blicke
1552 1124 1609 1184 auf
1637 1121 1683 1181 die
1705 1124 1906 1184 Geschichte,
1933 1127 1996 1187 und
2023 1130 2101 1190 sieht
2123 1130 2175 1190 den

1191 1172 1377 1232 Geschmack
1403 1172 1455 1232 der
1476 1175 1646 1235 Menschen
1673 1173 1735 1233 wie
1756 1173 1839 1233 einen
1865 1175 2030 1235 Protheus
2057 1175 2082 1235 in
2109 1175 2181 1235 stets

1191 1219 1418 1279 wandelbaren
1443 1220 1621 1280 Gestalten.
1646 1222 1799 1282 Nachdem
1839 1221 1952 1281 endlich
1982 1222 2032 1282 das
2057 1222 2189 1282 mensch=

1193 1266 1267 1326 liche
1298 1265 1408 1325 Genie
1445 1264 1499 1324 von
1545 1267 1630 1327 einer
1671 1267 1736 1327 fast
1767 1267 1943 1327 gänzlichen
1984 1268 2174 1328 Zerstörung

1196 1311 1240 1371 sich
1265 1311 1353 1371 durch
1378 1310 1442 1370 eine
1462 1311 1520 1371 Art
1550 1309 1604 1369 von
1634 1312 1859 1372 Palingenesie
1884 1312 2026 1372 glücklich
2056 1315 2188 1375 wieder¬

1191 1351 1224 1411 um
1268 1351 1396 1411 erhoben
1435 1354 1516 1414 hat,
1541 1354 1603 1414 und
1632 1354 1660 1414 in
1694 1357 1799 1417 unsern
1828 1357 1933 1417 Tagen
1972 1359 2020 1419 der
2049 1363 2183 1423 richtige

1194 1396 1376 1456 Geschmack
1401 1398 1449 1458 des
1475 1399 1622 1459 Schönen
1652 1402 1706 1462 und
1731 1402 1824 1462 Edeln
1854 1404 1952 1464 sowol
1973 1407 1997 1467 in
2027 1409 2075 1469 den
2101 1413 2188 1473 Kün=

1191 1442 1243 1502 sten
1275 1443 1328 1503 und
1355 1446 1609 1506 Wissenschaften
1637 1448 1684 1508 als
1711 1449 1827 1509 Sitten
1854 1452 2050 1512 aufgeblüht
2072 1458 2129 1518 ist:
2151 1461 2182 1521 so

1192 1488 1282 1548 krönt
1303 1493 1350 1553 der
1372 1493 1435 1553 Hr.
1452 1494 1552 1554 Mag.
1569 1494 1647 1554 diese
1664 1497 1716 1557 und
1738 1499 1795 1559 alle
1812 1500 1886 1560 seine
1908 1506 2177 1566 Beobachtungen

1190 1542 1266 1602 über
1298 1542 1349 1602 das
1375 1542 1478 1602 Genie
1504 1545 1560 1605 und
1581 1545 1632 1605 den
1659 1549 1844 1609 Geschmack
1865 1551 1926 1611 mit
1948 1552 1999 1612 dem
2030 1557 2184 1617 Wunsch,

1193 1594 1242 1654 daß
1271 1595 1314 1655 der
1337 1594 1442 1654 falsche
1464 1596 1669 1656 Schimmer,
1687 1599 1736 1659 der
1759 1599 1786 1659 so
1808 1603 1952 1663 leichtlich
1975 1605 2113 1665 taͤuscht,
2119 1608 2180 1668 uns

1192 1645 1277 1705 nicht
1297 1646 1500 1706 unvermerkt
1520 1646 1575 1706 von
1606 1649 1651 1709 der
1677 1649 1757 1709 edeln
1789 1651 1914 1711 Einfalt
1935 1653 2096 1713 entferne,
2117 1656 2192 1716 vor¬

1193 1696 1348 1756 nehmlich
1376 1697 1442 1757 aber
1464 1697 1520 1757 daß
1542 1700 1580 1760 ein
1609 1700 1830 1760 (vermuthlich
1853 1703 1930 1763 schon
1959 1703 2041 1763 durch
2070 1709 2180 1769 Jean

1199 1748 1365 1808 Jaques
1393 1748 1626 1808 verrathenes)
1637 1753 1836 1813 Geheimnis
1854 1754 1903 1814 der
1920 1757 2097 1817 Erziehung
2125 1760 2169 1820 dem

1199 1796 1272 1856 alten
1302 1799 1410 1859 Wahn
1436 1799 1578 1859 entrissen
1608 1800 1726 1860 werde,
1746 1802 1780 1862 um
1820 1802 1874 1862 das
1894 1805 2051 1865 Gewissen
2076 1807 2100 1867 in
2125 1808 2174 1868 dem

1200 1843 1305 1903 Busen
1336 1842 1421 1902 eines
1442 1843 1528 1903 jeden
1554 1846 1664 1906 jungen
1695 1849 1923 1909 Weltbürgers
1958 1852 1988 1912 zu
2014 1855 2099 1915 einer
2125 1855 2200 1915 thä¬

1186 1888 1274 1948 tigen
1299 1888 1520 1948 Empfindung
1546 1891 1574 1951 zu
1605 1894 1781 1954 erwecken,
1802 1899 1905 1959 damit
1935 1900 2019 1960 nicht
2044 1903 2102 1963 alle
2127 1903 2195 1963 Fei¬

1192 1936 1313 1996 nigkeit
1330 1933 1377 1993 des
1399 1936 1541 1996 Gefühls
1568 1939 1636 1999 blos
1658 1944 1716 2004 auf
1738 1944 1790 2004 das
1812 1948 1954 2008 flüchtige
1981 1948 2038 2008 und
2060 1951 2186 2011 müßige

1192 1981 1388 2041 Vergnügen
1423 1984 1663 2044 hinauslaufe,
1698 1990 1869 2050 dasjenige
1899 1993 1963 2053 was
1993 1996 2091 2056 außer
2121 1999 2179 2059 uns

1193 2028 1347 2088 vorgeht,
1378 2028 1440 2088 mit
1466 2028 1554 2088 mehr
1585 2031 1657 2091 oder
1683 2032 1827 2092 weniger
1853 2037 1992 2097 Anstand
2034 2043 2064 2103 zu
2096 2043 2188 2103 beur¬

1188 2077 1328 2137 theilen.
1383 2073 1496 2133 Kostet
1524 2074 1545 2134 in
1583 2076 1637 2136 der
1664 2079 1875 2139 Kanterschen
1914 2088 2178 2148 Buchhandlung

1194 2127 1323 2187 allhier,
1336 2124 1394 2184 wie
1418 2124 1482 2184 auch
1512 2124 1535 2184 in
1565 2124 1676 2184 Elbing
1707 2127 1765 2187 und
1795 2133 1906 2193 Mitau
1936 2135 1971 2195 18
2001 2140 2047 2200 gr.

1197 2321 1406 2381 Parlemente
1426 2325 1451 2385 in
1478 2331 1667 2391 Frankreich
1701 2335 1752 2395 hat
1779 2336 1844 2396 eine
1877 2339 2086 2399 Churfürstl.
2106 2336 2190 2396 Ver¬

1192 2370 1339 2430 ordnung
1364 2372 1412 2432 vom
1450 2378 1480 2438 27
1505 2380 1603 2440 Febr.
1616 2387 1800 2447 veranlaßt,
1813 2387 1996 2447 vermittelst
2009 2387 2131 2447 welcher
2151 2387 2175 2447 in

1195 2420 1239 2480 21
1265 2423 1406 2483 Articuln
1438 2425 1483 2485 die
1503 2432 1714 2492 Einrichtung
1747 2437 1843 2497 dieser
1869 2437 2016 2497 Facultät
2042 2437 2106 2497 und
2139 2437 2183 2497 die

1192 2467 1305 2527 Wahl
1317 2472 1402 2532 ihrer
1425 2477 1538 2537 Lehrer
1562 2484 1720 2544 bestimmt
1738 2485 1833 2545 wird.

1458 2528 1599 2588 Haag,
1634 2536 1684 2596 den
1725 2536 1786 2596 16.
1810 2533 1923 2593 April.

1243 2566 1351 2626 Heute
1371 2573 1428 2633 hat
1448 2575 1498 2635 der
1518 2580 1626 2640 Prinz
1647 2584 1851 2644 Statthalter
1877 2581 1928 2641 sein
1954 2581 2184 2641 Glaubensbe=

1195 2617 1317 2677 kentniß
1355 2619 1385 2679 in
1417 2629 1625 2689 Gegenwart
1650 2634 1700 2694 der
1731 2632 1971 2692 Abgeordneten
2002 2629 2051 2689 von
2082 2629 2131 2689 den
2162 2622 2174 2682 7

1202 2667 1402 2727 Provinzen,
1428 2675 1502 2735 aller
1529 2679 1654 2739 hiesigen
1686 2682 1842 2742 Prediger
1869 2679 1924 2739 und
1956 2676 2050 2736 vieler
2076 2676 2181 2736 Stan¬

1190 2715 1422 2775 despersonen,
1449 2724 1508 2784 auf
1530 2730 1611 2790 einem
1655 2727 1751 2787 Saal
1768 2729 1816 2789 der
1838 2727 1989 2787 Residenz
2016 2721 2178 2781 abgelegt.

1192 2762 1268 2822 Der
1288 2767 1396 2827 Prinz
1416 2775 1524 2835 Georg
1556 2778 1677 2838 August
1697 2775 1747 2835 von
1780 2773 2181 2833 Mecklenburg=Strelitz,

1198 2817 1329 2877 Bruder
1354 2819 1402 2879 der
1421 2826 1565 2886 Königin
1596 2826 1650 2886 von
1687 2826 1988 2886 Großbrittanien,
2013 2820 2073 2880 hat
2097 2819 2175 2879 seine

1195 2865 1339 2925 Studien
1370 2870 1400 2930 zu
1431 2874 1545 2934 Leyden
1576 2876 1733 2936 vollendet
1752 2875 1813 2935 und
1837 2873 1873 2933 ist
1898 2870 1964 2930 nach
1995 2867 2115 2927 London
2140 2869 2188 2929 ge=

1192 2921 1339 2981 gangen,
1364 2924 1420 2984 von
1452 2927 1488 2987 da
1513 2927 1543 2987 er
1569 2927 1649 2987 seine
1680 2926 1778 2986 Reise
1805 2926 1872 2986 nach
1897 2919 2082 2979 Frankreich
2114 2917 2174 2977 und

2002 2969 2175 3029 mehreren
