<?xml version="1.0" encoding="UTF-8" standalone="yes"?>
<PcGts xmlns="http://schema.primaresearch.org/PAGE/gts/pagecontent/2013-07-15" xmlns:xsi="http://www.w3.org/2001/XMLSchema-instance" xsi:schemaLocation="http://schema.primaresearch.org/PAGE/gts/pagecontent/2013-07-15 http://schema.primaresearch.org/PAGE/gts/pagecontent/2013-07-15/pagecontent.xsd">
    <Metadata>
        <Creator>prov=READ-COOP:name=PyLaia@TranskribusPlatform:version=2.12.1:model_id=39995:lm=none:date=03_04_2024_21:45</Creator>
        <Created>2024-04-03T23:36:46.656+02:00</Created>
        <LastChange>2024-04-03T21:45:57.570Z</LastChange>
        <TranskribusMetadata docId="1914788" pageId="67744816" pageNr="4" tsid="156903536" status="IN_PROGRESS" userId="222699" imgUrl="https://files.transkribus.eu/Get?id=QSZLMUTINLCWFEMLXCKLIWMM&amp;fileType=view" xmlUrl="https://files.transkribus.eu/Get?id=OXIFQWGKZQMONFBAKEENOHDJ" imageId="54064272"/>
    </Metadata>
    <Page imageFilename="67744816.jpg" imageWidth="2479" imageHeight="3508">
        <ReadingOrder>
            <OrderedGroup id="ro_1712180757571" caption="Regions reading order">
                <RegionRefIndexed index="0" regionRef="r_10"/>
                <RegionRefIndexed index="1" regionRef="r_22"/>
                <RegionRefIndexed index="2" regionRef="r_23"/>
            </OrderedGroup>
        </ReadingOrder>
        <Relations/>
        <TextRegion id="r_10" custom="readingOrder {index:0;}">
            <Coords points="248,353 1303,353 1303,3004 248,3004"/>
            <TextLine id="r_10_tl_1" custom="readingOrder {index:0;}">
                <Coords points="261,413 1273,418 1273,363 1176,337 261,357"/>
                <Baseline points="274,400 319,403 364,409 409,406 453,409 498,409 543,409 588,409 632,406 677,406 722,406 767,409 812,409 856,406 901,406 946,409 991,406 1035,406 1080,406 1125,409 1170,409 1215,406 1259,409 1280,406"/>
                <Word id="r_10_tl_1_w1" custom="readingOrder {index:0;}">
                    <Coords points="268,362 268,422 366,422 366,362"/>
                    <TextEquiv>
                        <Unicode>hoben</Unicode>
                    </TextEquiv>
                </Word>
                <Word id="r_10_tl_1_w2" custom="readingOrder {index:1;}">
                    <Coords points="402,367 402,427 454,427 454,367"/>
                    <TextEquiv>
                        <Unicode>sich</Unicode>
                    </TextEquiv>
                </Word>
                <Word id="r_10_tl_1_w3" custom="readingOrder {index:2;}">
                    <Coords points="478,369 478,429 570,429 570,369"/>
                    <TextEquiv>
                        <Unicode>gegen</Unicode>
                    </TextEquiv>
                </Word>
                <Word id="r_10_tl_1_w4" custom="readingOrder {index:3;}">
                    <Coords points="600,366 600,426 640,426 640,366"/>
                    <TextEquiv>
                        <Unicode>11</Unicode>
                    </TextEquiv>
                </Word>
                <Word id="r_10_tl_1_w5" custom="readingOrder {index:4;}">
                    <Coords points="670,366 670,426 733,426 733,366"/>
                    <TextEquiv>
                        <Unicode>Uhr</Unicode>
                    </TextEquiv>
                </Word>
                <Word id="r_10_tl_1_w6" custom="readingOrder {index:5;}">
                    <Coords points="752,369 752,429 809,429 809,369"/>
                    <TextEquiv>
                        <Unicode>mit</Unicode>
                    </TextEquiv>
                </Word>
                <Word id="r_10_tl_1_w7" custom="readingOrder {index:6;}">
                    <Coords points="827,366 827,426 879,426 879,366"/>
                    <TextEquiv>
                        <Unicode>den</Unicode>
                    </TextEquiv>
                </Word>
                <Word id="r_10_tl_1_w8" custom="readingOrder {index:7;}">
                    <Coords points="909,367 909,427 1019,427 1019,367"/>
                    <TextEquiv>
                        <Unicode>beyden</Unicode>
                    </TextEquiv>
                </Word>
                <Word id="r_10_tl_1_w9" custom="readingOrder {index:8;}">
                    <Coords points="1043,369 1043,429 1258,429 1258,369"/>
                    <TextEquiv>
                        <Unicode>Erzherzogen</Unicode>
                    </TextEquiv>
                </Word>
                <TextEquiv>
                    <Unicode>hoben sich gegen 11 Uhr mit den beyden Erzherzogen</Unicode>
                </TextEquiv>
            </TextLine>
            <TextLine id="r_10_tl_2" custom="readingOrder {index:1;}">
                <Coords points="261,456 1273,474 1273,418 1212,411 261,411"/>
                <Baseline points="274,456 319,456 364,456 409,456 453,456 498,456 543,456 588,456 632,456 677,456 722,456 767,453 812,453 856,456 901,456 946,456 991,456 1035,456 1080,456 1125,456 1170,453 1215,450 1259,459 1280,456"/>
                <Word id="r_10_tl_2_w1" custom="readingOrder {index:0;}">
                    <Coords points="266,416 266,476 448,476 448,416"/>
                    <TextEquiv>
                        <Unicode>Ferdinand</Unicode>
                    </TextEquiv>
                </Word>
                <Word id="r_10_tl_2_w2" custom="readingOrder {index:1;}">
                    <Coords points="485,416 485,476 541,476 541,416"/>
                    <TextEquiv>
                        <Unicode>und</Unicode>
                    </TextEquiv>
                </Word>
                <Word id="r_10_tl_2_w3" custom="readingOrder {index:2;}">
                    <Coords points="573,416 573,476 786,476 786,416"/>
                    <TextEquiv>
                        <Unicode>Maximilian</Unicode>
                    </TextEquiv>
                </Word>
                <Word id="r_10_tl_2_w4" custom="readingOrder {index:3;}">
                    <Coords points="818,415 818,475 875,475 875,415"/>
                    <TextEquiv>
                        <Unicode>wie</Unicode>
                    </TextEquiv>
                </Word>
                <Word id="r_10_tl_2_w5" custom="readingOrder {index:4;}">
                    <Coords points="896,416 896,476 964,476 964,416"/>
                    <TextEquiv>
                        <Unicode>auch</Unicode>
                    </TextEquiv>
                </Word>
                <Word id="r_10_tl_2_w6" custom="readingOrder {index:5;}">
                    <Coords points="996,416 996,476 1047,476 1047,416"/>
                    <TextEquiv>
                        <Unicode>den</Unicode>
                    </TextEquiv>
                </Word>
                <Word id="r_10_tl_2_w7" custom="readingOrder {index:6;}">
                    <Coords points="1074,416 1074,476 1167,476 1167,416"/>
                    <TextEquiv>
                        <Unicode>sieben</Unicode>
                    </TextEquiv>
                </Word>
                <Word id="r_10_tl_2_w8" custom="readingOrder {index:7;}">
                    <Coords points="1193,413 1193,473 1276,473 1276,413"/>
                    <TextEquiv>
                        <Unicode>Erz¬</Unicode>
                    </TextEquiv>
                </Word>
                <TextEquiv>
                    <Unicode>Ferdinand und Maximilian wie auch den sieben Erz¬</Unicode>
                </TextEquiv>
            </TextLine>
            <TextLine id="r_10_tl_3" custom="readingOrder {index:2;}">
                <Coords points="264,525 1270,515 1270,474 1186,466 264,461"/>
                <Baseline points="277,501 322,504 367,504 412,504 456,504 501,504 546,504 591,504 635,504 680,504 725,504 770,504 815,504 859,504 904,504 949,504 994,504 1038,504 1083,504 1128,507 1173,507 1218,504 1262,504 1277,504"/>
                <Word id="r_10_tl_3_w1" custom="readingOrder {index:0;}">
                    <Coords points="269,464 269,524 486,524 486,464"/>
                    <TextEquiv>
                        <Unicode>herzoginnen</Unicode>
                    </TextEquiv>
                </Word>
                <Word id="r_10_tl_3_w2" custom="readingOrder {index:1;}">
                    <Coords points="508,464 508,524 529,524 529,464"/>
                    <TextEquiv>
                        <Unicode>in</Unicode>
                    </TextEquiv>
                </Word>
                <Word id="r_10_tl_3_w3" custom="readingOrder {index:2;}">
                    <Coords points="556,464 556,524 572,524 572,464"/>
                    <TextEquiv>
                        <Unicode>4</Unicode>
                    </TextEquiv>
                </Word>
                <Word id="r_10_tl_3_w4" custom="readingOrder {index:3;}">
                    <Coords points="599,464 599,524 859,524 859,464"/>
                    <TextEquiv>
                        <Unicode>sechsspännigen</Unicode>
                    </TextEquiv>
                </Word>
                <Word id="r_10_tl_3_w5" custom="readingOrder {index:4;}">
                    <Coords points="881,464 881,524 1024,524 1024,464"/>
                    <TextEquiv>
                        <Unicode>Wagen,</Unicode>
                    </TextEquiv>
                </Word>
                <Word id="r_10_tl_3_w6" custom="readingOrder {index:5;}">
                    <Coords points="1051,464 1051,524 1109,524 1109,464"/>
                    <TextEquiv>
                        <Unicode>mit</Unicode>
                    </TextEquiv>
                </Word>
                <Word id="r_10_tl_3_w7" custom="readingOrder {index:6;}">
                    <Coords points="1125,467 1125,527 1167,527 1167,467"/>
                    <TextEquiv>
                        <Unicode>dem</Unicode>
                    </TextEquiv>
                </Word>
                <Word id="r_10_tl_3_w8" custom="readingOrder {index:7;}">
                    <Coords points="1205,464 1205,524 1257,524 1257,464"/>
                    <TextEquiv>
                        <Unicode>vor</Unicode>
                    </TextEquiv>
                </Word>
                <TextEquiv>
                    <Unicode>herzoginnen in 4 sechsspännigen Wagen, mit dem vor</Unicode>
                </TextEquiv>
            </TextLine>
            <TextLine id="r_10_tl_4" custom="readingOrder {index:3;}">
                <Coords points="269,563 1273,565 1273,515 1202,510 269,525"/>
                <Baseline points="283,549 328,552 373,552 417,552 462,552 507,552 552,552 597,552 641,552 686,552 731,552 776,555 821,555 865,555 910,555 955,555 1000,555 1044,555 1089,555 1134,555 1179,555 1224,555 1268,555 1280,555"/>
                <Word id="r_10_tl_4_w1" custom="readingOrder {index:0;}">
                    <Coords points="274,510 274,570 334,570 334,510"/>
                    <TextEquiv>
                        <Unicode>und</Unicode>
                    </TextEquiv>
                </Word>
                <Word id="r_10_tl_4_w2" custom="readingOrder {index:1;}">
                    <Coords points="360,512 360,572 597,572 597,512"/>
                    <TextEquiv>
                        <Unicode>nachtretenden</Unicode>
                    </TextEquiv>
                </Word>
                <Word id="r_10_tl_4_w3" custom="readingOrder {index:2;}">
                    <Coords points="623,512 623,572 836,572 836,512"/>
                    <TextEquiv>
                        <Unicode>Hofgefolge,</Unicode>
                    </TextEquiv>
                </Word>
                <Word id="r_10_tl_4_w4" custom="readingOrder {index:3;}">
                    <Coords points="862,515 862,575 917,575 917,515"/>
                    <TextEquiv>
                        <Unicode>aus</Unicode>
                    </TextEquiv>
                </Word>
                <Word id="r_10_tl_4_w5" custom="readingOrder {index:4;}">
                    <Coords points="943,515 943,575 993,575 993,515"/>
                    <TextEquiv>
                        <Unicode>der</Unicode>
                    </TextEquiv>
                </Word>
                <Word id="r_10_tl_4_w6" custom="readingOrder {index:5;}">
                    <Coords points="1008,515 1008,575 1104,575 1104,515"/>
                    <TextEquiv>
                        <Unicode>Burg</Unicode>
                    </TextEquiv>
                </Word>
                <Word id="r_10_tl_4_w7" custom="readingOrder {index:6;}">
                    <Coords points="1130,515 1130,575 1195,575 1195,515"/>
                    <TextEquiv>
                        <Unicode>nach</Unicode>
                    </TextEquiv>
                </Word>
                <Word id="r_10_tl_4_w8" custom="readingOrder {index:7;}">
                    <Coords points="1221,515 1221,575 1266,575 1266,515"/>
                    <TextEquiv>
                        <Unicode>der</Unicode>
                    </TextEquiv>
                </Word>
                <TextEquiv>
                    <Unicode>und nachtretenden Hofgefolge, aus der Burg nach der</Unicode>
                </TextEquiv>
            </TextLine>
            <TextLine id="r_10_tl_5" custom="readingOrder {index:4;}">
                <Coords points="266,611 1278,619 1278,568 1242,563 266,565"/>
                <Baseline points="280,597 325,600 370,600 414,600 459,600 504,600 549,600 594,600 638,603 683,603 728,603 773,603 818,603 862,603 907,603 952,603 997,603 1041,603 1086,603 1131,603 1176,606 1221,606 1265,603 1283,606"/>
                <Word id="r_10_tl_5_w1" custom="readingOrder {index:0;}">
                    <Coords points="271,558 271,618 345,618 345,558"/>
                    <TextEquiv>
                        <Unicode>St.</Unicode>
                    </TextEquiv>
                </Word>
                <Word id="r_10_tl_5_w2" custom="readingOrder {index:1;}">
                    <Coords points="367,560 367,620 547,620 547,560"/>
                    <TextEquiv>
                        <Unicode>Stephans</Unicode>
                    </TextEquiv>
                </Word>
                <Word id="r_10_tl_5_w3" custom="readingOrder {index:2;}">
                    <Coords points="585,563 585,623 957,623 957,563"/>
                    <TextEquiv>
                        <Unicode>Metropolitankirche,</Unicode>
                    </TextEquiv>
                </Word>
                <Word id="r_10_tl_5_w4" custom="readingOrder {index:3;}">
                    <Coords points="989,563 989,623 1079,623 1079,563"/>
                    <TextEquiv>
                        <Unicode>allwo</Unicode>
                    </TextEquiv>
                </Word>
                <Word id="r_10_tl_5_w5" custom="readingOrder {index:4;}">
                    <Coords points="1112,563 1112,623 1164,623 1164,563"/>
                    <TextEquiv>
                        <Unicode>die</Unicode>
                    </TextEquiv>
                </Word>
                <Word id="r_10_tl_5_w6" custom="readingOrder {index:5;}">
                    <Coords points="1186,565 1186,625 1270,625 1270,565"/>
                    <TextEquiv>
                        <Unicode>hohe</Unicode>
                    </TextEquiv>
                </Word>
                <TextEquiv>
                    <Unicode>St. Stephans Metropolitankirche, allwo die hohe</Unicode>
                </TextEquiv>
            </TextLine>
            <TextLine id="r_10_tl_6" custom="readingOrder {index:5;}">
                <Coords points="271,657 1265,667 1265,619 1222,616 271,613"/>
                <Baseline points="286,647 331,647 376,647 420,647 465,650 510,647 555,647 600,647 644,647 689,650 734,650 779,650 824,650 868,650 913,650 958,653 1003,650 1047,650 1092,653 1137,653 1182,653 1227,653 1271,653 1274,650"/>
                <Word id="r_10_tl_6_w1" custom="readingOrder {index:0;}">
                    <Coords points="276,607 276,667 339,667 339,607"/>
                    <TextEquiv>
                        <Unicode>und</Unicode>
                    </TextEquiv>
                </Word>
                <Word id="r_10_tl_6_w2" custom="readingOrder {index:1;}">
                    <Coords points="366,607 366,667 492,667 492,607"/>
                    <TextEquiv>
                        <Unicode>niedere</Unicode>
                    </TextEquiv>
                </Word>
                <Word id="r_10_tl_6_w3" custom="readingOrder {index:2;}">
                    <Coords points="525,607 525,667 656,667 656,607"/>
                    <TextEquiv>
                        <Unicode>Clerisey</Unicode>
                    </TextEquiv>
                </Word>
                <Word id="r_10_tl_6_w4" custom="readingOrder {index:3;}">
                    <Coords points="688,610 688,670 878,670 878,610"/>
                    <TextEquiv>
                        <Unicode>Höchstdero</Unicode>
                    </TextEquiv>
                </Word>
                <Word id="r_10_tl_6_w5" custom="readingOrder {index:4;}">
                    <Coords points="910,611 910,671 1063,671 1063,611"/>
                    <TextEquiv>
                        <Unicode>Ankunft</Unicode>
                    </TextEquiv>
                </Word>
                <Word id="r_10_tl_6_w6" custom="readingOrder {index:5;}">
                    <Coords points="1090,613 1090,673 1269,673 1269,613"/>
                    <TextEquiv>
                        <Unicode>erwartete.</Unicode>
                    </TextEquiv>
                </Word>
                <TextEquiv>
                    <Unicode>und niedere Clerisey Höchstdero Ankunft erwartete.</Unicode>
                </TextEquiv>
            </TextLine>
            <TextLine id="r_10_tl_7" custom="readingOrder {index:6;}">
                <Coords points="276,705 1278,712 1278,669 1166,659 276,662"/>
                <Baseline points="289,695 334,698 379,695 423,698 468,698 513,701 558,698 603,698 647,698 692,698 737,698 782,698 826,698 871,701 916,698 961,698 1006,701 1050,701 1095,698 1140,701 1185,701 1230,701 1274,701 1283,698"/>
                <Word id="r_10_tl_7_w1" custom="readingOrder {index:0;}">
                    <Coords points="281,656 281,716 355,716 355,656"/>
                    <TextEquiv>
                        <Unicode>Bey</Unicode>
                    </TextEquiv>
                </Word>
                <Word id="r_10_tl_7_w2" custom="readingOrder {index:1;}">
                    <Coords points="382,656 382,716 429,716 429,656"/>
                    <TextEquiv>
                        <Unicode>dem</Unicode>
                    </TextEquiv>
                </Word>
                <Word id="r_10_tl_7_w3" custom="readingOrder {index:2;}">
                    <Coords points="471,660 471,720 582,720 582,660"/>
                    <TextEquiv>
                        <Unicode>großen</Unicode>
                    </TextEquiv>
                </Word>
                <Word id="r_10_tl_7_w4" custom="readingOrder {index:3;}">
                    <Coords points="609,658 609,718 800,718 800,658"/>
                    <TextEquiv>
                        <Unicode>Kirchthore</Unicode>
                    </TextEquiv>
                </Word>
                <Word id="r_10_tl_7_w5" custom="readingOrder {index:4;}">
                    <Coords points="821,660 821,720 947,720 947,660"/>
                    <TextEquiv>
                        <Unicode>wurden</Unicode>
                    </TextEquiv>
                </Word>
                <Word id="r_10_tl_7_w6" custom="readingOrder {index:5;}">
                    <Coords points="975,661 975,721 1064,721 1064,661"/>
                    <TextEquiv>
                        <Unicode>Ihro</Unicode>
                    </TextEquiv>
                </Word>
                <Word id="r_10_tl_7_w7" custom="readingOrder {index:6;}">
                    <Coords points="1091,660 1091,720 1186,720 1186,660"/>
                    <TextEquiv>
                        <Unicode>Maj.</Unicode>
                    </TextEquiv>
                </Word>
                <Word id="r_10_tl_7_w8" custom="readingOrder {index:7;}">
                    <Coords points="1208,661 1208,721 1260,721 1260,661"/>
                    <TextEquiv>
                        <Unicode>von</Unicode>
                    </TextEquiv>
                </Word>
                <TextEquiv>
                    <Unicode>Bey dem großen Kirchthore wurden Ihro Maj. von</Unicode>
                </TextEquiv>
            </TextLine>
            <TextLine id="r_10_tl_8" custom="readingOrder {index:7;}">
                <Coords points="269,755 1268,758 1268,710 1202,705 269,705"/>
                <Baseline points="283,743 328,746 373,746 417,746 462,746 507,749 552,749 597,749 641,746 686,746 731,743 776,746 821,746 865,746 910,746 955,749 1000,749 1044,749 1089,749 1134,749 1179,749 1224,749 1268,749 1274,752"/>
                <Word id="r_10_tl_8_w1" custom="readingOrder {index:0;}">
                    <Coords points="275,704 275,764 329,764 329,704"/>
                    <TextEquiv>
                        <Unicode>dem</Unicode>
                    </TextEquiv>
                </Word>
                <Word id="r_10_tl_8_w2" custom="readingOrder {index:1;}">
                    <Coords points="367,706 367,766 497,766 497,706"/>
                    <TextEquiv>
                        <Unicode>hiesigen</Unicode>
                    </TextEquiv>
                </Word>
                <Word id="r_10_tl_8_w3" custom="readingOrder {index:2;}">
                    <Coords points="536,709 536,769 639,769 639,709"/>
                    <TextEquiv>
                        <Unicode>Herrn</Unicode>
                    </TextEquiv>
                </Word>
                <Word id="r_10_tl_8_w4" custom="readingOrder {index:3;}">
                    <Coords points="667,704 667,764 851,764 851,704"/>
                    <TextEquiv>
                        <Unicode>Erzbischof</Unicode>
                    </TextEquiv>
                </Word>
                <Word id="r_10_tl_8_w5" custom="readingOrder {index:4;}">
                    <Coords points="874,709 874,769 1037,769 1037,709"/>
                    <TextEquiv>
                        <Unicode>Cardinal</Unicode>
                    </TextEquiv>
                </Word>
                <Word id="r_10_tl_8_w6" custom="readingOrder {index:5;}">
                    <Coords points="1059,709 1059,769 1271,769 1271,709"/>
                    <TextEquiv>
                        <Unicode>empfangen,</Unicode>
                    </TextEquiv>
                </Word>
                <TextEquiv>
                    <Unicode>dem hiesigen Herrn Erzbischof Cardinal empfangen,</Unicode>
                </TextEquiv>
            </TextLine>
            <TextLine id="r_10_tl_9" custom="readingOrder {index:8;}">
                <Coords points="269,801 1273,809 1242,758 266,750"/>
                <Baseline points="283,791 328,794 373,794 417,797 462,800 507,797 552,794 597,794 641,794 686,794 731,794 776,794 821,797 865,797 910,797 955,797 1000,800 1044,800 1089,800 1134,800 1179,797 1224,797 1268,797 1280,794"/>
                <Word id="r_10_tl_9_w1" custom="readingOrder {index:0;}">
                    <Coords points="277,752 277,812 341,812 341,752"/>
                    <TextEquiv>
                        <Unicode>und</Unicode>
                    </TextEquiv>
                </Word>
                <Word id="r_10_tl_9_w2" custom="readingOrder {index:1;}">
                    <Coords points="374,755 374,815 428,815 428,755"/>
                    <TextEquiv>
                        <Unicode>von</Unicode>
                    </TextEquiv>
                </Word>
                <Word id="r_10_tl_9_w3" custom="readingOrder {index:2;}">
                    <Coords points="461,757 461,817 547,817 547,757"/>
                    <TextEquiv>
                        <Unicode>Jhro</Unicode>
                    </TextEquiv>
                </Word>
                <Word id="r_10_tl_9_w4" custom="readingOrder {index:3;}">
                    <Coords points="574,754 574,814 774,814 774,754"/>
                    <TextEquiv>
                        <Unicode>Hochfürstl.</Unicode>
                    </TextEquiv>
                </Word>
                <Word id="r_10_tl_9_w5" custom="readingOrder {index:4;}">
                    <Coords points="791,757 791,817 952,817 952,757"/>
                    <TextEquiv>
                        <Unicode>Eminenz</Unicode>
                    </TextEquiv>
                </Word>
                <Word id="r_10_tl_9_w6" custom="readingOrder {index:5;}">
                    <Coords points="974,760 974,820 1028,820 1028,760"/>
                    <TextEquiv>
                        <Unicode>und</Unicode>
                    </TextEquiv>
                </Word>
                <Word id="r_10_tl_9_w7" custom="readingOrder {index:6;}">
                    <Coords points="1050,760 1050,820 1098,820 1098,760"/>
                    <TextEquiv>
                        <Unicode>dem</Unicode>
                    </TextEquiv>
                </Word>
                <Word id="r_10_tl_9_w8" custom="readingOrder {index:7;}">
                    <Coords points="1142,757 1142,817 1271,817 1271,757"/>
                    <TextEquiv>
                        <Unicode>Päbstl.</Unicode>
                    </TextEquiv>
                </Word>
                <TextEquiv>
                    <Unicode>und von Jhro Hochfürstl. Eminenz und dem Päbstl.</Unicode>
                </TextEquiv>
            </TextLine>
            <TextLine id="r_10_tl_10" custom="readingOrder {index:9;}">
                <Coords points="269,864 1280,857 1262,806 269,804"/>
                <Baseline points="283,844 328,844 373,844 417,844 462,844 507,844 552,844 597,841 641,844 686,844 731,844 776,844 821,844 865,844 910,844 955,844 1000,847 1044,847 1089,847 1134,847 1179,847 1224,847 1268,844 1283,844"/>
                <Word id="r_10_tl_10_w1" custom="readingOrder {index:0;}">
                    <Coords points="274,804 274,864 408,864 408,804"/>
                    <TextEquiv>
                        <Unicode>Nuntio</Unicode>
                    </TextEquiv>
                </Word>
                <Word id="r_10_tl_10_w2" custom="readingOrder {index:1;}">
                    <Coords points="424,804 424,864 470,864 470,804"/>
                    <TextEquiv>
                        <Unicode>bis</Unicode>
                    </TextEquiv>
                </Word>
                <Word id="r_10_tl_10_w3" custom="readingOrder {index:2;}">
                    <Coords points="492,804 492,864 517,864 517,804"/>
                    <TextEquiv>
                        <Unicode>in</Unicode>
                    </TextEquiv>
                </Word>
                <Word id="r_10_tl_10_w4" custom="readingOrder {index:3;}">
                    <Coords points="543,802 543,862 600,862 600,802"/>
                    <TextEquiv>
                        <Unicode>das</Unicode>
                    </TextEquiv>
                </Word>
                <Word id="r_10_tl_10_w5" custom="readingOrder {index:4;}">
                    <Coords points="621,804 621,864 797,864 797,804"/>
                    <TextEquiv>
                        <Unicode>Oratorium</Unicode>
                    </TextEquiv>
                </Word>
                <Word id="r_10_tl_10_w6" custom="readingOrder {index:5;}">
                    <Coords points="828,804 828,864 994,864 994,804"/>
                    <TextEquiv>
                        <Unicode>begleitet.</Unicode>
                    </TextEquiv>
                </Word>
                <Word id="r_10_tl_10_w7" custom="readingOrder {index:6;}">
                    <Coords points="1025,807 1025,867 1170,867 1170,807"/>
                    <TextEquiv>
                        <Unicode>Hierauf</Unicode>
                    </TextEquiv>
                </Word>
                <Word id="r_10_tl_10_w8" custom="readingOrder {index:7;}">
                    <Coords points="1191,806 1191,866 1273,866 1273,806"/>
                    <TextEquiv>
                        <Unicode>wur¬</Unicode>
                    </TextEquiv>
                </Word>
                <TextEquiv>
                    <Unicode>Nuntio bis in das Oratorium begleitet. Hierauf wur¬</Unicode>
                </TextEquiv>
            </TextLine>
            <TextLine id="r_10_tl_11" custom="readingOrder {index:10;}">
                <Coords points="266,890 1273,902 1273,859 1224,852 266,852"/>
                <Baseline points="280,889 325,892 370,889 414,892 459,892 504,892 549,895 594,892 638,892 683,892 728,895 773,892 818,892 862,892 907,895 952,895 997,895 1041,895 1086,895 1131,895 1176,895 1221,895 1265,895 1280,895"/>
                <Word id="r_10_tl_11_w1" custom="readingOrder {index:0;}">
                    <Coords points="275,849 275,909 314,909 314,849"/>
                    <TextEquiv>
                        <Unicode>de</Unicode>
                    </TextEquiv>
                </Word>
                <Word id="r_10_tl_11_w2" custom="readingOrder {index:1;}">
                    <Coords points="334,849 334,909 382,909 382,849"/>
                    <TextEquiv>
                        <Unicode>das</Unicode>
                    </TextEquiv>
                </Word>
                <Word id="r_10_tl_11_w3" custom="readingOrder {index:2;}">
                    <Coords points="407,852 407,912 446,912 446,852"/>
                    <TextEquiv>
                        <Unicode>Te</Unicode>
                    </TextEquiv>
                </Word>
                <Word id="r_10_tl_11_w4" custom="readingOrder {index:3;}">
                    <Coords points="471,852 471,912 564,912 564,852"/>
                    <TextEquiv>
                        <Unicode>Deum</Unicode>
                    </TextEquiv>
                </Word>
                <Word id="r_10_tl_11_w5" custom="readingOrder {index:4;}">
                    <Coords points="599,852 599,912 771,912 771,852"/>
                    <TextEquiv>
                        <Unicode>laudamus</Unicode>
                    </TextEquiv>
                </Word>
                <Word id="r_10_tl_11_w6" custom="readingOrder {index:5;}">
                    <Coords points="801,855 801,915 1021,915 1021,855"/>
                    <TextEquiv>
                        <Unicode>angestimmt,</Unicode>
                    </TextEquiv>
                </Word>
                <Word id="r_10_tl_11_w7" custom="readingOrder {index:6;}">
                    <Coords points="1047,855 1047,915 1105,915 1105,855"/>
                    <TextEquiv>
                        <Unicode>und</Unicode>
                    </TextEquiv>
                </Word>
                <Word id="r_10_tl_11_w8" custom="readingOrder {index:7;}">
                    <Coords points="1130,855 1130,915 1178,915 1178,855"/>
                    <TextEquiv>
                        <Unicode>von</Unicode>
                    </TextEquiv>
                </Word>
                <Word id="r_10_tl_11_w9" custom="readingOrder {index:8;}">
                    <Coords points="1203,855 1203,915 1276,915 1276,855"/>
                    <TextEquiv>
                        <Unicode>Sr.</Unicode>
                    </TextEquiv>
                </Word>
                <TextEquiv>
                    <Unicode>de das Te Deum laudamus angestimmt, und von Sr.</Unicode>
                </TextEquiv>
            </TextLine>
            <TextLine id="r_10_tl_12" custom="readingOrder {index:11;}">
                <Coords points="276,951 1278,953 1278,902 276,905"/>
                <Baseline points="289,940 334,943 379,943 423,943 468,940 513,943 558,943 603,943 647,943 692,943 737,943 782,943 826,943 871,943 916,940 961,943 1006,943 1050,943 1095,946 1140,946 1185,946 1230,943 1274,940 1283,940"/>
                <Word id="r_10_tl_12_w1" custom="readingOrder {index:0;}">
                    <Coords points="281,903 281,963 439,963 439,903"/>
                    <TextEquiv>
                        <Unicode>Eminenz</Unicode>
                    </TextEquiv>
                </Word>
                <Word id="r_10_tl_12_w2" custom="readingOrder {index:1;}">
                    <Coords points="461,901 461,961 513,961 513,901"/>
                    <TextEquiv>
                        <Unicode>das</Unicode>
                    </TextEquiv>
                </Word>
                <Word id="r_10_tl_12_w3" custom="readingOrder {index:2;}">
                    <Coords points="535,903 535,963 694,963 694,903"/>
                    <TextEquiv>
                        <Unicode>Hochamt</Unicode>
                    </TextEquiv>
                </Word>
                <Word id="r_10_tl_12_w4" custom="readingOrder {index:3;}">
                    <Coords points="715,903 715,963 879,963 879,903"/>
                    <TextEquiv>
                        <Unicode>gehalten.</Unicode>
                    </TextEquiv>
                </Word>
                <Word id="r_10_tl_12_w5" custom="readingOrder {index:4;}">
                    <Coords points="916,903 916,963 1085,963 1085,903"/>
                    <TextEquiv>
                        <Unicode>Während</Unicode>
                    </TextEquiv>
                </Word>
                <Word id="r_10_tl_12_w6" custom="readingOrder {index:5;}">
                    <Coords points="1102,906 1102,966 1191,966 1191,906"/>
                    <TextEquiv>
                        <Unicode>dessen</Unicode>
                    </TextEquiv>
                </Word>
                <Word id="r_10_tl_12_w7" custom="readingOrder {index:6;}">
                    <Coords points="1218,902 1218,962 1270,962 1270,902"/>
                    <TextEquiv>
                        <Unicode>gab</Unicode>
                    </TextEquiv>
                </Word>
                <TextEquiv>
                    <Unicode>Eminenz das Hochamt gehalten. Während dessen gab</Unicode>
                </TextEquiv>
            </TextLine>
            <TextLine id="r_10_tl_13" custom="readingOrder {index:12;}">
                <Coords points="269,994 1283,999 1283,951 269,948"/>
                <Baseline points="283,988 328,988 373,991 417,991 462,991 507,991 552,988 597,991 641,991 686,991 731,991 776,991 821,991 865,991 910,991 955,988 1000,991 1044,991 1089,994 1134,994 1179,994 1224,988 1268,991 1289,988"/>
                <Word id="r_10_tl_13_w1" custom="readingOrder {index:0;}">
                    <Coords points="280,948 280,1008 337,1008 337,948"/>
                    <TextEquiv>
                        <Unicode>das</Unicode>
                    </TextEquiv>
                </Word>
                <Word id="r_10_tl_13_w2" custom="readingOrder {index:1;}">
                    <Coords points="359,951 359,1011 411,1011 411,951"/>
                    <TextEquiv>
                        <Unicode>auf</Unicode>
                    </TextEquiv>
                </Word>
                <Word id="r_10_tl_13_w3" custom="readingOrder {index:2;}">
                    <Coords points="428,951 428,1011 475,1011 475,951"/>
                    <TextEquiv>
                        <Unicode>dem</Unicode>
                    </TextEquiv>
                </Word>
                <Word id="r_10_tl_13_w4" custom="readingOrder {index:3;}">
                    <Coords points="513,950 513,1010 671,1010 671,950"/>
                    <TextEquiv>
                        <Unicode>Freyhofe</Unicode>
                    </TextEquiv>
                </Word>
                <Word id="r_10_tl_13_w5" custom="readingOrder {index:4;}">
                    <Coords points="687,951 687,1011 740,1011 740,951"/>
                    <TextEquiv>
                        <Unicode>mit</Unicode>
                    </TextEquiv>
                </Word>
                <Word id="r_10_tl_13_w6" custom="readingOrder {index:5;}">
                    <Coords points="756,951 756,1011 766,1011 766,951"/>
                    <TextEquiv>
                        <Unicode>2</Unicode>
                    </TextEquiv>
                </Word>
                <Word id="r_10_tl_13_w7" custom="readingOrder {index:6;}">
                    <Coords points="789,951 789,1011 936,1011 936,951"/>
                    <TextEquiv>
                        <Unicode>Fahnen,</Unicode>
                    </TextEquiv>
                </Word>
                <Word id="r_10_tl_13_w8" custom="readingOrder {index:7;}">
                    <Coords points="964,951 964,1011 1148,1011 1148,951"/>
                    <TextEquiv>
                        <Unicode>klingenden</Unicode>
                    </TextEquiv>
                </Word>
                <Word id="r_10_tl_13_w9" custom="readingOrder {index:8;}">
                    <Coords points="1175,948 1175,1008 1281,1008 1281,948"/>
                    <TextEquiv>
                        <Unicode>Spiel</Unicode>
                    </TextEquiv>
                </Word>
                <TextEquiv>
                    <Unicode>das auf dem Freyhofe mit 2 Fahnen, klingenden Spiel</Unicode>
                </TextEquiv>
            </TextLine>
            <TextLine id="r_10_tl_14" custom="readingOrder {index:13;}">
                <Coords points="264,1052 1278,1049 1278,1001 1237,996 264,1009"/>
                <Baseline points="277,1035 322,1038 367,1038 412,1038 456,1038 501,1035 546,1038 591,1038 635,1035 680,1035 725,1035 770,1038 815,1035 859,1035 904,1035 949,1035 994,1038 1038,1038 1083,1038 1128,1038 1173,1041 1218,1038 1262,1038 1283,1038"/>
                <Word id="r_10_tl_14_w1" custom="readingOrder {index:0;}">
                    <Coords points="268,996 268,1056 332,1056 332,996"/>
                    <TextEquiv>
                        <Unicode>und</Unicode>
                    </TextEquiv>
                </Word>
                <Word id="r_10_tl_14_w2" custom="readingOrder {index:1;}">
                    <Coords points="358,998 358,1058 407,1058 407,998"/>
                    <TextEquiv>
                        <Unicode>der</Unicode>
                    </TextEquiv>
                </Word>
                <Word id="r_10_tl_14_w3" custom="readingOrder {index:2;}">
                    <Coords points="432,996 432,1056 611,1056 611,996"/>
                    <TextEquiv>
                        <Unicode>Feldmusic</Unicode>
                    </TextEquiv>
                </Word>
                <Word id="r_10_tl_14_w4" custom="readingOrder {index:3;}">
                    <Coords points="641,995 641,1055 665,1055 665,995"/>
                    <TextEquiv>
                        <Unicode>in</Unicode>
                    </TextEquiv>
                </Word>
                <Word id="r_10_tl_14_w5" custom="readingOrder {index:4;}">
                    <Coords points="705,997 705,1057 844,1057 844,997"/>
                    <TextEquiv>
                        <Unicode>Parade</Unicode>
                    </TextEquiv>
                </Word>
                <Word id="r_10_tl_14_w6" custom="readingOrder {index:5;}">
                    <Coords points="870,996 870,1056 1063,1056 1063,996"/>
                    <TextEquiv>
                        <Unicode>gestandene</Unicode>
                    </TextEquiv>
                </Word>
                <Word id="r_10_tl_14_w7" custom="readingOrder {index:6;}">
                    <Coords points="1093,1000 1093,1060 1266,1060 1266,1000"/>
                    <TextEquiv>
                        <Unicode>Bataillon</Unicode>
                    </TextEquiv>
                </Word>
                <TextEquiv>
                    <Unicode>und der Feldmusic in Parade gestandene Bataillon</Unicode>
                </TextEquiv>
            </TextLine>
            <TextLine id="r_10_tl_15" custom="readingOrder {index:14;}">
                <Coords points="269,1093 1280,1100 1280,1057 1240,1047 269,1055"/>
                <Baseline points="283,1083 301,1086 346,1086 391,1083 435,1086 480,1083 525,1083 570,1083 615,1083 659,1083 704,1083 749,1083 794,1083 838,1083 883,1083 928,1083 973,1080 1018,1083 1062,1086 1107,1089 1152,1086 1197,1086 1241,1083 1286,1080"/>
                <Word id="r_10_tl_15_w1" custom="readingOrder {index:0;}">
                    <Coords points="274,1046 274,1106 361,1106 361,1046"/>
                    <TextEquiv>
                        <Unicode>nebst</Unicode>
                    </TextEquiv>
                </Word>
                <Word id="r_10_tl_15_w2" custom="readingOrder {index:1;}">
                    <Coords points="383,1045 383,1105 465,1105 465,1045"/>
                    <TextEquiv>
                        <Unicode>einer</Unicode>
                    </TextEquiv>
                </Word>
                <Word id="r_10_tl_15_w3" custom="readingOrder {index:2;}">
                    <Coords points="492,1043 492,1103 874,1103 874,1043"/>
                    <TextEquiv>
                        <Unicode>Grenadiercompagnie</Unicode>
                    </TextEquiv>
                </Word>
                <Word id="r_10_tl_15_w4" custom="readingOrder {index:3;}">
                    <Coords points="906,1042 906,1102 957,1102 957,1042"/>
                    <TextEquiv>
                        <Unicode>des</Unicode>
                    </TextEquiv>
                </Word>
                <Word id="r_10_tl_15_w5" custom="readingOrder {index:4;}">
                    <Coords points="989,1047 989,1107 1170,1107 1170,1047"/>
                    <TextEquiv>
                        <Unicode>Erzherzog</Unicode>
                    </TextEquiv>
                </Word>
                <Word id="r_10_tl_15_w6" custom="readingOrder {index:5;}">
                    <Coords points="1201,1043 1201,1103 1278,1103 1278,1043"/>
                    <TextEquiv>
                        <Unicode>Fer¬</Unicode>
                    </TextEquiv>
                </Word>
                <TextEquiv>
                    <Unicode>nebst einer Grenadiercompagnie des Erzherzog Fer¬</Unicode>
                </TextEquiv>
            </TextLine>
            <TextLine id="r_10_tl_16" custom="readingOrder {index:15;}">
                <Coords points="276,1148 1280,1146 1280,1100 1237,1095 276,1095"/>
                <Baseline points="289,1134 301,1134 346,1134 391,1131 435,1131 480,1131 525,1131 570,1131 615,1128 659,1134 704,1131 749,1128 794,1131 838,1128 883,1131 928,1128 973,1128 1018,1128 1062,1131 1107,1134 1152,1134 1197,1134 1241,1134 1286,1128"/>
                <Word id="r_10_tl_16_w1" custom="readingOrder {index:0;}">
                    <Coords points="280,1094 280,1154 398,1154 398,1094"/>
                    <TextEquiv>
                        <Unicode>dinand</Unicode>
                    </TextEquiv>
                </Word>
                <Word id="r_10_tl_16_w2" custom="readingOrder {index:1;}">
                    <Coords points="423,1091 423,1151 649,1151 649,1091"/>
                    <TextEquiv>
                        <Unicode>Hungarschen</Unicode>
                    </TextEquiv>
                </Word>
                <Word id="r_10_tl_16_w3" custom="readingOrder {index:2;}">
                    <Coords points="674,1090 674,1150 1077,1150 1077,1090"/>
                    <TextEquiv>
                        <Unicode>Infanterieregiments,</Unicode>
                    </TextEquiv>
                </Word>
                <Word id="r_10_tl_16_w4" custom="readingOrder {index:3;}">
                    <Coords points="1102,1094 1102,1154 1166,1154 1166,1094"/>
                    <TextEquiv>
                        <Unicode>eine</Unicode>
                    </TextEquiv>
                </Word>
                <Word id="r_10_tl_16_w5" custom="readingOrder {index:4;}">
                    <Coords points="1191,1094 1191,1154 1279,1154 1279,1094"/>
                    <TextEquiv>
                        <Unicode>drey¬</Unicode>
                    </TextEquiv>
                </Word>
                <TextEquiv>
                    <Unicode>dinand Hungarschen Infanterieregiments, eine drey¬</Unicode>
                </TextEquiv>
            </TextLine>
            <TextLine id="r_10_tl_17" custom="readingOrder {index:16;}">
                <Coords points="271,1189 1278,1194 1278,1148 1227,1138 271,1146"/>
                <Baseline points="286,1182 298,1182 343,1182 388,1179 432,1179 477,1179 522,1179 567,1179 612,1179 656,1179 701,1176 746,1176 791,1176 835,1176 880,1176 925,1176 970,1176 1015,1176 1059,1179 1104,1179 1149,1179 1194,1182 1238,1179 1283,1179"/>
                <Word id="r_10_tl_17_w1" custom="readingOrder {index:0;}">
                    <Coords points="281,1142 281,1202 401,1202 401,1142"/>
                    <TextEquiv>
                        <Unicode>malige</Unicode>
                    </TextEquiv>
                </Word>
                <Word id="r_10_tl_17_w2" custom="readingOrder {index:1;}">
                    <Coords points="426,1139 426,1199 557,1199 557,1139"/>
                    <TextEquiv>
                        <Unicode>Salve.</Unicode>
                    </TextEquiv>
                </Word>
                <Word id="r_10_tl_17_w3" custom="readingOrder {index:2;}">
                    <Coords points="612,1139 612,1199 687,1199 687,1139"/>
                    <TextEquiv>
                        <Unicode>Alle</Unicode>
                    </TextEquiv>
                </Word>
                <Word id="r_10_tl_17_w4" custom="readingOrder {index:3;}">
                    <Coords points="708,1136 708,1196 839,1196 839,1136"/>
                    <TextEquiv>
                        <Unicode>Glocken</Unicode>
                    </TextEquiv>
                </Word>
                <Word id="r_10_tl_17_w5" custom="readingOrder {index:4;}">
                    <Coords points="870,1136 870,1196 894,1196 894,1136"/>
                    <TextEquiv>
                        <Unicode>in</Unicode>
                    </TextEquiv>
                </Word>
                <Word id="r_10_tl_17_w6" custom="readingOrder {index:5;}">
                    <Coords points="925,1136 925,1196 990,1196 990,1136"/>
                    <TextEquiv>
                        <Unicode>und</Unicode>
                    </TextEquiv>
                </Word>
                <Word id="r_10_tl_17_w7" custom="readingOrder {index:6;}">
                    <Coords points="1015,1137 1015,1197 1070,1197 1070,1137"/>
                    <TextEquiv>
                        <Unicode>vor</Unicode>
                    </TextEquiv>
                </Word>
                <Word id="r_10_tl_17_w8" custom="readingOrder {index:7;}">
                    <Coords points="1091,1139 1091,1199 1140,1199 1140,1139"/>
                    <TextEquiv>
                        <Unicode>der</Unicode>
                    </TextEquiv>
                </Word>
                <Word id="r_10_tl_17_w9" custom="readingOrder {index:8;}">
                    <Coords points="1166,1140 1166,1200 1276,1200 1276,1140"/>
                    <TextEquiv>
                        <Unicode>Stadt</Unicode>
                    </TextEquiv>
                </Word>
                <TextEquiv>
                    <Unicode>malige Salve. Alle Glocken in und vor der Stadt</Unicode>
                </TextEquiv>
            </TextLine>
            <TextLine id="r_10_tl_18" custom="readingOrder {index:17;}">
                <Coords points="266,1240 1285,1242 1285,1191 1245,1186 266,1184"/>
                <Baseline points="280,1227 307,1227 352,1230 397,1230 441,1227 486,1230 531,1227 576,1224 620,1224 665,1224 710,1221 755,1224 800,1224 844,1224 889,1224 934,1224 979,1224 1024,1224 1068,1227 1113,1227 1158,1227 1203,1227 1247,1224 1292,1224"/>
                <Word id="r_10_tl_18_w1" custom="readingOrder {index:0;}">
                    <Coords points="270,1189 270,1249 404,1249 404,1189"/>
                    <TextEquiv>
                        <Unicode>wurden</Unicode>
                    </TextEquiv>
                </Word>
                <Word id="r_10_tl_18_w2" custom="readingOrder {index:1;}">
                    <Coords points="434,1188 434,1248 578,1248 578,1188"/>
                    <TextEquiv>
                        <Unicode>gelautet</Unicode>
                    </TextEquiv>
                </Word>
                <Word id="r_10_tl_18_w3" custom="readingOrder {index:2;}">
                    <Coords points="603,1184 603,1244 662,1244 662,1184"/>
                    <TextEquiv>
                        <Unicode>und</Unicode>
                    </TextEquiv>
                </Word>
                <Word id="r_10_tl_18_w4" custom="readingOrder {index:3;}">
                    <Coords points="703,1182 703,1242 762,1242 762,1182"/>
                    <TextEquiv>
                        <Unicode>100</Unicode>
                    </TextEquiv>
                </Word>
                <Word id="r_10_tl_18_w5" custom="readingOrder {index:4;}">
                    <Coords points="792,1184 792,1244 945,1244 945,1184"/>
                    <TextEquiv>
                        <Unicode>Canonen</Unicode>
                    </TextEquiv>
                </Word>
                <Word id="r_10_tl_18_w6" custom="readingOrder {index:5;}">
                    <Coords points="976,1184 976,1244 1030,1244 1030,1184"/>
                    <TextEquiv>
                        <Unicode>von</Unicode>
                    </TextEquiv>
                </Word>
                <Word id="r_10_tl_18_w7" custom="readingOrder {index:6;}">
                    <Coords points="1060,1187 1060,1247 1109,1247 1109,1187"/>
                    <TextEquiv>
                        <Unicode>den</Unicode>
                    </TextEquiv>
                </Word>
                <Word id="r_10_tl_18_w8" custom="readingOrder {index:7;}">
                    <Coords points="1140,1186 1140,1246 1273,1246 1273,1186"/>
                    <TextEquiv>
                        <Unicode>hiesigen</Unicode>
                    </TextEquiv>
                </Word>
                <TextEquiv>
                    <Unicode>wurden gelautet und 100 Canonen von den hiesigen</Unicode>
                </TextEquiv>
            </TextLine>
            <TextLine id="r_10_tl_19" custom="readingOrder {index:18;}">
                <Coords points="266,1293 1283,1283 1257,1232 266,1240"/>
                <Baseline points="280,1277 304,1277 349,1277 394,1277 438,1277 483,1277 528,1277 573,1274 618,1277 662,1274 707,1274 752,1271 797,1271 841,1274 886,1274 931,1274 976,1274 1021,1274 1065,1274 1110,1274 1155,1274 1200,1274 1244,1274 1289,1271"/>
                <Word id="r_10_tl_19_w1" custom="readingOrder {index:0;}">
                    <Coords points="272,1237 272,1297 403,1297 403,1237"/>
                    <TextEquiv>
                        <Unicode>Wällen</Unicode>
                    </TextEquiv>
                </Word>
                <Word id="r_10_tl_19_w2" custom="readingOrder {index:1;}">
                    <Coords points="431,1237 431,1297 518,1297 518,1237"/>
                    <TextEquiv>
                        <Unicode>rings</Unicode>
                    </TextEquiv>
                </Word>
                <Word id="r_10_tl_19_w3" custom="readingOrder {index:2;}">
                    <Coords points="546,1235 546,1295 644,1295 644,1235"/>
                    <TextEquiv>
                        <Unicode>herum</Unicode>
                    </TextEquiv>
                </Word>
                <Word id="r_10_tl_19_w4" custom="readingOrder {index:3;}">
                    <Coords points="688,1231 688,1291 891,1291 891,1231"/>
                    <TextEquiv>
                        <Unicode>abgefeuert.</Unicode>
                    </TextEquiv>
                </Word>
                <Word id="r_10_tl_19_w5" custom="readingOrder {index:4;}">
                    <Coords points="919,1234 919,1294 962,1294 962,1234"/>
                    <TextEquiv>
                        <Unicode>Um</Unicode>
                    </TextEquiv>
                </Word>
                <Word id="r_10_tl_19_w6" custom="readingOrder {index:5;}">
                    <Coords points="1007,1234 1007,1294 1039,1294 1039,1234"/>
                    <TextEquiv>
                        <Unicode>12</Unicode>
                    </TextEquiv>
                </Word>
                <Word id="r_10_tl_19_w7" custom="readingOrder {index:6;}">
                    <Coords points="1062,1234 1062,1294 1127,1294 1127,1234"/>
                    <TextEquiv>
                        <Unicode>Uhr</Unicode>
                    </TextEquiv>
                </Word>
                <Word id="r_10_tl_19_w8" custom="readingOrder {index:7;}">
                    <Coords points="1155,1234 1155,1294 1275,1294 1275,1234"/>
                    <TextEquiv>
                        <Unicode>kehrten</Unicode>
                    </TextEquiv>
                </Word>
                <TextEquiv>
                    <Unicode>Wällen rings herum abgefeuert. Um 12 Uhr kehrten</Unicode>
                </TextEquiv>
            </TextLine>
            <TextLine id="r_10_tl_20" custom="readingOrder {index:19;}">
                <Coords points="276,1341 1280,1336 1280,1283 276,1290"/>
                <Baseline points="289,1328 301,1328 346,1328 391,1325 435,1325 480,1328 525,1325 570,1325 615,1325 659,1325 704,1322 749,1322 794,1322 838,1322 883,1325 928,1325 973,1325 1018,1325 1062,1328 1107,1328 1152,1328 1197,1328 1241,1325 1286,1325"/>
                <Word id="r_10_tl_20_w1" custom="readingOrder {index:0;}">
                    <Coords points="282,1288 282,1348 331,1348 331,1288"/>
                    <TextEquiv>
                        <Unicode>die</Unicode>
                    </TextEquiv>
                </Word>
                <Word id="r_10_tl_20_w2" custom="readingOrder {index:1;}">
                    <Coords points="354,1285 354,1345 486,1345 486,1285"/>
                    <TextEquiv>
                        <Unicode>höchsten</Unicode>
                    </TextEquiv>
                </Word>
                <Word id="r_10_tl_20_w3" custom="readingOrder {index:2;}">
                    <Coords points="520,1285 520,1345 735,1345 735,1285"/>
                    <TextEquiv>
                        <Unicode>Herrschaften</Unicode>
                    </TextEquiv>
                </Word>
                <Word id="r_10_tl_20_w4" custom="readingOrder {index:3;}">
                    <Coords points="764,1282 764,1342 879,1342 879,1282"/>
                    <TextEquiv>
                        <Unicode>wieder</Unicode>
                    </TextEquiv>
                </Word>
                <Word id="r_10_tl_20_w5" custom="readingOrder {index:4;}">
                    <Coords points="902,1285 902,1345 929,1345 929,1285"/>
                    <TextEquiv>
                        <Unicode>in</Unicode>
                    </TextEquiv>
                </Word>
                <Word id="r_10_tl_20_w6" custom="readingOrder {index:5;}">
                    <Coords points="957,1285 957,1345 1007,1345 1007,1285"/>
                    <TextEquiv>
                        <Unicode>die</Unicode>
                    </TextEquiv>
                </Word>
                <Word id="r_10_tl_20_w7" custom="readingOrder {index:6;}">
                    <Coords points="1035,1288 1035,1348 1128,1348 1128,1288"/>
                    <TextEquiv>
                        <Unicode>Burg</Unicode>
                    </TextEquiv>
                </Word>
                <Word id="r_10_tl_20_w8" custom="readingOrder {index:7;}">
                    <Coords points="1157,1286 1157,1346 1278,1346 1278,1286"/>
                    <TextEquiv>
                        <Unicode>zurück.</Unicode>
                    </TextEquiv>
                </Word>
                <TextEquiv>
                    <Unicode>die höchsten Herrschaften wieder in die Burg zurück.</Unicode>
                </TextEquiv>
            </TextLine>
            <TextLine id="r_10_tl_21" custom="readingOrder {index:20;}">
                <Coords points="276,1389 1280,1394 1280,1338 1212,1333 276,1341"/>
                <Baseline points="289,1376 301,1376 346,1376 391,1376 435,1376 480,1376 525,1376 570,1376 615,1376 659,1376 704,1376 749,1376 794,1373 838,1373 883,1376 928,1376 973,1376 1018,1376 1062,1379 1107,1379 1152,1379 1197,1376 1241,1376 1286,1373"/>
                <Word id="r_10_tl_21_w1" custom="readingOrder {index:0;}">
                    <Coords points="282,1336 282,1396 375,1396 375,1336"/>
                    <TextEquiv>
                        <Unicode>Weil</Unicode>
                    </TextEquiv>
                </Word>
                <Word id="r_10_tl_21_w2" custom="readingOrder {index:1;}">
                    <Coords points="393,1336 393,1396 442,1396 442,1336"/>
                    <TextEquiv>
                        <Unicode>die</Unicode>
                    </TextEquiv>
                </Word>
                <Word id="r_10_tl_21_w3" custom="readingOrder {index:2;}">
                    <Coords points="464,1336 464,1396 635,1396 635,1336"/>
                    <TextEquiv>
                        <Unicode>öffentliche</Unicode>
                    </TextEquiv>
                </Word>
                <Word id="r_10_tl_21_w4" custom="readingOrder {index:3;}">
                    <Coords points="663,1334 663,1394 885,1394 885,1334"/>
                    <TextEquiv>
                        <Unicode>Freudenfeste</Unicode>
                    </TextEquiv>
                </Word>
                <Word id="r_10_tl_21_w5" custom="readingOrder {index:4;}">
                    <Coords points="902,1336 902,1396 951,1396 951,1336"/>
                    <TextEquiv>
                        <Unicode>bis</Unicode>
                    </TextEquiv>
                </Word>
                <Word id="r_10_tl_21_w6" custom="readingOrder {index:5;}">
                    <Coords points="974,1336 974,1396 1028,1396 1028,1336"/>
                    <TextEquiv>
                        <Unicode>zur</Unicode>
                    </TextEquiv>
                </Word>
                <Word id="r_10_tl_21_w7" custom="readingOrder {index:6;}">
                    <Coords points="1057,1339 1057,1399 1205,1399 1205,1339"/>
                    <TextEquiv>
                        <Unicode>Ankunft</Unicode>
                    </TextEquiv>
                </Word>
                <Word id="r_10_tl_21_w8" custom="readingOrder {index:7;}">
                    <Coords points="1222,1335 1222,1395 1272,1395 1272,1335"/>
                    <TextEquiv>
                        <Unicode>des</Unicode>
                    </TextEquiv>
                </Word>
                <TextEquiv>
                    <Unicode>Weil die öffentliche Freudenfeste bis zur Ankunft des</Unicode>
                </TextEquiv>
            </TextLine>
            <TextLine id="r_10_tl_22" custom="readingOrder {index:21;}">
                <Coords points="276,1440 1283,1442 1283,1394 1219,1387 276,1392"/>
                <Baseline points="289,1424 304,1424 349,1427 394,1427 438,1424 483,1424 528,1424 573,1424 618,1424 662,1424 707,1424 752,1424 797,1424 841,1424 886,1424 931,1427 976,1427 1021,1427 1065,1430 1110,1430 1155,1427 1200,1427 1244,1427 1289,1421"/>
                <Word id="r_10_tl_22_w1" custom="readingOrder {index:0;}">
                    <Coords points="282,1387 282,1447 416,1447 416,1387"/>
                    <TextEquiv>
                        <Unicode>Kaisers</Unicode>
                    </TextEquiv>
                </Word>
                <Word id="r_10_tl_22_w2" custom="readingOrder {index:1;}">
                    <Coords points="444,1384 444,1444 502,1444 502,1384"/>
                    <TextEquiv>
                        <Unicode>und</Unicode>
                    </TextEquiv>
                </Word>
                <Word id="r_10_tl_22_w3" custom="readingOrder {index:2;}">
                    <Coords points="530,1384 530,1444 583,1444 583,1384"/>
                    <TextEquiv>
                        <Unicode>des</Unicode>
                    </TextEquiv>
                </Word>
                <Word id="r_10_tl_22_w4" custom="readingOrder {index:3;}">
                    <Coords points="611,1384 611,1444 713,1444 713,1384"/>
                    <TextEquiv>
                        <Unicode>Röm.</Unicode>
                    </TextEquiv>
                </Word>
                <Word id="r_10_tl_22_w5" custom="readingOrder {index:4;}">
                    <Coords points="741,1384 741,1444 870,1444 870,1384"/>
                    <TextEquiv>
                        <Unicode>Königs</Unicode>
                    </TextEquiv>
                </Word>
                <Word id="r_10_tl_22_w6" custom="readingOrder {index:5;}">
                    <Coords points="898,1387 898,1447 1091,1447 1091,1387"/>
                    <TextEquiv>
                        <Unicode>Majestäten</Unicode>
                    </TextEquiv>
                </Word>
                <Word id="r_10_tl_22_w7" custom="readingOrder {index:6;}">
                    <Coords points="1124,1387 1124,1447 1189,1447 1189,1387"/>
                    <TextEquiv>
                        <Unicode>hier</Unicode>
                    </TextEquiv>
                </Word>
                <Word id="r_10_tl_22_w8" custom="readingOrder {index:7;}">
                    <Coords points="1216,1386 1216,1446 1280,1446 1280,1386"/>
                    <TextEquiv>
                        <Unicode>ver¬</Unicode>
                    </TextEquiv>
                </Word>
                <TextEquiv>
                    <Unicode>Kaisers und des Röm. Königs Majestäten hier ver¬</Unicode>
                </TextEquiv>
            </TextLine>
            <TextLine id="r_10_tl_23" custom="readingOrder {index:22;}">
                <Coords points="281,1488 1283,1491 1283,1440 1235,1435 281,1440"/>
                <Baseline points="295,1474 340,1474 385,1474 429,1474 474,1474 519,1471 564,1474 609,1474 653,1474 698,1471 743,1474 788,1474 832,1474 877,1474 922,1474 967,1477 1012,1474 1056,1477 1101,1477 1146,1477 1191,1477 1236,1477 1280,1474 1289,1474"/>
                <Word id="r_10_tl_23_w1" custom="readingOrder {index:0;}">
                    <Coords points="286,1434 286,1494 409,1494 409,1434"/>
                    <TextEquiv>
                        <Unicode>schoben</Unicode>
                    </TextEquiv>
                </Word>
                <Word id="r_10_tl_23_w2" custom="readingOrder {index:1;}">
                    <Coords points="441,1433 441,1493 518,1493 518,1433"/>
                    <TextEquiv>
                        <Unicode>sind,</Unicode>
                    </TextEquiv>
                </Word>
                <Word id="r_10_tl_23_w3" custom="readingOrder {index:2;}">
                    <Coords points="544,1434 544,1494 611,1494 611,1434"/>
                    <TextEquiv>
                        <Unicode>war</Unicode>
                    </TextEquiv>
                </Word>
                <Word id="r_10_tl_23_w4" custom="readingOrder {index:3;}">
                    <Coords points="632,1433 632,1493 693,1493 693,1433"/>
                    <TextEquiv>
                        <Unicode>nur</Unicode>
                    </TextEquiv>
                </Word>
                <Word id="r_10_tl_23_w5" custom="readingOrder {index:4;}">
                    <Coords points="709,1433 709,1493 755,1493 755,1433"/>
                    <TextEquiv>
                        <Unicode>des</Unicode>
                    </TextEquiv>
                </Word>
                <Word id="r_10_tl_23_w6" custom="readingOrder {index:5;}">
                    <Coords points="782,1434 782,1494 905,1494 905,1434"/>
                    <TextEquiv>
                        <Unicode>Abends</Unicode>
                    </TextEquiv>
                </Word>
                <Word id="r_10_tl_23_w7" custom="readingOrder {index:6;}">
                    <Coords points="926,1436 926,1496 1034,1496 1034,1436"/>
                    <TextEquiv>
                        <Unicode>großes</Unicode>
                    </TextEquiv>
                </Word>
                <Word id="r_10_tl_23_w8" custom="readingOrder {index:7;}">
                    <Coords points="1055,1437 1055,1497 1282,1497 1282,1437"/>
                    <TextEquiv>
                        <Unicode>Apartement.</Unicode>
                    </TextEquiv>
                </Word>
                <TextEquiv>
                    <Unicode>schoben sind, war nur des Abends großes Apartement.</Unicode>
                </TextEquiv>
            </TextLine>
            <TextLine id="r_10_tl_24" custom="readingOrder {index:23;}">
                <Coords points="276,1536 1278,1536 1245,1486 276,1480"/>
                <Baseline points="289,1519 334,1519 379,1522 423,1519 468,1522 513,1522 558,1519 603,1522 647,1522 692,1522 737,1522 782,1522 826,1522 871,1522 916,1522 961,1522 1006,1525 1050,1525 1095,1525 1140,1525 1185,1525 1230,1525 1274,1525 1283,1525"/>
                <Word id="r_10_tl_24_w1" custom="readingOrder {index:0;}">
                    <Coords points="282,1479 282,1539 357,1539 357,1479"/>
                    <TextEquiv>
                        <Unicode>Der</Unicode>
                    </TextEquiv>
                </Word>
                <Word id="r_10_tl_24_w2" custom="readingOrder {index:1;}">
                    <Coords points="385,1479 385,1539 471,1539 471,1479"/>
                    <TextEquiv>
                        <Unicode>Herr</Unicode>
                    </TextEquiv>
                </Word>
                <Word id="r_10_tl_24_w3" custom="readingOrder {index:2;}">
                    <Coords points="499,1482 499,1542 748,1542 748,1482"/>
                    <TextEquiv>
                        <Unicode>Feldmarschall</Unicode>
                    </TextEquiv>
                </Word>
                <Word id="r_10_tl_24_w4" custom="readingOrder {index:3;}">
                    <Coords points="777,1482 777,1542 868,1542 868,1482"/>
                    <TextEquiv>
                        <Unicode>Fürst</Unicode>
                    </TextEquiv>
                </Word>
                <Word id="r_10_tl_24_w5" custom="readingOrder {index:4;}">
                    <Coords points="901,1482 901,1542 961,1542 961,1482"/>
                    <TextEquiv>
                        <Unicode>von</Unicode>
                    </TextEquiv>
                </Word>
                <Word id="r_10_tl_24_w6" custom="readingOrder {index:5;}">
                    <Coords points="999,1485 999,1545 1172,1545 1172,1485"/>
                    <TextEquiv>
                        <Unicode>Bathiany</Unicode>
                    </TextEquiv>
                </Word>
                <Word id="r_10_tl_24_w7" custom="readingOrder {index:6;}">
                    <Coords points="1206,1485 1206,1545 1281,1545 1281,1485"/>
                    <TextEquiv>
                        <Unicode>aber</Unicode>
                    </TextEquiv>
                </Word>
                <TextEquiv>
                    <Unicode>Der Herr Feldmarschall Fürst von Bathiany aber</Unicode>
                </TextEquiv>
            </TextLine>
            <TextLine id="r_10_tl_25" custom="readingOrder {index:24;}">
                <Coords points="276,1595 1288,1587 1265,1534 276,1539"/>
                <Baseline points="289,1573 334,1570 379,1570 423,1570 468,1570 513,1570 558,1570 603,1570 647,1570 692,1570 737,1570 782,1570 826,1570 871,1570 916,1570 961,1570 1006,1570 1050,1573 1095,1573 1140,1573 1185,1573 1230,1576 1274,1573 1292,1576"/>
                <Word id="r_10_tl_25_w1" custom="readingOrder {index:0;}">
                    <Coords points="282,1531 282,1591 341,1591 341,1531"/>
                    <TextEquiv>
                        <Unicode>gab</Unicode>
                    </TextEquiv>
                </Word>
                <Word id="r_10_tl_25_w2" custom="readingOrder {index:1;}">
                    <Coords points="379,1530 379,1590 525,1590 525,1530"/>
                    <TextEquiv>
                        <Unicode>Mittags</Unicode>
                    </TextEquiv>
                </Word>
                <Word id="r_10_tl_25_w3" custom="readingOrder {index:2;}">
                    <Coords points="559,1530 559,1590 650,1590 650,1530"/>
                    <TextEquiv>
                        <Unicode>große</Unicode>
                    </TextEquiv>
                </Word>
                <Word id="r_10_tl_25_w4" custom="readingOrder {index:3;}">
                    <Coords points="684,1530 684,1590 797,1590 797,1530"/>
                    <TextEquiv>
                        <Unicode>Tafel.</Unicode>
                    </TextEquiv>
                </Word>
                <Word id="r_10_tl_25_w5" custom="readingOrder {index:4;}">
                    <Coords points="846,1530 846,1590 1025,1590 1025,1530"/>
                    <TextEquiv>
                        <Unicode>Mitwochs</Unicode>
                    </TextEquiv>
                </Word>
                <Word id="r_10_tl_25_w6" custom="readingOrder {index:5;}">
                    <Coords points="1058,1533 1058,1593 1204,1593 1204,1533"/>
                    <TextEquiv>
                        <Unicode>wohnten</Unicode>
                    </TextEquiv>
                </Word>
                <Word id="r_10_tl_25_w7" custom="readingOrder {index:6;}">
                    <Coords points="1237,1534 1237,1594 1280,1594 1280,1534"/>
                    <TextEquiv>
                        <Unicode>die</Unicode>
                    </TextEquiv>
                </Word>
                <TextEquiv>
                    <Unicode>gab Mittags große Tafel. Mitwochs wohnten die</Unicode>
                </TextEquiv>
            </TextLine>
            <TextLine id="r_10_tl_26" custom="readingOrder {index:25;}">
                <Coords points="276,1627 1280,1635 1280,1584 1232,1579 276,1592"/>
                <Baseline points="289,1621 334,1621 379,1618 423,1618 468,1618 513,1618 558,1618 603,1618 647,1618 692,1618 737,1618 782,1618 826,1618 871,1621 916,1621 961,1621 1006,1621 1050,1624 1095,1624 1140,1624 1185,1624 1230,1624 1274,1621 1286,1621"/>
                <Word id="r_10_tl_26_w1" custom="readingOrder {index:0;}">
                    <Coords points="282,1579 282,1639 428,1639 428,1579"/>
                    <TextEquiv>
                        <Unicode>Kaiserin</Unicode>
                    </TextEquiv>
                </Word>
                <Word id="r_10_tl_26_w2" custom="readingOrder {index:1;}">
                    <Coords points="456,1578 456,1638 515,1638 515,1578"/>
                    <TextEquiv>
                        <Unicode>und</Unicode>
                    </TextEquiv>
                </Word>
                <Word id="r_10_tl_26_w3" custom="readingOrder {index:2;}">
                    <Coords points="543,1578 543,1638 717,1638 717,1578"/>
                    <TextEquiv>
                        <Unicode>gesammte</Unicode>
                    </TextEquiv>
                </Word>
                <Word id="r_10_tl_26_w4" custom="readingOrder {index:3;}">
                    <Coords points="739,1578 739,1638 874,1638 874,1578"/>
                    <TextEquiv>
                        <Unicode>Königl.</Unicode>
                    </TextEquiv>
                </Word>
                <Word id="r_10_tl_26_w5" custom="readingOrder {index:4;}">
                    <Coords points="891,1581 891,1641 989,1641 989,1581"/>
                    <TextEquiv>
                        <Unicode>Hoh.</Unicode>
                    </TextEquiv>
                </Word>
                <Word id="r_10_tl_26_w6" custom="readingOrder {index:5;}">
                    <Coords points="1012,1583 1012,1643 1065,1643 1065,1583"/>
                    <TextEquiv>
                        <Unicode>den</Unicode>
                    </TextEquiv>
                </Word>
                <Word id="r_10_tl_26_w7" custom="readingOrder {index:6;}">
                    <Coords points="1104,1584 1104,1644 1283,1644 1283,1584"/>
                    <TextEquiv>
                        <Unicode>gewöhnli¬</Unicode>
                    </TextEquiv>
                </Word>
                <TextEquiv>
                    <Unicode>Kaiserin und gesammte Königl. Hoh. den gewöhnli¬</Unicode>
                </TextEquiv>
            </TextLine>
            <TextLine id="r_10_tl_27" custom="readingOrder {index:26;}">
                <Coords points="279,1678 1285,1676 1285,1635 1179,1627 279,1640"/>
                <Baseline points="292,1665 337,1668 382,1668 426,1668 471,1668 516,1665 561,1662 606,1665 650,1665 695,1665 740,1665 785,1665 829,1668 874,1668 919,1665 964,1665 1009,1668 1053,1668 1098,1668 1143,1668 1188,1668 1233,1668 1277,1668 1292,1665"/>
                <Word id="r_10_tl_27_w1" custom="readingOrder {index:0;}">
                    <Coords points="285,1626 285,1686 349,1686 349,1626"/>
                    <TextEquiv>
                        <Unicode>chen</Unicode>
                    </TextEquiv>
                </Word>
                <Word id="r_10_tl_27_w2" custom="readingOrder {index:1;}">
                    <Coords points="388,1624 388,1684 674,1684 674,1624"/>
                    <TextEquiv>
                        <Unicode>Fastenandachten</Unicode>
                    </TextEquiv>
                </Word>
                <Word id="r_10_tl_27_w3" custom="readingOrder {index:2;}">
                    <Coords points="713,1625 713,1685 734,1685 734,1625"/>
                    <TextEquiv>
                        <Unicode>in</Unicode>
                    </TextEquiv>
                </Word>
                <Word id="r_10_tl_27_w4" custom="readingOrder {index:3;}">
                    <Coords points="778,1626 778,1686 827,1686 827,1626"/>
                    <TextEquiv>
                        <Unicode>der</Unicode>
                    </TextEquiv>
                </Word>
                <Word id="r_10_tl_27_w5" custom="readingOrder {index:4;}">
                    <Coords points="860,1626 860,1686 1125,1686 1125,1626"/>
                    <TextEquiv>
                        <Unicode>Josephinischen</Unicode>
                    </TextEquiv>
                </Word>
                <Word id="r_10_tl_27_w6" custom="readingOrder {index:5;}">
                    <Coords points="1164,1628 1164,1688 1282,1688 1282,1628"/>
                    <TextEquiv>
                        <Unicode>Hofca¬</Unicode>
                    </TextEquiv>
                </Word>
                <TextEquiv>
                    <Unicode>chen Fastenandachten in der Josephinischen Hofca¬</Unicode>
                </TextEquiv>
            </TextLine>
            <TextLine id="r_10_tl_28" custom="readingOrder {index:27;}">
                <Coords points="276,1734 1288,1724 1288,1676 276,1676"/>
                <Baseline points="289,1716 307,1716 352,1713 397,1713 441,1710 486,1710 531,1710 576,1710 620,1710 665,1713 710,1710 755,1710 800,1710 844,1710 889,1710 934,1710 979,1710 1024,1713 1068,1713 1113,1713 1158,1713 1203,1713 1247,1713 1292,1710"/>
                <Word id="r_10_tl_28_w1" custom="readingOrder {index:0;}">
                    <Coords points="285,1674 285,1734 384,1734 384,1674"/>
                    <TextEquiv>
                        <Unicode>pelle,</Unicode>
                    </TextEquiv>
                </Word>
                <Word id="r_10_tl_28_w2" custom="readingOrder {index:1;}">
                    <Coords points="409,1670 409,1730 466,1730 466,1670"/>
                    <TextEquiv>
                        <Unicode>und</Unicode>
                    </TextEquiv>
                </Word>
                <Word id="r_10_tl_28_w3" custom="readingOrder {index:2;}">
                    <Coords points="495,1670 495,1730 537,1730 537,1670"/>
                    <TextEquiv>
                        <Unicode>die</Unicode>
                    </TextEquiv>
                </Word>
                <Word id="r_10_tl_28_w4" custom="readingOrder {index:3;}">
                    <Coords points="562,1670 562,1730 676,1730 676,1670"/>
                    <TextEquiv>
                        <Unicode>beyden</Unicode>
                    </TextEquiv>
                </Word>
                <Word id="r_10_tl_28_w5" custom="readingOrder {index:4;}">
                    <Coords points="705,1670 705,1730 848,1730 848,1670"/>
                    <TextEquiv>
                        <Unicode>folgende</Unicode>
                    </TextEquiv>
                </Word>
                <Word id="r_10_tl_28_w6" custom="readingOrder {index:5;}">
                    <Coords points="872,1670 872,1730 962,1730 962,1670"/>
                    <TextEquiv>
                        <Unicode>Tage</Unicode>
                    </TextEquiv>
                </Word>
                <Word id="r_10_tl_28_w7" custom="readingOrder {index:6;}">
                    <Coords points="987,1672 987,1732 1034,1732 1034,1672"/>
                    <TextEquiv>
                        <Unicode>den</Unicode>
                    </TextEquiv>
                </Word>
                <Word id="r_10_tl_28_w8" custom="readingOrder {index:7;}">
                    <Coords points="1068,1673 1068,1733 1287,1733 1287,1673"/>
                    <TextEquiv>
                        <Unicode>Geheimniß¬</Unicode>
                    </TextEquiv>
                </Word>
                <TextEquiv>
                    <Unicode>pelle, und die beyden folgende Tage den Geheimniß¬</Unicode>
                </TextEquiv>
            </TextLine>
            <TextLine id="r_10_tl_29" custom="readingOrder {index:28;}">
                <Coords points="281,1825 1280,1823 1280,1774 1224,1762 281,1777"/>
                <Baseline points="295,1806 298,1803 343,1803 388,1803 432,1803 477,1797 522,1797 567,1797 612,1797 656,1797 701,1797 746,1797 791,1797 835,1800 880,1797 925,1800 970,1800 1015,1800 1059,1803 1104,1803 1149,1803 1194,1803 1238,1803 1283,1803"/>
                <Word id="r_10_tl_29_w1" custom="readingOrder {index:0;}">
                    <Coords points="287,1763 287,1823 465,1823 465,1763"/>
                    <TextEquiv>
                        <Unicode>wöhnliche</Unicode>
                    </TextEquiv>
                </Word>
                <Word id="r_10_tl_29_w2" custom="readingOrder {index:1;}">
                    <Coords points="493,1757 493,1817 665,1817 665,1757"/>
                    <TextEquiv>
                        <Unicode>Exercitien</Unicode>
                    </TextEquiv>
                </Word>
                <Word id="r_10_tl_29_w3" custom="readingOrder {index:2;}">
                    <Coords points="699,1757 699,1817 725,1817 725,1757"/>
                    <TextEquiv>
                        <Unicode>in</Unicode>
                    </TextEquiv>
                </Word>
                <Word id="r_10_tl_29_w4" custom="readingOrder {index:3;}">
                    <Coords points="758,1757 758,1817 806,1817 806,1757"/>
                    <TextEquiv>
                        <Unicode>der</Unicode>
                    </TextEquiv>
                </Word>
                <Word id="r_10_tl_29_w5" custom="readingOrder {index:4;}">
                    <Coords points="829,1759 829,1819 1012,1819 1012,1759"/>
                    <TextEquiv>
                        <Unicode>Hofcapelle</Unicode>
                    </TextEquiv>
                </Word>
                <Word id="r_10_tl_29_w6" custom="readingOrder {index:5;}">
                    <Coords points="1035,1763 1035,1823 1121,1823 1121,1763"/>
                    <TextEquiv>
                        <Unicode>ihren</Unicode>
                    </TextEquiv>
                </Word>
                <Word id="r_10_tl_29_w7" custom="readingOrder {index:6;}">
                    <Coords points="1149,1763 1149,1823 1278,1823 1278,1763"/>
                    <TextEquiv>
                        <Unicode>Anfang</Unicode>
                    </TextEquiv>
                </Word>
                <TextEquiv>
                    <Unicode>wöhnliche Exercitien in der Hofcapelle ihren Anfang</Unicode>
                </TextEquiv>
            </TextLine>
            <TextLine id="r_10_tl_30" custom="readingOrder {index:29;}">
                <Coords points="281,1876 1283,1863 1283,1823 1143,1805 281,1823"/>
                <Baseline points="295,1859 304,1857 349,1851 394,1851 438,1851 483,1848 528,1848 573,1848 618,1845 662,1848 707,1848 752,1848 797,1848 841,1848 886,1848 931,1851 976,1854 1021,1854 1065,1854 1110,1854 1155,1854 1200,1854 1244,1854 1289,1848"/>
                <Word id="r_10_tl_30_w1" custom="readingOrder {index:0;}">
                    <Coords points="288,1811 288,1871 502,1871 502,1811"/>
                    <TextEquiv>
                        <Unicode>genommen.</Unicode>
                    </TextEquiv>
                </Word>
                <Word id="r_10_tl_30_w2" custom="readingOrder {index:1;}">
                    <Coords points="548,1806 548,1866 650,1866 650,1806"/>
                    <TextEquiv>
                        <Unicode>Diese</Unicode>
                    </TextEquiv>
                </Word>
                <Word id="r_10_tl_30_w3" custom="readingOrder {index:2;}">
                    <Coords points="673,1808 673,1868 786,1868 786,1808"/>
                    <TextEquiv>
                        <Unicode>Woche</Unicode>
                    </TextEquiv>
                </Word>
                <Word id="r_10_tl_30_w4" custom="readingOrder {index:3;}">
                    <Coords points="816,1808 816,1868 872,1868 872,1808"/>
                    <TextEquiv>
                        <Unicode>sind</Unicode>
                    </TextEquiv>
                </Word>
                <Word id="r_10_tl_30_w5" custom="readingOrder {index:4;}">
                    <Coords points="895,1810 895,1870 951,1870 951,1810"/>
                    <TextEquiv>
                        <Unicode>auf</Unicode>
                    </TextEquiv>
                </Word>
                <Word id="r_10_tl_30_w6" custom="readingOrder {index:5;}">
                    <Coords points="974,1814 974,1874 1025,1874 1025,1814"/>
                    <TextEquiv>
                        <Unicode>dem</Unicode>
                    </TextEquiv>
                </Word>
                <Word id="r_10_tl_30_w7" custom="readingOrder {index:6;}">
                    <Coords points="1059,1814 1059,1874 1189,1874 1189,1814"/>
                    <TextEquiv>
                        <Unicode>hiesigen</Unicode>
                    </TextEquiv>
                </Word>
                <Word id="r_10_tl_30_w8" custom="readingOrder {index:7;}">
                    <Coords points="1212,1813 1212,1873 1285,1873 1285,1813"/>
                    <TextEquiv>
                        <Unicode>Do=</Unicode>
                    </TextEquiv>
                </Word>
                <TextEquiv>
                    <Unicode>genommen. Diese Woche sind auf dem hiesigen Do=</Unicode>
                </TextEquiv>
            </TextLine>
            <TextLine id="r_10_tl_31" custom="readingOrder {index:30;}">
                <Coords points="279,1906 1285,1916 1285,1866 1252,1858 279,1876"/>
                <Baseline points="292,1901 337,1901 382,1898 426,1898 471,1898 516,1898 561,1895 606,1898 650,1898 695,1898 740,1898 785,1901 829,1898 874,1901 919,1901 964,1901 1009,1904 1053,1904 1098,1907 1143,1907 1188,1904 1233,1904 1277,1904 1292,1904"/>
                <Word id="r_10_tl_31_w1" custom="readingOrder {index:0;}">
                    <Coords points="285,1860 285,1920 407,1920 407,1860"/>
                    <TextEquiv>
                        <Unicode>nauarm</Unicode>
                    </TextEquiv>
                </Word>
                <Word id="r_10_tl_31_w2" custom="readingOrder {index:1;}">
                    <Coords points="458,1858 458,1918 535,1918 535,1858"/>
                    <TextEquiv>
                        <Unicode>schon</Unicode>
                    </TextEquiv>
                </Word>
                <Word id="r_10_tl_31_w3" custom="readingOrder {index:2;}">
                    <Coords points="581,1858 581,1918 792,1918 792,1858"/>
                    <TextEquiv>
                        <Unicode>verschiedene</Unicode>
                    </TextEquiv>
                </Word>
                <Word id="r_10_tl_31_w4" custom="readingOrder {index:3;}">
                    <Coords points="820,1861 820,1921 953,1921 953,1861"/>
                    <TextEquiv>
                        <Unicode>Schiffe</Unicode>
                    </TextEquiv>
                </Word>
                <Word id="r_10_tl_31_w5" custom="readingOrder {index:4;}">
                    <Coords points="976,1863 976,1923 1031,1923 1031,1863"/>
                    <TextEquiv>
                        <Unicode>aus</Unicode>
                    </TextEquiv>
                </Word>
                <Word id="r_10_tl_31_w6" custom="readingOrder {index:5;}">
                    <Coords points="1065,1866 1065,1926 1115,1926 1115,1866"/>
                    <TextEquiv>
                        <Unicode>dem</Unicode>
                    </TextEquiv>
                </Word>
                <Word id="r_10_tl_31_w7" custom="readingOrder {index:6;}">
                    <Coords points="1166,1864 1166,1924 1276,1924 1276,1864"/>
                    <TextEquiv>
                        <Unicode>Reiche</Unicode>
                    </TextEquiv>
                </Word>
                <TextEquiv>
                    <Unicode>nauarm schon verschiedene Schiffe aus dem Reiche</Unicode>
                </TextEquiv>
            </TextLine>
            <TextLine id="r_10_tl_32" custom="readingOrder {index:31;}">
                <Coords points="281,1962 1285,1962 1285,1914 1242,1911 281,1906"/>
                <Baseline points="295,1949 340,1952 385,1949 429,1949 474,1952 519,1952 564,1949 609,1952 653,1949 698,1949 743,1952 788,1952 832,1949 877,1952 922,1955 967,1955 1012,1955 1056,1955 1101,1958 1146,1955 1191,1955 1236,1955 1280,1955 1292,1955"/>
                <Word id="r_10_tl_32_w1" custom="readingOrder {index:0;}">
                    <Coords points="286,1910 286,1970 349,1970 349,1910"/>
                    <TextEquiv>
                        <Unicode>mit</Unicode>
                    </TextEquiv>
                </Word>
                <Word id="r_10_tl_32_w2" custom="readingOrder {index:1;}">
                    <Coords points="382,1911 382,1971 551,1971 551,1911"/>
                    <TextEquiv>
                        <Unicode>Equipage</Unicode>
                    </TextEquiv>
                </Word>
                <Word id="r_10_tl_32_w3" custom="readingOrder {index:2;}">
                    <Coords points="584,1911 584,1971 647,1971 647,1911"/>
                    <TextEquiv>
                        <Unicode>und</Unicode>
                    </TextEquiv>
                </Word>
                <Word id="r_10_tl_32_w4" custom="readingOrder {index:3;}">
                    <Coords points="679,1912 679,1972 822,1972 822,1912"/>
                    <TextEquiv>
                        <Unicode>Gepäcke</Unicode>
                    </TextEquiv>
                </Word>
                <Word id="r_10_tl_32_w5" custom="readingOrder {index:4;}">
                    <Coords points="854,1912 854,1972 907,1972 907,1912"/>
                    <TextEquiv>
                        <Unicode>von</Unicode>
                    </TextEquiv>
                </Word>
                <Word id="r_10_tl_32_w6" custom="readingOrder {index:5;}">
                    <Coords points="944,1915 944,1975 997,1975 997,1915"/>
                    <TextEquiv>
                        <Unicode>dem</Unicode>
                    </TextEquiv>
                </Word>
                <Word id="r_10_tl_32_w7" custom="readingOrder {index:6;}">
                    <Coords points="1045,1916 1045,1976 1188,1976 1188,1916"/>
                    <TextEquiv>
                        <Unicode>Kaiserl.</Unicode>
                    </TextEquiv>
                </Word>
                <Word id="r_10_tl_32_w8" custom="readingOrder {index:7;}">
                    <Coords points="1215,1915 1215,1975 1273,1975 1273,1915"/>
                    <TextEquiv>
                        <Unicode>und</Unicode>
                    </TextEquiv>
                </Word>
                <TextEquiv>
                    <Unicode>mit Equipage und Gepäcke von dem Kaiserl. und</Unicode>
                </TextEquiv>
            </TextLine>
            <TextLine id="r_10_tl_33" custom="readingOrder {index:32;}">
                <Coords points="286,2015 1285,2023 1285,1965 1212,1957 286,1962"/>
                <Baseline points="301,2000 346,2000 391,2000 435,2003 480,2003 525,2003 570,2003 615,2003 659,2000 704,1997 749,2000 794,2003 838,2003 883,2003 928,2003 973,2003 1018,2003 1062,2006 1107,2006 1152,2006 1197,2006 1241,2006 1286,2006 1292,2006"/>
                <Word id="r_10_tl_33_w1" custom="readingOrder {index:0;}">
                    <Coords points="292,1960 292,2020 402,2020 402,1960"/>
                    <TextEquiv>
                        <Unicode>Röm.</Unicode>
                    </TextEquiv>
                </Word>
                <Word id="r_10_tl_33_w2" custom="readingOrder {index:1;}">
                    <Coords points="425,1963 425,2023 562,2023 562,1963"/>
                    <TextEquiv>
                        <Unicode>Königl.</Unicode>
                    </TextEquiv>
                </Word>
                <Word id="r_10_tl_33_w3" custom="readingOrder {index:2;}">
                    <Coords points="579,1957 579,2017 801,2017 801,1957"/>
                    <TextEquiv>
                        <Unicode>Reisegefolge</Unicode>
                    </TextEquiv>
                </Word>
                <Word id="r_10_tl_33_w4" custom="readingOrder {index:3;}">
                    <Coords points="829,1963 829,2023 894,2023 894,1963"/>
                    <TextEquiv>
                        <Unicode>hier</Unicode>
                    </TextEquiv>
                </Word>
                <Word id="r_10_tl_33_w5" custom="readingOrder {index:4;}">
                    <Coords points="917,1964 917,2024 1166,2024 1166,1964"/>
                    <TextEquiv>
                        <Unicode>angekommen.</Unicode>
                    </TextEquiv>
                </Word>
                <Word id="r_10_tl_33_w6" custom="readingOrder {index:5;}">
                    <Coords points="1194,1966 1194,2026 1277,2026 1277,1966"/>
                    <TextEquiv>
                        <Unicode>Auch</Unicode>
                    </TextEquiv>
                </Word>
                <TextEquiv>
                    <Unicode>Röm. Königl. Reisegefolge hier angekommen. Auch</Unicode>
                </TextEquiv>
            </TextLine>
            <TextLine id="r_10_tl_34" custom="readingOrder {index:33;}">
                <Coords points="279,2066 1285,2071 1257,2013 279,2015"/>
                <Baseline points="292,2048 337,2054 382,2054 426,2054 471,2051 516,2051 561,2054 606,2051 650,2048 695,2048 740,2051 785,2051 829,2051 874,2051 919,2054 964,2054 1009,2054 1053,2054 1098,2054 1143,2054 1188,2057 1233,2057 1277,2057 1292,2054"/>
                <Word id="r_10_tl_34_w1" custom="readingOrder {index:0;}">
                    <Coords points="285,2014 285,2074 393,2074 393,2014"/>
                    <TextEquiv>
                        <Unicode>einige</Unicode>
                    </TextEquiv>
                </Word>
                <Word id="r_10_tl_34_w2" custom="readingOrder {index:1;}">
                    <Coords points="416,2012 416,2072 475,2072 475,2012"/>
                    <TextEquiv>
                        <Unicode>aus</Unicode>
                    </TextEquiv>
                </Word>
                <Word id="r_10_tl_34_w3" custom="readingOrder {index:2;}">
                    <Coords points="497,2011 497,2071 546,2071 546,2011"/>
                    <TextEquiv>
                        <Unicode>dem</Unicode>
                    </TextEquiv>
                </Word>
                <Word id="r_10_tl_34_w4" custom="readingOrder {index:3;}">
                    <Coords points="590,2008 590,2068 682,2068 682,2008"/>
                    <TextEquiv>
                        <Unicode>Reich</Unicode>
                    </TextEquiv>
                </Word>
                <Word id="r_10_tl_34_w5" custom="readingOrder {index:4;}">
                    <Coords points="711,2010 711,2070 742,2070 742,2010"/>
                    <TextEquiv>
                        <Unicode>zu</Unicode>
                    </TextEquiv>
                </Word>
                <Word id="r_10_tl_34_w6" custom="readingOrder {index:5;}">
                    <Coords points="770,2011 770,2071 895,2071 895,2011"/>
                    <TextEquiv>
                        <Unicode>Wasser</Unicode>
                    </TextEquiv>
                </Word>
                <Word id="r_10_tl_34_w7" custom="readingOrder {index:6;}">
                    <Coords points="912,2014 912,2074 982,2074 982,2014"/>
                    <TextEquiv>
                        <Unicode>hier</Unicode>
                    </TextEquiv>
                </Word>
                <Word id="r_10_tl_34_w8" custom="readingOrder {index:7;}">
                    <Coords points="1005,2014 1005,2074 1201,2074 1201,2014"/>
                    <TextEquiv>
                        <Unicode>angelangte</Unicode>
                    </TextEquiv>
                </Word>
                <Word id="r_10_tl_34_w9" custom="readingOrder {index:8;}">
                    <Coords points="1229,2017 1229,2077 1288,2077 1288,2017"/>
                    <TextEquiv>
                        <Unicode>Fa¬</Unicode>
                    </TextEquiv>
                </Word>
                <TextEquiv>
                    <Unicode>einige aus dem Reich zu Wasser hier angelangte Fa¬</Unicode>
                </TextEquiv>
            </TextLine>
            <TextLine id="r_10_tl_35" custom="readingOrder {index:34;}">
                <Coords points="279,2119 1283,2119 1283,2069 1219,2063 279,2069"/>
                <Baseline points="292,2098 337,2101 382,2101 426,2101 471,2101 516,2101 561,2098 606,2098 650,2098 695,2098 740,2098 785,2098 829,2101 874,2098 919,2101 964,2104 1009,2104 1053,2101 1098,2101 1143,2101 1188,2101 1233,2101 1277,2107 1289,2101"/>
                <Word id="r_10_tl_35_w1" custom="readingOrder {index:0;}">
                    <Coords points="285,2061 285,2121 396,2121 396,2061"/>
                    <TextEquiv>
                        <Unicode>milien</Unicode>
                    </TextEquiv>
                </Word>
                <Word id="r_10_tl_35_w2" custom="readingOrder {index:1;}">
                    <Coords points="424,2061 424,2121 518,2121 518,2061"/>
                    <TextEquiv>
                        <Unicode>haben</Unicode>
                    </TextEquiv>
                </Word>
                <Word id="r_10_tl_35_w3" custom="readingOrder {index:2;}">
                    <Coords points="557,2058 557,2118 624,2118 624,2058"/>
                    <TextEquiv>
                        <Unicode>ihre</Unicode>
                    </TextEquiv>
                </Word>
                <Word id="r_10_tl_35_w4" custom="readingOrder {index:3;}">
                    <Coords points="652,2058 652,2118 757,2118 757,2058"/>
                    <TextEquiv>
                        <Unicode>Fahrt</Unicode>
                    </TextEquiv>
                </Word>
                <Word id="r_10_tl_35_w5" custom="readingOrder {index:4;}">
                    <Coords points="786,2060 786,2120 852,2120 852,2060"/>
                    <TextEquiv>
                        <Unicode>nach</Unicode>
                    </TextEquiv>
                </Word>
                <Word id="r_10_tl_35_w6" custom="readingOrder {index:5;}">
                    <Coords points="886,2064 886,2124 1069,2124 1069,2064"/>
                    <TextEquiv>
                        <Unicode>Hungarn,</Unicode>
                    </TextEquiv>
                </Word>
                <Word id="r_10_tl_35_w7" custom="readingOrder {index:6;}">
                    <Coords points="1097,2061 1097,2121 1130,2121 1130,2061"/>
                    <TextEquiv>
                        <Unicode>um</Unicode>
                    </TextEquiv>
                </Word>
                <Word id="r_10_tl_35_w8" custom="readingOrder {index:7;}">
                    <Coords points="1175,2061 1175,2121 1219,2121 1219,2061"/>
                    <TextEquiv>
                        <Unicode>sich</Unicode>
                    </TextEquiv>
                </Word>
                <Word id="r_10_tl_35_w9" custom="readingOrder {index:8;}">
                    <Coords points="1247,2064 1247,2124 1274,2124 1274,2064"/>
                    <TextEquiv>
                        <Unicode>in</Unicode>
                    </TextEquiv>
                </Word>
                <TextEquiv>
                    <Unicode>milien haben ihre Fahrt nach Hungarn, um sich in</Unicode>
                </TextEquiv>
            </TextLine>
            <TextLine id="r_10_tl_36" custom="readingOrder {index:35;}">
                <Coords points="286,2160 1280,2165 1280,2119 1229,2112 286,2117"/>
                <Baseline points="301,2152 346,2152 391,2152 435,2149 480,2149 525,2149 570,2149 615,2149 659,2146 704,2149 749,2149 794,2146 838,2149 883,2149 928,2152 973,2152 1018,2152 1062,2152 1107,2149 1152,2152 1197,2152 1241,2152 1286,2155"/>
                <Word id="r_10_tl_36_w1" custom="readingOrder {index:0;}">
                    <Coords points="292,2112 292,2172 386,2172 386,2112"/>
                    <TextEquiv>
                        <Unicode>diesem</Unicode>
                    </TextEquiv>
                </Word>
                <Word id="r_10_tl_36_w2" custom="readingOrder {index:1;}">
                    <Coords points="437,2109 437,2169 648,2169 648,2109"/>
                    <TextEquiv>
                        <Unicode>Königreiche</Unicode>
                    </TextEquiv>
                </Word>
                <Word id="r_10_tl_36_w3" custom="readingOrder {index:2;}">
                    <Coords points="682,2109 682,2169 815,2169 815,2109"/>
                    <TextEquiv>
                        <Unicode>ansäßig</Unicode>
                    </TextEquiv>
                </Word>
                <Word id="r_10_tl_36_w4" custom="readingOrder {index:3;}">
                    <Coords points="843,2109 843,2169 876,2169 876,2109"/>
                    <TextEquiv>
                        <Unicode>zu</Unicode>
                    </TextEquiv>
                </Word>
                <Word id="r_10_tl_36_w5" custom="readingOrder {index:4;}">
                    <Coords points="911,2112 911,2172 1065,2172 1065,2112"/>
                    <TextEquiv>
                        <Unicode>machen,</Unicode>
                    </TextEquiv>
                </Word>
                <Word id="r_10_tl_36_w6" custom="readingOrder {index:5;}">
                    <Coords points="1094,2112 1094,2172 1283,2172 1283,2112"/>
                    <TextEquiv>
                        <Unicode>fortgesetzt.</Unicode>
                    </TextEquiv>
                </Word>
                <TextEquiv>
                    <Unicode>diesem Königreiche ansäßig zu machen, fortgesetzt.</Unicode>
                </TextEquiv>
            </TextLine>
            <TextLine id="r_10_tl_37" custom="readingOrder {index:36;}">
                <Coords points="281,2205 1283,2221 1283,2162 281,2155"/>
                <Baseline points="295,2197 340,2197 385,2197 429,2197 474,2197 519,2197 564,2197 609,2197 653,2197 698,2197 743,2197 788,2194 832,2197 877,2197 922,2200 967,2200 1012,2200 1056,2203 1101,2200 1146,2200 1191,2200 1236,2200 1280,2203 1289,2203"/>
                <Word id="r_10_tl_37_w1" custom="readingOrder {index:0;}">
                    <Coords points="285,2157 285,2217 363,2217 363,2157"/>
                    <TextEquiv>
                        <Unicode>Von</Unicode>
                    </TextEquiv>
                </Word>
                <Word id="r_10_tl_37_w2" custom="readingOrder {index:1;}">
                    <Coords points="398,2157 398,2217 451,2217 451,2157"/>
                    <TextEquiv>
                        <Unicode>den</Unicode>
                    </TextEquiv>
                </Word>
                <Word id="r_10_tl_37_w3" custom="readingOrder {index:2;}">
                    <Coords points="501,2157 501,2217 736,2217 736,2157"/>
                    <TextEquiv>
                        <Unicode>neuernennten</Unicode>
                    </TextEquiv>
                </Word>
                <Word id="r_10_tl_37_w4" custom="readingOrder {index:3;}">
                    <Coords points="782,2159 782,2219 1051,2219 1051,2159"/>
                    <TextEquiv>
                        <Unicode>Kammerherren</Unicode>
                    </TextEquiv>
                </Word>
                <Word id="r_10_tl_37_w5" custom="readingOrder {index:4;}">
                    <Coords points="1101,2160 1101,2220 1198,2220 1198,2160"/>
                    <TextEquiv>
                        <Unicode>haben</Unicode>
                    </TextEquiv>
                </Word>
                <Word id="r_10_tl_37_w6" custom="readingOrder {index:5;}">
                    <Coords points="1238,2161 1238,2221 1281,2221 1281,2161"/>
                    <TextEquiv>
                        <Unicode>die</Unicode>
                    </TextEquiv>
                </Word>
                <TextEquiv>
                    <Unicode>Von den neuernennten Kammerherren haben die</Unicode>
                </TextEquiv>
            </TextLine>
            <TextLine id="r_10_tl_38" custom="readingOrder {index:37;}">
                <Coords points="284,2256 1278,2279 1278,2211 1224,2200 284,2213"/>
                <Baseline points="298,2245 343,2245 388,2245 432,2242 477,2242 522,2242 567,2245 612,2245 656,2245 701,2245 746,2242 791,2245 835,2245 880,2245 925,2248 970,2251 1015,2251 1059,2251 1104,2251 1149,2248 1194,2251 1238,2251 1283,2251"/>
                <Word id="r_10_tl_38_w1" custom="readingOrder {index:0;}">
                    <Coords points="290,2205 290,2265 411,2265 411,2205"/>
                    <TextEquiv>
                        <Unicode>Grafen</Unicode>
                    </TextEquiv>
                </Word>
                <Word id="r_10_tl_38_w2" custom="readingOrder {index:1;}">
                    <Coords points="446,2202 446,2262 501,2262 501,2202"/>
                    <TextEquiv>
                        <Unicode>von</Unicode>
                    </TextEquiv>
                </Word>
                <Word id="r_10_tl_38_w3" custom="readingOrder {index:2;}">
                    <Coords points="535,2205 535,2265 735,2265 735,2205"/>
                    <TextEquiv>
                        <Unicode>Lerchenfeld</Unicode>
                    </TextEquiv>
                </Word>
                <Word id="r_10_tl_38_w4" custom="readingOrder {index:3;}">
                    <Coords points="769,2205 769,2265 824,2265 824,2205"/>
                    <TextEquiv>
                        <Unicode>und</Unicode>
                    </TextEquiv>
                </Word>
                <Word id="r_10_tl_38_w5" custom="readingOrder {index:4;}">
                    <Coords points="858,2205 858,2265 913,2265 913,2205"/>
                    <TextEquiv>
                        <Unicode>von</Unicode>
                    </TextEquiv>
                </Word>
                <Word id="r_10_tl_38_w6" custom="readingOrder {index:5;}">
                    <Coords points="947,2211 947,2271 1025,2271 1025,2211"/>
                    <TextEquiv>
                        <Unicode>Arco</Unicode>
                    </TextEquiv>
                </Word>
                <Word id="r_10_tl_38_w7" custom="readingOrder {index:6;}">
                    <Coords points="1059,2211 1059,2271 1108,2271 1108,2211"/>
                    <TextEquiv>
                        <Unicode>den</Unicode>
                    </TextEquiv>
                </Word>
                <Word id="r_10_tl_38_w8" custom="readingOrder {index:7;}">
                    <Coords points="1148,2209 1148,2269 1203,2269 1203,2209"/>
                    <TextEquiv>
                        <Unicode>Eid</Unicode>
                    </TextEquiv>
                </Word>
                <Word id="r_10_tl_38_w9" custom="readingOrder {index:8;}">
                    <Coords points="1231,2211 1231,2271 1281,2271 1281,2211"/>
                    <TextEquiv>
                        <Unicode>der</Unicode>
                    </TextEquiv>
                </Word>
                <TextEquiv>
                    <Unicode>Grafen von Lerchenfeld und von Arco den Eid der</Unicode>
                </TextEquiv>
            </TextLine>
            <TextLine id="r_10_tl_39" custom="readingOrder {index:38;}">
                <Coords points="286,2317 411,2307 444,2322 504,2299 550,2312 593,2304 593,2254 286,2256"/>
                <Baseline points="301,2289 346,2289 391,2289 435,2289 480,2289 525,2289 570,2292 600,2292"/>
                <Word id="r_10_tl_39_w1" custom="readingOrder {index:0;}">
                    <Coords points="291,2249 291,2309 403,2309 403,2249"/>
                    <TextEquiv>
                        <Unicode>Treue</Unicode>
                    </TextEquiv>
                </Word>
                <Word id="r_10_tl_39_w2" custom="readingOrder {index:1;}">
                    <Coords points="431,2249 431,2309 591,2309 591,2249"/>
                    <TextEquiv>
                        <Unicode>abgelegt.</Unicode>
                    </TextEquiv>
                </Word>
                <TextEquiv>
                    <Unicode>Treue abgelegt.</Unicode>
                </TextEquiv>
            </TextLine>
            <TextLine id="r_10_tl_40" custom="readingOrder {index:39;}">
                <Coords points="459,2342 712,2337 776,2358 816,2337 1120,2365 1118,2297 971,2314 766,2289 725,2307 667,2271 583,2309 459,2304"/>
                <Baseline points="474,2334 519,2334 564,2337 609,2337 653,2334 698,2334 743,2334 788,2337 832,2337 877,2340 922,2343 967,2343 1012,2346 1056,2346 1101,2346 1125,2346"/>
                <Word id="r_10_tl_40_w1" custom="readingOrder {index:0;}">
                    <Coords points="466,2295 466,2355 803,2355 803,2295"/>
                    <TextEquiv>
                        <Unicode>Donauwörth,</Unicode>
                    </TextEquiv>
                </Word>
                <Word id="r_10_tl_40_w2" custom="readingOrder {index:1;}">
                    <Coords points="827,2298 827,2358 879,2358 879,2298"/>
                    <TextEquiv>
                        <Unicode>den</Unicode>
                    </TextEquiv>
                </Word>
                <Word id="r_10_tl_40_w3" custom="readingOrder {index:2;}">
                    <Coords points="916,2303 916,2363 975,2363 975,2303"/>
                    <TextEquiv>
                        <Unicode>13.</Unicode>
                    </TextEquiv>
                </Word>
                <Word id="r_10_tl_40_w4" custom="readingOrder {index:3;}">
                    <Coords points="999,2306 999,2366 1116,2366 1116,2306"/>
                    <TextEquiv>
                        <Unicode>April.</Unicode>
                    </TextEquiv>
                </Word>
                <TextEquiv>
                    <Unicode>Donauwörth, den 13. April.</Unicode>
                </TextEquiv>
            </TextLine>
            <TextLine id="r_10_tl_41" custom="readingOrder {index:40;}">
                <Coords points="335,2393 1283,2411 1265,2350 616,2360 335,2330"/>
                <Baseline points="349,2382 394,2385 438,2382 483,2382 528,2379 573,2379 618,2382 662,2382 707,2382 752,2385 797,2385 841,2388 886,2388 931,2391 976,2394 1021,2394 1065,2397 1110,2397 1155,2394 1200,2394 1244,2397 1289,2400"/>
                <Word id="r_10_tl_41_w1" custom="readingOrder {index:0;}">
                    <Coords points="341,2343 341,2403 492,2403 492,2343"/>
                    <TextEquiv>
                        <Unicode>Nachdem</Unicode>
                    </TextEquiv>
                </Word>
                <Word id="r_10_tl_41_w2" custom="readingOrder {index:1;}">
                    <Coords points="531,2339 531,2399 606,2399 606,2339"/>
                    <TextEquiv>
                        <Unicode>Se.</Unicode>
                    </TextEquiv>
                </Word>
                <Word id="r_10_tl_41_w3" custom="readingOrder {index:2;}">
                    <Coords points="623,2342 623,2402 769,2402 769,2342"/>
                    <TextEquiv>
                        <Unicode>Kaiserl.</Unicode>
                    </TextEquiv>
                </Word>
                <Word id="r_10_tl_41_w4" custom="readingOrder {index:3;}">
                    <Coords points="781,2345 781,2405 835,2405 835,2345"/>
                    <TextEquiv>
                        <Unicode>und</Unicode>
                    </TextEquiv>
                </Word>
                <Word id="r_10_tl_41_w5" custom="readingOrder {index:4;}">
                    <Coords points="857,2348 857,2408 905,2408 905,2348"/>
                    <TextEquiv>
                        <Unicode>des</Unicode>
                    </TextEquiv>
                </Word>
                <Word id="r_10_tl_41_w6" custom="readingOrder {index:5;}">
                    <Coords points="928,2354 928,2414 1030,2414 1030,2354"/>
                    <TextEquiv>
                        <Unicode>Röm.</Unicode>
                    </TextEquiv>
                </Word>
                <Word id="r_10_tl_41_w7" custom="readingOrder {index:6;}">
                    <Coords points="1042,2357 1042,2417 1166,2417 1166,2357"/>
                    <TextEquiv>
                        <Unicode>Königs</Unicode>
                    </TextEquiv>
                </Word>
                <Word id="r_10_tl_41_w8" custom="readingOrder {index:7;}">
                    <Coords points="1189,2356 1189,2416 1286,2416 1286,2356"/>
                    <TextEquiv>
                        <Unicode>Maj.</Unicode>
                    </TextEquiv>
                </Word>
                <TextEquiv>
                    <Unicode>Nachdem Se. Kaiserl. und des Röm. Königs Maj.</Unicode>
                </TextEquiv>
            </TextLine>
            <TextLine id="r_10_tl_42" custom="readingOrder {index:41;}">
                <Coords points="281,2449 1242,2464 1280,2456 1278,2413 279,2411"/>
                <Baseline points="295,2439 340,2439 385,2439 429,2436 474,2433 519,2433 564,2430 609,2430 653,2430 698,2430 743,2430 788,2433 832,2436 877,2439 922,2442 967,2442 1012,2442 1056,2445 1101,2445 1146,2445 1191,2445 1236,2445 1280,2448 1286,2445"/>
                <Word id="r_10_tl_42_w1" custom="readingOrder {index:0;}">
                    <Coords points="287,2399 287,2459 350,2459 350,2399"/>
                    <TextEquiv>
                        <Unicode>auf</Unicode>
                    </TextEquiv>
                </Word>
                <Word id="r_10_tl_42_w2" custom="readingOrder {index:1;}">
                    <Coords points="369,2393 369,2453 559,2453 559,2393"/>
                    <TextEquiv>
                        <Unicode>angehörter</Unicode>
                    </TextEquiv>
                </Word>
                <Word id="r_10_tl_42_w3" custom="readingOrder {index:2;}">
                    <Coords points="592,2390 592,2450 641,2450 641,2390"/>
                    <TextEquiv>
                        <Unicode>H.</Unicode>
                    </TextEquiv>
                </Word>
                <Word id="r_10_tl_42_w4" custom="readingOrder {index:3;}">
                    <Coords points="667,2390 667,2450 775,2450 775,2390"/>
                    <TextEquiv>
                        <Unicode>Messe</Unicode>
                    </TextEquiv>
                </Word>
                <Word id="r_10_tl_42_w5" custom="readingOrder {index:4;}">
                    <Coords points="801,2394 801,2454 831,2454 831,2394"/>
                    <TextEquiv>
                        <Unicode>um</Unicode>
                    </TextEquiv>
                </Word>
                <Word id="r_10_tl_42_w6" custom="readingOrder {index:5;}">
                    <Coords points="883,2401 883,2461 952,2461 952,2401"/>
                    <TextEquiv>
                        <Unicode>halb</Unicode>
                    </TextEquiv>
                </Word>
                <Word id="r_10_tl_42_w7" custom="readingOrder {index:6;}">
                    <Coords points="984,2402 984,2462 997,2462 997,2402"/>
                    <TextEquiv>
                        <Unicode>5</Unicode>
                    </TextEquiv>
                </Word>
                <Word id="r_10_tl_42_w8" custom="readingOrder {index:7;}">
                    <Coords points="1029,2405 1029,2465 1092,2465 1092,2405"/>
                    <TextEquiv>
                        <Unicode>Uhr</Unicode>
                    </TextEquiv>
                </Word>
                <Word id="r_10_tl_42_w9" custom="readingOrder {index:8;}">
                    <Coords points="1118,2405 1118,2465 1168,2465 1168,2405"/>
                    <TextEquiv>
                        <Unicode>von</Unicode>
                    </TextEquiv>
                </Word>
                <Word id="r_10_tl_42_w10" custom="readingOrder {index:9;}">
                    <Coords points="1200,2405 1200,2465 1275,2465 1275,2405"/>
                    <TextEquiv>
                        <Unicode>Wal</Unicode>
                    </TextEquiv>
                </Word>
                <TextEquiv>
                    <Unicode>auf angehörter H. Messe um halb 5 Uhr von Wal</Unicode>
                </TextEquiv>
            </TextLine>
            <TextLine id="r_10_tl_43" custom="readingOrder {index:42;}">
                <Coords points="284,2500 1285,2505 1268,2454 284,2449"/>
                <Baseline points="298,2486 343,2486 388,2486 432,2483 477,2483 522,2480 567,2477 612,2477 656,2477 701,2477 746,2480 791,2480 835,2483 880,2483 925,2486 970,2489 1015,2492 1059,2492 1104,2492 1149,2495 1194,2495 1238,2495 1283,2495 1292,2495"/>
                <Word id="r_10_tl_43_w1" custom="readingOrder {index:0;}">
                    <Coords points="292,2446 292,2506 411,2506 411,2446"/>
                    <TextEquiv>
                        <Unicode>lerstein</Unicode>
                    </TextEquiv>
                </Word>
                <Word id="r_10_tl_43_w2" custom="readingOrder {index:1;}">
                    <Coords points="444,2437 444,2497 688,2497 688,2437"/>
                    <TextEquiv>
                        <Unicode>aufgebrochen,</Unicode>
                    </TextEquiv>
                </Word>
                <Word id="r_10_tl_43_w3" custom="readingOrder {index:2;}">
                    <Coords points="714,2440 714,2500 858,2500 858,2440"/>
                    <TextEquiv>
                        <Unicode>waselbst</Unicode>
                    </TextEquiv>
                </Word>
                <Word id="r_10_tl_43_w4" custom="readingOrder {index:3;}">
                    <Coords points="878,2444 878,2504 921,2504 921,2444"/>
                    <TextEquiv>
                        <Unicode>der</Unicode>
                    </TextEquiv>
                </Word>
                <Word id="r_10_tl_43_w5" custom="readingOrder {index:4;}">
                    <Coords points="941,2449 941,2509 1028,2509 1028,2449"/>
                    <TextEquiv>
                        <Unicode>Herr</Unicode>
                    </TextEquiv>
                </Word>
                <Word id="r_10_tl_43_w6" custom="readingOrder {index:5;}">
                    <Coords points="1048,2453 1048,2513 1205,2513 1205,2453"/>
                    <TextEquiv>
                        <Unicode>Cardinal</Unicode>
                    </TextEquiv>
                </Word>
                <Word id="r_10_tl_43_w7" custom="readingOrder {index:6;}">
                    <Coords points="1218,2455 1218,2515 1274,2515 1274,2455"/>
                    <TextEquiv>
                        <Unicode>und</Unicode>
                    </TextEquiv>
                </Word>
                <TextEquiv>
                    <Unicode>lerstein aufgebrochen, waselbst der Herr Cardinal und</Unicode>
                </TextEquiv>
            </TextLine>
            <TextLine id="r_10_tl_44" custom="readingOrder {index:43;}">
                <Coords points="286,2555 806,2532 1285,2558 1285,2505 1214,2500 286,2500"/>
                <Baseline points="301,2540 346,2537 391,2534 435,2531 480,2534 525,2531 570,2531 615,2528 659,2528 704,2525 749,2525 794,2528 838,2531 883,2531 928,2534 973,2537 1018,2537 1062,2540 1107,2543 1152,2543 1197,2543 1241,2543 1286,2543 1289,2543"/>
                <Word id="r_10_tl_44_w1" custom="readingOrder {index:0;}">
                    <Coords points="295,2495 295,2555 428,2555 428,2495"/>
                    <TextEquiv>
                        <Unicode>Bischof</Unicode>
                    </TextEquiv>
                </Word>
                <Word id="r_10_tl_44_w2" custom="readingOrder {index:1;}">
                    <Coords points="455,2494 455,2554 505,2554 505,2494"/>
                    <TextEquiv>
                        <Unicode>von</Unicode>
                    </TextEquiv>
                </Word>
                <Word id="r_10_tl_44_w3" custom="readingOrder {index:2;}">
                    <Coords points="538,2488 538,2548 697,2548 697,2488"/>
                    <TextEquiv>
                        <Unicode>Constanz</Unicode>
                    </TextEquiv>
                </Word>
                <Word id="r_10_tl_44_w4" custom="readingOrder {index:3;}">
                    <Coords points="717,2485 717,2545 787,2545 787,2485"/>
                    <TextEquiv>
                        <Unicode>ihre</Unicode>
                    </TextEquiv>
                </Word>
                <Word id="r_10_tl_44_w5" custom="readingOrder {index:4;}">
                    <Coords points="807,2492 807,2552 1018,2552 1018,2492"/>
                    <TextEquiv>
                        <Unicode>Aufwartung</Unicode>
                    </TextEquiv>
                </Word>
                <Word id="r_10_tl_44_w6" custom="readingOrder {index:5;}">
                    <Coords points="1038,2503 1038,2563 1191,2563 1191,2503"/>
                    <TextEquiv>
                        <Unicode>gemacht,</Unicode>
                    </TextEquiv>
                </Word>
                <Word id="r_10_tl_44_w7" custom="readingOrder {index:6;}">
                    <Coords points="1217,2503 1217,2563 1274,2563 1274,2503"/>
                    <TextEquiv>
                        <Unicode>sind</Unicode>
                    </TextEquiv>
                </Word>
                <TextEquiv>
                    <Unicode>Bischof von Constanz ihre Aufwartung gemacht, sind</Unicode>
                </TextEquiv>
            </TextLine>
            <TextLine id="r_10_tl_45" custom="readingOrder {index:44;}">
                <Coords points="281,2593 1280,2601 1280,2553 1202,2545 281,2545"/>
                <Baseline points="295,2588 340,2585 385,2585 429,2585 474,2582 519,2582 564,2579 609,2579 653,2576 698,2576 743,2576 788,2576 832,2579 877,2579 922,2582 967,2585 1012,2585 1056,2588 1101,2591 1146,2591 1191,2591 1236,2591 1280,2591 1286,2591"/>
                <Word id="r_10_tl_45_w1" custom="readingOrder {index:0;}">
                    <Coords points="288,2545 288,2605 560,2605 560,2545"/>
                    <TextEquiv>
                        <Unicode>Höchstdieselben</Unicode>
                    </TextEquiv>
                </Word>
                <Word id="r_10_tl_45_w2" custom="readingOrder {index:1;}">
                    <Coords points="584,2539 584,2599 619,2599 619,2539"/>
                    <TextEquiv>
                        <Unicode>um</Unicode>
                    </TextEquiv>
                </Word>
                <Word id="r_10_tl_45_w3" custom="readingOrder {index:2;}">
                    <Coords points="662,2536 662,2596 679,2596 679,2536"/>
                    <TextEquiv>
                        <Unicode>7</Unicode>
                    </TextEquiv>
                </Word>
                <Word id="r_10_tl_45_w4" custom="readingOrder {index:3;}">
                    <Coords points="703,2536 703,2596 767,2596 767,2536"/>
                    <TextEquiv>
                        <Unicode>Uhr</Unicode>
                    </TextEquiv>
                </Word>
                <Word id="r_10_tl_45_w5" custom="readingOrder {index:4;}">
                    <Coords points="786,2538 786,2598 874,2598 874,2538"/>
                    <TextEquiv>
                        <Unicode>frühe</Unicode>
                    </TextEquiv>
                </Word>
                <Word id="r_10_tl_45_w6" custom="readingOrder {index:5;}">
                    <Coords points="893,2543 893,2603 981,2603 981,2543"/>
                    <TextEquiv>
                        <Unicode>unter</Unicode>
                    </TextEquiv>
                </Word>
                <Word id="r_10_tl_45_w7" custom="readingOrder {index:6;}">
                    <Coords points="1005,2551 1005,2611 1200,2611 1200,2551"/>
                    <TextEquiv>
                        <Unicode>beständiger</Unicode>
                    </TextEquiv>
                </Word>
                <Word id="r_10_tl_45_w8" custom="readingOrder {index:7;}">
                    <Coords points="1224,2551 1224,2611 1283,2611 1283,2551"/>
                    <TextEquiv>
                        <Unicode>Ab=</Unicode>
                    </TextEquiv>
                </Word>
                <TextEquiv>
                    <Unicode>Höchstdieselben um 7 Uhr frühe unter beständiger Ab=</Unicode>
                </TextEquiv>
            </TextLine>
            <TextLine id="r_10_tl_46" custom="readingOrder {index:45;}">
                <Coords points="281,2649 1280,2649 1245,2601 279,2601"/>
                <Baseline points="295,2639 340,2633 385,2633 429,2633 474,2633 519,2633 564,2633 609,2630 653,2630 698,2627 743,2624 788,2627 832,2627 877,2627 922,2627 967,2630 1012,2636 1056,2636 1101,2636 1146,2639 1191,2642 1236,2639 1280,2642 1286,2642"/>
                <Word id="r_10_tl_46_w1" custom="readingOrder {index:0;}">
                    <Coords points="287,2593 287,2653 419,2653 419,2593"/>
                    <TextEquiv>
                        <Unicode>feurung</Unicode>
                    </TextEquiv>
                </Word>
                <Word id="r_10_tl_46_w2" custom="readingOrder {index:1;}">
                    <Coords points="452,2593 452,2653 496,2653 496,2593"/>
                    <TextEquiv>
                        <Unicode>der</Unicode>
                    </TextEquiv>
                </Word>
                <Word id="r_10_tl_46_w3" custom="readingOrder {index:2;}">
                    <Coords points="522,2593 522,2653 578,2653 578,2593"/>
                    <TextEquiv>
                        <Unicode>auf</Unicode>
                    </TextEquiv>
                </Word>
                <Word id="r_10_tl_46_w4" custom="readingOrder {index:3;}">
                    <Coords points="598,2590 598,2650 648,2650 648,2590"/>
                    <TextEquiv>
                        <Unicode>dem</Unicode>
                    </TextEquiv>
                </Word>
                <Word id="r_10_tl_46_w5" custom="readingOrder {index:4;}">
                    <Coords points="693,2586 693,2646 870,2646 870,2586"/>
                    <TextEquiv>
                        <Unicode>Spielberg</Unicode>
                    </TextEquiv>
                </Word>
                <Word id="r_10_tl_46_w6" custom="readingOrder {index:5;}">
                    <Coords points="896,2593 896,2653 1091,2653 1091,2593"/>
                    <TextEquiv>
                        <Unicode>gepflanzten</Unicode>
                    </TextEquiv>
                </Word>
                <Word id="r_10_tl_46_w7" custom="readingOrder {index:6;}">
                    <Coords points="1125,2601 1125,2661 1269,2661 1269,2601"/>
                    <TextEquiv>
                        <Unicode>Canonen</Unicode>
                    </TextEquiv>
                </Word>
                <TextEquiv>
                    <Unicode>feurung der auf dem Spielberg gepflanzten Canonen</Unicode>
                </TextEquiv>
            </TextLine>
            <TextLine id="r_10_tl_47" custom="readingOrder {index:46;}">
                <Coords points="284,2702 857,2677 1278,2702 1278,2654 1120,2644 284,2647"/>
                <Baseline points="298,2686 343,2683 388,2681 432,2681 477,2681 522,2681 567,2681 612,2681 656,2681 701,2681 746,2675 791,2675 835,2675 880,2675 925,2678 970,2681 1015,2681 1059,2683 1104,2686 1149,2689 1194,2686 1238,2689 1283,2689"/>
                <Word id="r_10_tl_47_w1" custom="readingOrder {index:0;}">
                    <Coords points="286,2642 286,2702 433,2702 433,2642"/>
                    <TextEquiv>
                        <Unicode>glücklich</Unicode>
                    </TextEquiv>
                </Word>
                <Word id="r_10_tl_47_w2" custom="readingOrder {index:1;}">
                    <Coords points="466,2641 466,2701 574,2701 574,2641"/>
                    <TextEquiv>
                        <Unicode>dahier</Unicode>
                    </TextEquiv>
                </Word>
                <Word id="r_10_tl_47_w3" custom="readingOrder {index:2;}">
                    <Coords points="600,2639 600,2699 831,2699 831,2639"/>
                    <TextEquiv>
                        <Unicode>eingetroffen,</Unicode>
                    </TextEquiv>
                </Word>
                <Word id="r_10_tl_47_w4" custom="readingOrder {index:3;}">
                    <Coords points="870,2639 870,2699 1023,2699 1023,2639"/>
                    <TextEquiv>
                        <Unicode>bestiegen</Unicode>
                    </TextEquiv>
                </Word>
                <Word id="r_10_tl_47_w5" custom="readingOrder {index:4;}">
                    <Coords points="1062,2647 1062,2707 1183,2707 1183,2647"/>
                    <TextEquiv>
                        <Unicode>sogleich</Unicode>
                    </TextEquiv>
                </Word>
                <Word id="r_10_tl_47_w6" custom="readingOrder {index:5;}">
                    <Coords points="1216,2649 1216,2709 1273,2709 1273,2649"/>
                    <TextEquiv>
                        <Unicode>das</Unicode>
                    </TextEquiv>
                </Word>
                <TextEquiv>
                    <Unicode>glücklich dahier eingetroffen, bestiegen sogleich das</Unicode>
                </TextEquiv>
            </TextLine>
            <TextLine id="r_10_tl_48" custom="readingOrder {index:47;}">
                <Coords points="279,2745 1285,2748 1285,2700 1055,2687 279,2705"/>
                <Baseline points="292,2734 337,2731 382,2731 426,2731 471,2728 516,2728 561,2728 606,2728 650,2728 695,2728 740,2725 785,2725 829,2722 874,2722 919,2722 964,2725 1009,2728 1053,2731 1098,2731 1143,2737 1188,2737 1233,2737 1277,2740 1292,2740"/>
                <Word id="r_10_tl_48_w1" custom="readingOrder {index:0;}">
                    <Coords points="288,2691 288,2751 453,2751 453,2691"/>
                    <TextEquiv>
                        <Unicode>prächtige</Unicode>
                    </TextEquiv>
                </Word>
                <Word id="r_10_tl_48_w2" custom="readingOrder {index:1;}">
                    <Coords points="480,2688 480,2748 639,2748 639,2688"/>
                    <TextEquiv>
                        <Unicode>Leibschiff</Unicode>
                    </TextEquiv>
                </Word>
                <Word id="r_10_tl_48_w3" custom="readingOrder {index:2;}">
                    <Coords points="659,2688 659,2748 716,2748 716,2688"/>
                    <TextEquiv>
                        <Unicode>und</Unicode>
                    </TextEquiv>
                </Word>
                <Word id="r_10_tl_48_w4" custom="readingOrder {index:3;}">
                    <Coords points="742,2684 742,2744 845,2744 845,2684"/>
                    <TextEquiv>
                        <Unicode>setzten</Unicode>
                    </TextEquiv>
                </Word>
                <Word id="r_10_tl_48_w5" custom="readingOrder {index:4;}">
                    <Coords points="871,2682 871,2742 960,2742 960,2682"/>
                    <TextEquiv>
                        <Unicode>Dero</Unicode>
                    </TextEquiv>
                </Word>
                <Word id="r_10_tl_48_w6" custom="readingOrder {index:5;}">
                    <Coords points="980,2689 980,2749 1088,2749 1088,2689"/>
                    <TextEquiv>
                        <Unicode>Reise,</Unicode>
                    </TextEquiv>
                </Word>
                <Word id="r_10_tl_48_w7" custom="readingOrder {index:6;}">
                    <Coords points="1108,2697 1108,2757 1197,2757 1197,2697"/>
                    <TextEquiv>
                        <Unicode>unter</Unicode>
                    </TextEquiv>
                </Word>
                <Word id="r_10_tl_48_w8" custom="readingOrder {index:7;}">
                    <Coords points="1217,2698 1217,2758 1286,2758 1286,2698"/>
                    <TextEquiv>
                        <Unicode>tau¬</Unicode>
                    </TextEquiv>
                </Word>
                <TextEquiv>
                    <Unicode>prächtige Leibschiff und setzten Dero Reise, unter tau¬</Unicode>
                </TextEquiv>
            </TextLine>
            <TextLine id="r_10_tl_49" custom="readingOrder {index:48;}">
                <Coords points="281,2786 1285,2796 1285,2750 1209,2740 281,2745"/>
                <Baseline points="295,2782 340,2782 385,2782 429,2779 474,2776 519,2776 564,2779 609,2776 653,2773 698,2776 743,2776 788,2776 832,2773 877,2773 922,2773 967,2776 1012,2779 1056,2779 1101,2785 1146,2785 1191,2785 1236,2788 1280,2788 1292,2785"/>
                <Word id="r_10_tl_49_w1" custom="readingOrder {index:0;}">
                    <Coords points="283,2742 283,2802 353,2802 353,2742"/>
                    <TextEquiv>
                        <Unicode>send</Unicode>
                    </TextEquiv>
                </Word>
                <Word id="r_10_tl_49_w2" custom="readingOrder {index:1;}">
                    <Coords points="380,2736 380,2796 553,2796 553,2736"/>
                    <TextEquiv>
                        <Unicode>Wünschen</Unicode>
                    </TextEquiv>
                </Word>
                <Word id="r_10_tl_49_w3" custom="readingOrder {index:2;}">
                    <Coords points="586,2735 586,2795 636,2795 636,2735"/>
                    <TextEquiv>
                        <Unicode>des</Unicode>
                    </TextEquiv>
                </Word>
                <Word id="r_10_tl_49_w4" custom="readingOrder {index:3;}">
                    <Coords points="663,2736 663,2796 785,2796 785,2736"/>
                    <TextEquiv>
                        <Unicode>Volks,</Unicode>
                    </TextEquiv>
                </Word>
                <Word id="r_10_tl_49_w5" custom="readingOrder {index:4;}">
                    <Coords points="818,2733 818,2793 849,2793 849,2733"/>
                    <TextEquiv>
                        <Unicode>zu</Unicode>
                    </TextEquiv>
                </Word>
                <Word id="r_10_tl_49_w6" custom="readingOrder {index:5;}">
                    <Coords points="889,2735 889,2795 1016,2795 1016,2735"/>
                    <TextEquiv>
                        <Unicode>Wasser</Unicode>
                    </TextEquiv>
                </Word>
                <Word id="r_10_tl_49_w7" custom="readingOrder {index:6;}">
                    <Coords points="1043,2742 1043,2802 1119,2802 1119,2742"/>
                    <TextEquiv>
                        <Unicode>fort,</Unicode>
                    </TextEquiv>
                </Word>
                <Word id="r_10_tl_49_w8" custom="readingOrder {index:7;}">
                    <Coords points="1146,2745 1146,2805 1171,2805 1171,2745"/>
                    <TextEquiv>
                        <Unicode>in</Unicode>
                    </TextEquiv>
                </Word>
                <Word id="r_10_tl_49_w9" custom="readingOrder {index:8;}">
                    <Coords points="1197,2748 1197,2808 1280,2808 1280,2748"/>
                    <TextEquiv>
                        <Unicode>einer</Unicode>
                    </TextEquiv>
                </Word>
                <TextEquiv>
                    <Unicode>send Wünschen des Volks, zu Wasser fort, in einer</Unicode>
                </TextEquiv>
            </TextLine>
            <TextLine id="r_10_tl_50" custom="readingOrder {index:49;}">
                <Coords points="284,2837 1285,2844 1285,2796 880,2773 284,2788"/>
                <Baseline points="298,2827 343,2830 388,2830 432,2827 477,2827 522,2827 567,2824 612,2824 656,2827 701,2824 746,2824 791,2824 835,2824 880,2821 925,2821 970,2821 1015,2824 1059,2827 1104,2830 1149,2833 1194,2833 1238,2836 1283,2836 1292,2836"/>
                <Word id="r_10_tl_50_w1" custom="readingOrder {index:0;}">
                    <Coords points="292,2790 292,2850 402,2850 402,2790"/>
                    <TextEquiv>
                        <Unicode>Suite</Unicode>
                    </TextEquiv>
                </Word>
                <Word id="r_10_tl_50_w2" custom="readingOrder {index:1;}">
                    <Coords points="421,2787 421,2847 477,2847 477,2787"/>
                    <TextEquiv>
                        <Unicode>von</Unicode>
                    </TextEquiv>
                </Word>
                <Word id="r_10_tl_50_w3" custom="readingOrder {index:2;}">
                    <Coords points="508,2785 508,2845 588,2845 588,2785"/>
                    <TextEquiv>
                        <Unicode>etlich</Unicode>
                    </TextEquiv>
                </Word>
                <Word id="r_10_tl_50_w4" custom="readingOrder {index:3;}">
                    <Coords points="614,2785 614,2845 736,2845 736,2785"/>
                    <TextEquiv>
                        <Unicode>dreyßig</Unicode>
                    </TextEquiv>
                </Word>
                <Word id="r_10_tl_50_w5" custom="readingOrder {index:4;}">
                    <Coords points="762,2783 762,2843 928,2843 928,2783"/>
                    <TextEquiv>
                        <Unicode>Schiffen.</Unicode>
                    </TextEquiv>
                </Word>
                <Word id="r_10_tl_50_w6" custom="readingOrder {index:5;}">
                    <Coords points="960,2782 960,2842 1027,2842 1027,2782"/>
                    <TextEquiv>
                        <Unicode>Die</Unicode>
                    </TextEquiv>
                </Word>
                <Word id="r_10_tl_50_w7" custom="readingOrder {index:6;}">
                    <Coords points="1047,2793 1047,2853 1287,2853 1287,2793"/>
                    <TextEquiv>
                        <Unicode>Bootsknechte</Unicode>
                    </TextEquiv>
                </Word>
                <TextEquiv>
                    <Unicode>Suite von etlich dreyßig Schiffen. Die Bootsknechte</Unicode>
                </TextEquiv>
            </TextLine>
            <TextLine id="r_10_tl_51" custom="readingOrder {index:50;}">
                <Coords points="284,2887 1283,2895 1283,2844 284,2839"/>
                <Baseline points="298,2878 343,2881 388,2881 432,2878 477,2878 522,2875 567,2875 612,2875 656,2878 701,2878 746,2878 791,2875 835,2872 880,2875 925,2872 970,2875 1015,2875 1059,2875 1104,2878 1149,2881 1194,2881 1238,2881 1283,2881 1289,2881"/>
                <Word id="r_10_tl_51_w1" custom="readingOrder {index:0;}">
                    <Coords points="290,2840 290,2900 392,2900 392,2840"/>
                    <TextEquiv>
                        <Unicode>waren</Unicode>
                    </TextEquiv>
                </Word>
                <Word id="r_10_tl_51_w2" custom="readingOrder {index:1;}">
                    <Coords points="420,2838 420,2898 479,2898 479,2838"/>
                    <TextEquiv>
                        <Unicode>alle</Unicode>
                    </TextEquiv>
                </Word>
                <Word id="r_10_tl_51_w3" custom="readingOrder {index:2;}">
                    <Coords points="501,2835 501,2895 566,2895 566,2835"/>
                    <TextEquiv>
                        <Unicode>gelb</Unicode>
                    </TextEquiv>
                </Word>
                <Word id="r_10_tl_51_w4" custom="readingOrder {index:3;}">
                    <Coords points="593,2835 593,2895 647,2895 647,2835"/>
                    <TextEquiv>
                        <Unicode>neu</Unicode>
                    </TextEquiv>
                </Word>
                <Word id="r_10_tl_51_w5" custom="readingOrder {index:4;}">
                    <Coords points="675,2837 675,2897 842,2897 842,2837"/>
                    <TextEquiv>
                        <Unicode>gekleidet,</Unicode>
                    </TextEquiv>
                </Word>
                <Word id="r_10_tl_51_w6" custom="readingOrder {index:5;}">
                    <Coords points="870,2833 870,2893 929,2893 929,2833"/>
                    <TextEquiv>
                        <Unicode>und</Unicode>
                    </TextEquiv>
                </Word>
                <Word id="r_10_tl_51_w7" custom="readingOrder {index:6;}">
                    <Coords points="956,2835 956,2895 1059,2895 1059,2835"/>
                    <TextEquiv>
                        <Unicode>hatten</Unicode>
                    </TextEquiv>
                </Word>
                <Word id="r_10_tl_51_w8" custom="readingOrder {index:7;}">
                    <Coords points="1081,2838 1081,2898 1135,2898 1135,2838"/>
                    <TextEquiv>
                        <Unicode>auf</Unicode>
                    </TextEquiv>
                </Word>
                <Word id="r_10_tl_51_w9" custom="readingOrder {index:8;}">
                    <Coords points="1146,2841 1146,2901 1194,2901 1194,2841"/>
                    <TextEquiv>
                        <Unicode>den</Unicode>
                    </TextEquiv>
                </Word>
                <Word id="r_10_tl_51_w10" custom="readingOrder {index:9;}">
                    <Coords points="1217,2841 1217,2901 1286,2901 1286,2841"/>
                    <TextEquiv>
                        <Unicode>Hü¬</Unicode>
                    </TextEquiv>
                </Word>
                <TextEquiv>
                    <Unicode>waren alle gelb neu gekleidet, und hatten auf den Hü¬</Unicode>
                </TextEquiv>
            </TextLine>
            <TextLine id="r_10_tl_52" custom="readingOrder {index:51;}">
                <Coords points="271,2936 1288,2963 1288,2892 1255,2887 271,2882"/>
                <Baseline points="286,2931 310,2931 355,2931 400,2928 444,2928 489,2928 534,2928 579,2928 623,2928 668,2928 713,2928 758,2928 803,2928 847,2928 892,2928 937,2931 982,2925 1027,2928 1071,2925 1116,2928 1161,2928 1206,2931 1250,2931 1295,2928"/>
                <Word id="r_10_tl_52_w1" custom="readingOrder {index:0;}">
                    <Coords points="287,2891 287,2951 338,2951 338,2891"/>
                    <TextEquiv>
                        <Unicode>ten</Unicode>
                    </TextEquiv>
                </Word>
                <Word id="r_10_tl_52_w2" custom="readingOrder {index:1;}">
                    <Coords points="371,2888 371,2948 475,2948 475,2888"/>
                    <TextEquiv>
                        <Unicode>weiße</Unicode>
                    </TextEquiv>
                </Word>
                <Word id="r_10_tl_52_w3" custom="readingOrder {index:2;}">
                    <Coords points="502,2888 502,2948 560,2948 560,2888"/>
                    <TextEquiv>
                        <Unicode>und</Unicode>
                    </TextEquiv>
                </Word>
                <Word id="r_10_tl_52_w4" custom="readingOrder {index:3;}">
                    <Coords points="593,2888 593,2948 684,2948 684,2888"/>
                    <TextEquiv>
                        <Unicode>gelbe</Unicode>
                    </TextEquiv>
                </Word>
                <Word id="r_10_tl_52_w5" custom="readingOrder {index:4;}">
                    <Coords points="711,2888 711,2948 938,2948 938,2888"/>
                    <TextEquiv>
                        <Unicode>Federbüsche.</Unicode>
                    </TextEquiv>
                </Word>
                <Word id="r_10_tl_52_w6" custom="readingOrder {index:5;}">
                    <Coords points="991,2887 991,2947 1068,2947 1068,2887"/>
                    <TextEquiv>
                        <Unicode>Bey</Unicode>
                    </TextEquiv>
                </Word>
                <Word id="r_10_tl_52_w7" custom="readingOrder {index:6;}">
                    <Coords points="1095,2888 1095,2948 1186,2948 1186,2888"/>
                    <TextEquiv>
                        <Unicode>Dero</Unicode>
                    </TextEquiv>
                </Word>
                <Word id="r_10_tl_52_w8" custom="readingOrder {index:7;}">
                    <Coords points="1219,2890 1219,2950 1290,2950 1290,2890"/>
                    <TextEquiv>
                        <Unicode>An¬</Unicode>
                    </TextEquiv>
                </Word>
                <TextEquiv>
                    <Unicode>ten weiße und gelbe Federbüsche. Bey Dero An¬</Unicode>
                </TextEquiv>
            </TextLine>
            <TextEquiv>
                <Unicode></Unicode>
            </TextEquiv>
        </TextRegion>
        <TextRegion id="r_22" custom="readingOrder {index:1;}">
            <Coords points="1303,353 2357,353 2357,1955 1303,1955"/>
            <TextLine id="r_22_tl_1" custom="readingOrder {index:0;}">
                <Coords points="1298,421 2304,428 2304,363 1298,365"/>
                <Baseline points="1313,406 1358,406 1403,406 1447,406 1492,406 1537,406 1582,406 1627,409 1671,409 1716,409 1761,409 1806,409 1851,409 1895,409 1940,409 1985,409 2030,409 2074,409 2119,412 2164,412 2209,414 2254,414 2298,414 2310,412"/>
                <Word id="r_22_tl_1_w1" custom="readingOrder {index:0;}">
                    <Coords points="1311,366 1311,426 1402,426 1402,366"/>
                    <TextEquiv>
                        <Unicode>kunft</Unicode>
                    </TextEquiv>
                </Word>
                <Word id="r_22_tl_1_w2" custom="readingOrder {index:1;}">
                    <Coords points="1420,366 1420,426 1546,426 1546,366"/>
                    <TextEquiv>
                        <Unicode>wurden</Unicode>
                    </TextEquiv>
                </Word>
                <Word id="r_22_tl_1_w3" custom="readingOrder {index:2;}">
                    <Coords points="1576,368 1576,428 1661,428 1661,368"/>
                    <TextEquiv>
                        <Unicode>Jhro</Unicode>
                    </TextEquiv>
                </Word>
                <Word id="r_22_tl_1_w4" custom="readingOrder {index:3;}">
                    <Coords points="1691,369 1691,429 1828,429 1828,369"/>
                    <TextEquiv>
                        <Unicode>Kaiserl.</Unicode>
                    </TextEquiv>
                </Word>
                <Word id="r_22_tl_1_w5" custom="readingOrder {index:4;}">
                    <Coords points="1852,369 1852,429 1943,429 1943,369"/>
                    <TextEquiv>
                        <Unicode>Maj.</Unicode>
                    </TextEquiv>
                </Word>
                <Word id="r_22_tl_1_w6" custom="readingOrder {index:5;}">
                    <Coords points="1961,369 1961,429 2018,429 2018,369"/>
                    <TextEquiv>
                        <Unicode>von</Unicode>
                    </TextEquiv>
                </Word>
                <Word id="r_22_tl_1_w7" custom="readingOrder {index:6;}">
                    <Coords points="2048,369 2048,429 2122,429 2122,369"/>
                    <TextEquiv>
                        <Unicode>Sr.</Unicode>
                    </TextEquiv>
                </Word>
                <Word id="r_22_tl_1_w8" custom="readingOrder {index:7;}">
                    <Coords points="2140,372 2140,432 2220,432 2220,372"/>
                    <TextEquiv>
                        <Unicode>Exc.</Unicode>
                    </TextEquiv>
                </Word>
                <Word id="r_22_tl_1_w9" custom="readingOrder {index:8;}">
                    <Coords points="2232,374 2232,434 2278,434 2278,374"/>
                    <TextEquiv>
                        <Unicode>dem</Unicode>
                    </TextEquiv>
                </Word>
                <TextEquiv>
                    <Unicode>kunft wurden Jhro Kaiserl. Maj. von Sr. Exc. dem</Unicode>
                </TextEquiv>
            </TextLine>
            <TextLine id="r_22_tl_2" custom="readingOrder {index:1;}">
                <Coords points="1293,459 2312,472 2312,428 2226,418 1293,413"/>
                <Baseline points="1307,456 1352,456 1397,456 1442,453 1486,453 1531,453 1576,456 1621,456 1665,456 1710,456 1755,459 1800,456 1845,459 1889,456 1934,459 1979,456 2024,459 2068,459 2113,456 2158,456 2203,459 2248,462 2292,462 2319,459"/>
                <Word id="r_22_tl_2_w1" custom="readingOrder {index:0;}">
                    <Coords points="1299,416 1299,476 1405,476 1405,416"/>
                    <TextEquiv>
                        <Unicode>Herrn</Unicode>
                    </TextEquiv>
                </Word>
                <Word id="r_22_tl_2_w2" custom="readingOrder {index:1;}">
                    <Coords points="1432,413 1432,473 1560,473 1560,413"/>
                    <TextEquiv>
                        <Unicode>Grafen</Unicode>
                    </TextEquiv>
                </Word>
                <Word id="r_22_tl_2_w3" custom="readingOrder {index:2;}">
                    <Coords points="1588,416 1588,476 1640,476 1640,416"/>
                    <TextEquiv>
                        <Unicode>von</Unicode>
                    </TextEquiv>
                </Word>
                <Word id="r_22_tl_2_w4" custom="readingOrder {index:3;}">
                    <Coords points="1673,417 1673,477 1871,477 1871,417"/>
                    <TextEquiv>
                        <Unicode>Sinzheim,</Unicode>
                    </TextEquiv>
                </Word>
                <Word id="r_22_tl_2_w5" custom="readingOrder {index:4;}">
                    <Coords points="1898,417 1898,477 1924,477 1924,417"/>
                    <TextEquiv>
                        <Unicode>im</Unicode>
                    </TextEquiv>
                </Word>
                <Word id="r_22_tl_2_w6" custom="readingOrder {index:5;}">
                    <Coords points="1968,419 1968,479 2101,479 2101,419"/>
                    <TextEquiv>
                        <Unicode>Namen</Unicode>
                    </TextEquiv>
                </Word>
                <Word id="r_22_tl_2_w7" custom="readingOrder {index:6;}">
                    <Coords points="2134,416 2134,476 2181,476 2181,416"/>
                    <TextEquiv>
                        <Unicode>des</Unicode>
                    </TextEquiv>
                </Word>
                <Word id="r_22_tl_2_w8" custom="readingOrder {index:7;}">
                    <Coords points="2203,422 2203,482 2309,482 2309,422"/>
                    <TextEquiv>
                        <Unicode>Chur¬</Unicode>
                    </TextEquiv>
                </Word>
                <TextEquiv>
                    <Unicode>Herrn Grafen von Sinzheim, im Namen des Chur¬</Unicode>
                </TextEquiv>
            </TextLine>
            <TextLine id="r_22_tl_3" custom="readingOrder {index:2;}">
                <Coords points="1306,522 2309,530 2309,474 1306,464"/>
                <Baseline points="1319,507 1364,501 1409,501 1453,501 1498,501 1543,501 1588,504 1633,504 1677,507 1722,507 1767,507 1812,507 1857,507 1901,507 1946,507 1991,507 2036,507 2080,507 2125,507 2170,507 2215,510 2260,510 2304,513 2316,513"/>
                <Word id="r_22_tl_3_w1" custom="readingOrder {index:0;}">
                    <Coords points="1311,461 1311,521 1426,521 1426,461"/>
                    <TextEquiv>
                        <Unicode>fuͤrsten</Unicode>
                    </TextEquiv>
                </Word>
                <Word id="r_22_tl_3_w2" custom="readingOrder {index:1;}">
                    <Coords points="1446,461 1446,521 1496,521 1496,461"/>
                    <TextEquiv>
                        <Unicode>von</Unicode>
                    </TextEquiv>
                </Word>
                <Word id="r_22_tl_3_w3" custom="readingOrder {index:2;}">
                    <Coords points="1522,463 1522,523 1642,523 1642,463"/>
                    <TextEquiv>
                        <Unicode>Baiern</Unicode>
                    </TextEquiv>
                </Word>
                <Word id="r_22_tl_3_w4" custom="readingOrder {index:3;}">
                    <Coords points="1668,467 1668,527 1935,527 1935,467"/>
                    <TextEquiv>
                        <Unicode>complimentirt,</Unicode>
                    </TextEquiv>
                </Word>
                <Word id="r_22_tl_3_w5" custom="readingOrder {index:4;}">
                    <Coords points="1945,467 1945,527 2000,527 2000,467"/>
                    <TextEquiv>
                        <Unicode>und</Unicode>
                    </TextEquiv>
                </Word>
                <Word id="r_22_tl_3_w6" custom="readingOrder {index:5;}">
                    <Coords points="2021,467 2021,527 2207,527 2207,467"/>
                    <TextEquiv>
                        <Unicode>beschenkten</Unicode>
                    </TextEquiv>
                </Word>
                <Word id="r_22_tl_3_w7" custom="readingOrder {index:6;}">
                    <Coords points="2232,470 2232,530 2297,530 2297,470"/>
                    <TextEquiv>
                        <Unicode>noch</Unicode>
                    </TextEquiv>
                </Word>
                <TextEquiv>
                    <Unicode>fuͤrsten von Baiern complimentirt, und beschenkten noch</Unicode>
                </TextEquiv>
            </TextLine>
            <TextLine id="r_22_tl_4" custom="readingOrder {index:3;}">
                <Coords points="1303,573 2307,570 2307,530 2231,517 1303,522"/>
                <Baseline points="1316,552 1361,552 1406,552 1450,549 1495,549 1540,552 1585,552 1630,552 1674,552 1719,555 1764,555 1809,558 1854,555 1898,555 1943,555 1988,555 2033,558 2077,555 2122,558 2167,558 2212,558 2257,561 2301,561 2313,561"/>
                <Word id="r_22_tl_4_w1" custom="readingOrder {index:0;}">
                    <Coords points="1308,512 1308,572 1366,572 1366,512"/>
                    <TextEquiv>
                        <Unicode>vor</Unicode>
                    </TextEquiv>
                </Word>
                <Word id="r_22_tl_4_w2" custom="readingOrder {index:1;}">
                    <Coords points="1393,509 1393,569 1482,569 1482,509"/>
                    <TextEquiv>
                        <Unicode>Dero</Unicode>
                    </TextEquiv>
                </Word>
                <Word id="r_22_tl_4_w3" custom="readingOrder {index:2;}">
                    <Coords points="1509,512 1509,572 1650,572 1650,512"/>
                    <TextEquiv>
                        <Unicode>Abfahrt</Unicode>
                    </TextEquiv>
                </Word>
                <Word id="r_22_tl_4_w4" custom="readingOrder {index:3;}">
                    <Coords points="1667,513 1667,573 1719,573 1719,513"/>
                    <TextEquiv>
                        <Unicode>den</Unicode>
                    </TextEquiv>
                </Word>
                <Word id="r_22_tl_4_w5" custom="readingOrder {index:4;}">
                    <Coords points="1746,517 1746,577 1851,577 1851,517"/>
                    <TextEquiv>
                        <Unicode>Herrn</Unicode>
                    </TextEquiv>
                </Word>
                <Word id="r_22_tl_4_w6" custom="readingOrder {index:5;}">
                    <Coords points="1878,515 1878,575 2073,575 2073,515"/>
                    <TextEquiv>
                        <Unicode>Erbprinzen</Unicode>
                    </TextEquiv>
                </Word>
                <Word id="r_22_tl_4_w7" custom="readingOrder {index:6;}">
                    <Coords points="2105,518 2105,578 2157,578 2157,518"/>
                    <TextEquiv>
                        <Unicode>von</Unicode>
                    </TextEquiv>
                </Word>
                <Word id="r_22_tl_4_w8" custom="readingOrder {index:7;}">
                    <Coords points="2184,519 2184,579 2294,579 2294,519"/>
                    <TextEquiv>
                        <Unicode>Thurn</Unicode>
                    </TextEquiv>
                </Word>
                <TextEquiv>
                    <Unicode>vor Dero Abfahrt den Herrn Erbprinzen von Thurn</Unicode>
                </TextEquiv>
            </TextLine>
            <TextLine id="r_22_tl_5" custom="readingOrder {index:4;}">
                <Coords points="1298,616 2309,626 2284,568 1298,575"/>
                <Baseline points="1313,603 1358,600 1403,600 1447,600 1492,600 1537,600 1582,600 1627,600 1671,600 1716,603 1761,603 1806,603 1851,603 1895,603 1940,606 1985,606 2030,609 2074,606 2119,609 2164,609 2209,609 2254,609 2298,609 2316,609"/>
                <Word id="r_22_tl_5_w1" custom="readingOrder {index:0;}">
                    <Coords points="1304,561 1304,621 1363,621 1363,561"/>
                    <TextEquiv>
                        <Unicode>und</Unicode>
                    </TextEquiv>
                </Word>
                <Word id="r_22_tl_5_w2" custom="readingOrder {index:1;}">
                    <Coords points="1385,560 1385,620 1505,620 1505,560"/>
                    <TextEquiv>
                        <Unicode>Taxis,</Unicode>
                    </TextEquiv>
                </Word>
                <Word id="r_22_tl_5_w3" custom="readingOrder {index:2;}">
                    <Coords points="1527,560 1527,620 1641,620 1641,560"/>
                    <TextEquiv>
                        <Unicode>welche</Unicode>
                    </TextEquiv>
                </Word>
                <Word id="r_22_tl_5_w4" custom="readingOrder {index:3;}">
                    <Coords points="1658,563 1658,623 1903,623 1903,563"/>
                    <TextEquiv>
                        <Unicode>Höchstdieselbe</Unicode>
                    </TextEquiv>
                </Word>
                <Word id="r_22_tl_5_w5" custom="readingOrder {index:4;}">
                    <Coords points="1926,566 1926,626 1985,626 1985,566"/>
                    <TextEquiv>
                        <Unicode>auf</Unicode>
                    </TextEquiv>
                </Word>
                <Word id="r_22_tl_5_w6" custom="readingOrder {index:5;}">
                    <Coords points="2007,568 2007,628 2056,628 2056,568"/>
                    <TextEquiv>
                        <Unicode>der</Unicode>
                    </TextEquiv>
                </Word>
                <Word id="r_22_tl_5_w7" custom="readingOrder {index:6;}">
                    <Coords points="2073,569 2073,629 2187,629 2187,569"/>
                    <TextEquiv>
                        <Unicode>ganzen</Unicode>
                    </TextEquiv>
                </Word>
                <Word id="r_22_tl_5_w8" custom="readingOrder {index:7;}">
                    <Coords points="2209,569 2209,629 2301,629 2301,569"/>
                    <TextEquiv>
                        <Unicode>Reise</Unicode>
                    </TextEquiv>
                </Word>
                <TextEquiv>
                    <Unicode>und Taxis, welche Höchstdieselbe auf der ganzen Reise</Unicode>
                </TextEquiv>
            </TextLine>
            <TextLine id="r_22_tl_6" custom="readingOrder {index:5;}">
                <Coords points="1298,657 2309,674 2309,624 2243,616 1298,613"/>
                <Baseline points="1313,647 1358,650 1403,650 1447,650 1492,647 1537,650 1582,650 1627,647 1671,647 1716,650 1761,650 1806,650 1851,650 1895,653 1940,653 1985,653 2030,656 2074,656 2119,656 2164,653 2209,656 2254,656 2298,656 2316,656"/>
                <Word id="r_22_tl_6_w1" custom="readingOrder {index:0;}">
                    <Coords points="1303,610 1303,670 1471,670 1471,610"/>
                    <TextEquiv>
                        <Unicode>begleitet,</Unicode>
                    </TextEquiv>
                </Word>
                <Word id="r_22_tl_6_w2" custom="readingOrder {index:1;}">
                    <Coords points="1498,609 1498,669 1556,669 1556,609"/>
                    <TextEquiv>
                        <Unicode>mit</Unicode>
                    </TextEquiv>
                </Word>
                <Word id="r_22_tl_6_w3" custom="readingOrder {index:2;}">
                    <Coords points="1573,607 1573,667 1757,667 1757,607"/>
                    <TextEquiv>
                        <Unicode>Höchstdero</Unicode>
                    </TextEquiv>
                </Word>
                <Word id="r_22_tl_6_w4" custom="readingOrder {index:3;}">
                    <Coords points="1779,610 1779,670 1847,670 1847,610"/>
                    <TextEquiv>
                        <Unicode>reich</Unicode>
                    </TextEquiv>
                </Word>
                <Word id="r_22_tl_6_w5" custom="readingOrder {index:4;}">
                    <Coords points="1869,613 1869,673 1921,673 1921,613"/>
                    <TextEquiv>
                        <Unicode>von</Unicode>
                    </TextEquiv>
                </Word>
                <Word id="r_22_tl_6_w6" custom="readingOrder {index:5;}">
                    <Coords points="1953,616 1953,676 2138,676 2138,616"/>
                    <TextEquiv>
                        <Unicode>Brillanten</Unicode>
                    </TextEquiv>
                </Word>
                <Word id="r_22_tl_6_w7" custom="readingOrder {index:6;}">
                    <Coords points="2160,616 2160,676 2296,676 2296,616"/>
                    <TextEquiv>
                        <Unicode>besetzten</Unicode>
                    </TextEquiv>
                </Word>
                <TextEquiv>
                    <Unicode>begleitet, mit Höchstdero reich von Brillanten besetzten</Unicode>
                </TextEquiv>
            </TextLine>
            <TextLine id="r_22_tl_7" custom="readingOrder {index:6;}">
                <Coords points="1300,707 2312,717 2282,669 1298,657"/>
                <Baseline points="1313,695 1358,698 1403,698 1447,698 1492,695 1537,698 1582,698 1627,695 1671,698 1716,698 1761,701 1806,701 1851,701 1895,704 1940,704 1985,704 2030,704 2074,704 2119,707 2164,707 2209,707 2254,704 2298,707 2316,707"/>
                <Word id="r_22_tl_7_w1" custom="readingOrder {index:0;}">
                    <Coords points="1303,658 1303,718 1474,718 1474,658"/>
                    <TextEquiv>
                        <Unicode>Portrait,</Unicode>
                    </TextEquiv>
                </Word>
                <Word id="r_22_tl_7_w2" custom="readingOrder {index:1;}">
                    <Coords points="1500,657 1500,717 1552,717 1552,657"/>
                    <TextEquiv>
                        <Unicode>den</Unicode>
                    </TextEquiv>
                </Word>
                <Word id="r_22_tl_7_w3" custom="readingOrder {index:2;}">
                    <Coords points="1583,655 1583,715 1687,715 1687,655"/>
                    <TextEquiv>
                        <Unicode>Herrn</Unicode>
                    </TextEquiv>
                </Word>
                <Word id="r_22_tl_7_w4" custom="readingOrder {index:3;}">
                    <Coords points="1718,662 1718,722 2035,722 2035,662"/>
                    <TextEquiv>
                        <Unicode>Chefcommissaire,</Unicode>
                    </TextEquiv>
                </Word>
                <Word id="r_22_tl_7_w5" custom="readingOrder {index:4;}">
                    <Coords points="2061,667 2061,727 2216,727 2216,667"/>
                    <TextEquiv>
                        <Unicode>Vicomte</Unicode>
                    </TextEquiv>
                </Word>
                <Word id="r_22_tl_7_w6" custom="readingOrder {index:5;}">
                    <Coords points="2238,664 2238,724 2294,724 2294,664"/>
                    <TextEquiv>
                        <Unicode>von</Unicode>
                    </TextEquiv>
                </Word>
                <TextEquiv>
                    <Unicode>Portrait, den Herrn Chefcommissaire, Vicomte von</Unicode>
                </TextEquiv>
            </TextLine>
            <TextLine id="r_22_tl_8" custom="readingOrder {index:7;}">
                <Coords points="1311,755 2304,766 2304,715 1311,712"/>
                <Baseline points="1325,746 1370,746 1415,746 1459,746 1504,746 1549,746 1594,746 1639,746 1683,746 1728,746 1773,749 1818,749 1862,752 1907,752 1952,752 1997,755 2042,755 2086,755 2131,755 2176,755 2221,755 2266,755 2310,761 2313,758"/>
                <Word id="r_22_tl_8_w1" custom="readingOrder {index:0;}">
                    <Coords points="1311,706 1311,766 1441,766 1441,706"/>
                    <TextEquiv>
                        <Unicode>Beckers</Unicode>
                    </TextEquiv>
                </Word>
                <Word id="r_22_tl_8_w2" custom="readingOrder {index:1;}">
                    <Coords points="1463,706 1463,766 1553,766 1553,706"/>
                    <TextEquiv>
                        <Unicode>aber,</Unicode>
                    </TextEquiv>
                </Word>
                <Word id="r_22_tl_8_w3" custom="readingOrder {index:2;}">
                    <Coords points="1568,706 1568,766 1629,766 1629,706"/>
                    <TextEquiv>
                        <Unicode>mit</Unicode>
                    </TextEquiv>
                </Word>
                <Word id="r_22_tl_8_w4" custom="readingOrder {index:3;}">
                    <Coords points="1645,706 1645,766 1725,766 1725,706"/>
                    <TextEquiv>
                        <Unicode>einem</Unicode>
                    </TextEquiv>
                </Word>
                <Word id="r_22_tl_8_w5" custom="readingOrder {index:4;}">
                    <Coords points="1766,710 1766,770 1923,770 1923,710"/>
                    <TextEquiv>
                        <Unicode>kostbarem</Unicode>
                    </TextEquiv>
                </Word>
                <Word id="r_22_tl_8_w6" custom="readingOrder {index:5;}">
                    <Coords points="1964,715 1964,775 2095,775 2095,715"/>
                    <TextEquiv>
                        <Unicode>Ringe.</Unicode>
                    </TextEquiv>
                </Word>
                <Word id="r_22_tl_8_w7" custom="readingOrder {index:6;}">
                    <Coords points="2141,715 2141,775 2307,775 2307,715"/>
                    <TextEquiv>
                        <Unicode>Ueberall,</Unicode>
                    </TextEquiv>
                </Word>
                <TextEquiv>
                    <Unicode>Beckers aber, mit einem kostbarem Ringe. Ueberall,</Unicode>
                </TextEquiv>
            </TextLine>
            <TextLine id="r_22_tl_9" custom="readingOrder {index:8;}">
                <Coords points="1313,804 2304,814 2304,766 2264,763 1313,758"/>
                <Baseline points="1328,794 1373,794 1418,794 1462,794 1507,794 1552,797 1597,794 1642,797 1686,797 1731,797 1776,797 1821,800 1865,800 1910,800 1955,800 2000,803 2045,803 2089,803 2134,803 2179,806 2224,803 2269,806 2310,803"/>
                <Word id="r_22_tl_9_w1" custom="readingOrder {index:0;}">
                    <Coords points="1319,754 1319,814 1361,814 1361,754"/>
                    <TextEquiv>
                        <Unicode>wo</Unicode>
                    </TextEquiv>
                </Word>
                <Word id="r_22_tl_9_w2" custom="readingOrder {index:1;}">
                    <Coords points="1394,754 1394,814 1469,814 1469,754"/>
                    <TextEquiv>
                        <Unicode>Se.</Unicode>
                    </TextEquiv>
                </Word>
                <Word id="r_22_tl_9_w3" custom="readingOrder {index:2;}">
                    <Coords points="1497,755 1497,815 1647,815 1647,755"/>
                    <TextEquiv>
                        <Unicode>Kaiserl.</Unicode>
                    </TextEquiv>
                </Word>
                <Word id="r_22_tl_9_w4" custom="readingOrder {index:3;}">
                    <Coords points="1670,757 1670,817 1772,817 1772,757"/>
                    <TextEquiv>
                        <Unicode>Maj.</Unicode>
                    </TextEquiv>
                </Word>
                <Word id="r_22_tl_9_w5" custom="readingOrder {index:4;}">
                    <Coords points="1794,760 1794,820 2037,820 2037,760"/>
                    <TextEquiv>
                        <Unicode>durchpaßiret,</Unicode>
                    </TextEquiv>
                </Word>
                <Word id="r_22_tl_9_w6" custom="readingOrder {index:5;}">
                    <Coords points="2059,763 2059,823 2150,823 2150,763"/>
                    <TextEquiv>
                        <Unicode>haben</Unicode>
                    </TextEquiv>
                </Word>
                <Word id="r_22_tl_9_w7" custom="readingOrder {index:6;}">
                    <Coords points="2183,764 2183,824 2307,824 2307,764"/>
                    <TextEquiv>
                        <Unicode>Höchst¬</Unicode>
                    </TextEquiv>
                </Word>
                <TextEquiv>
                    <Unicode>wo Se. Kaiserl. Maj. durchpaßiret, haben Höchst¬</Unicode>
                </TextEquiv>
            </TextLine>
            <TextLine id="r_22_tl_10" custom="readingOrder {index:9;}">
                <Coords points="1298,859 2190,885 2309,875 2309,819 1295,799"/>
                <Baseline points="1313,844 1358,844 1403,841 1447,844 1492,844 1537,844 1582,844 1627,844 1671,844 1716,844 1761,847 1806,847 1851,847 1895,847 1940,850 1985,850 2030,850 2074,853 2119,853 2164,853 2209,856 2254,853 2298,856 2313,856"/>
                <Word id="r_22_tl_10_w1" custom="readingOrder {index:0;}">
                    <Coords points="1307,802 1307,862 1442,862 1442,802"/>
                    <TextEquiv>
                        <Unicode>dieselbe</Unicode>
                    </TextEquiv>
                </Word>
                <Word id="r_22_tl_10_w2" custom="readingOrder {index:1;}">
                    <Coords points="1465,804 1465,864 1651,864 1651,804"/>
                    <TextEquiv>
                        <Unicode>Merkmale</Unicode>
                    </TextEquiv>
                </Word>
                <Word id="r_22_tl_10_w3" custom="readingOrder {index:2;}">
                    <Coords points="1674,804 1674,864 1725,864 1725,804"/>
                    <TextEquiv>
                        <Unicode>von</Unicode>
                    </TextEquiv>
                </Word>
                <Word id="r_22_tl_10_w4" custom="readingOrder {index:3;}">
                    <Coords points="1759,807 1759,867 1849,867 1849,807"/>
                    <TextEquiv>
                        <Unicode>Dero</Unicode>
                    </TextEquiv>
                </Word>
                <Word id="r_22_tl_10_w5" custom="readingOrder {index:4;}">
                    <Coords points="1872,809 1872,869 1990,869 1990,809"/>
                    <TextEquiv>
                        <Unicode>Gnade</Unicode>
                    </TextEquiv>
                </Word>
                <Word id="r_22_tl_10_w6" custom="readingOrder {index:5;}">
                    <Coords points="2008,812 2008,872 2131,872 2131,812"/>
                    <TextEquiv>
                        <Unicode>zurücke</Unicode>
                    </TextEquiv>
                </Word>
                <Word id="r_22_tl_10_w7" custom="readingOrder {index:6;}">
                    <Coords points="2155,814 2155,874 2306,874 2306,814"/>
                    <TextEquiv>
                        <Unicode>gelassen.</Unicode>
                    </TextEquiv>
                </Word>
                <TextEquiv>
                    <Unicode>dieselbe Merkmale von Dero Gnade zurücke gelassen.</Unicode>
                </TextEquiv>
            </TextLine>
            <TextLine id="r_22_tl_11" custom="readingOrder {index:10;}">
                <Coords points="1541,900 2071,910 2071,862 2053,859 1884,870 1572,849 1541,864"/>
                <Baseline points="1555,892 1600,889 1645,892 1689,892 1734,892 1779,892 1824,895 1868,898 1913,898 1958,901 2003,898 2048,898 2074,901"/>
                <Word id="r_22_tl_11_w1" custom="readingOrder {index:0;}">
                    <Coords points="1547,851 1547,911 1740,911 1740,851"/>
                    <TextEquiv>
                        <Unicode>London,</Unicode>
                    </TextEquiv>
                </Word>
                <Word id="r_22_tl_11_w2" custom="readingOrder {index:1;}">
                    <Coords points="1767,853 1767,913 1821,913 1821,853"/>
                    <TextEquiv>
                        <Unicode>den</Unicode>
                    </TextEquiv>
                </Word>
                <Word id="r_22_tl_11_w3" custom="readingOrder {index:2;}">
                    <Coords points="1859,858 1859,918 1923,918 1923,858"/>
                    <TextEquiv>
                        <Unicode>13.</Unicode>
                    </TextEquiv>
                </Word>
                <Word id="r_22_tl_11_w4" custom="readingOrder {index:3;}">
                    <Coords points="1945,858 1945,918 2063,918 2063,858"/>
                    <TextEquiv>
                        <Unicode>April.</Unicode>
                    </TextEquiv>
                </Word>
                <TextEquiv>
                    <Unicode>London, den 13. April.</Unicode>
                </TextEquiv>
            </TextLine>
            <TextLine id="r_22_tl_12" custom="readingOrder {index:11;}">
                <Coords points="1356,946 2307,963 2304,897 2271,890 1990,918 1356,890"/>
                <Baseline points="1370,937 1415,937 1459,937 1504,937 1549,940 1594,937 1639,940 1683,940 1728,940 1773,940 1818,940 1862,943 1907,943 1952,946 1997,949 2042,949 2086,949 2131,949 2176,949 2221,949 2266,952 2310,946"/>
                <Word id="r_22_tl_12_w1" custom="readingOrder {index:0;}">
                    <Coords points="1362,897 1362,957 1480,957 1480,897"/>
                    <TextEquiv>
                        <Unicode>Einige</Unicode>
                    </TextEquiv>
                </Word>
                <Word id="r_22_tl_12_w2" custom="readingOrder {index:1;}">
                    <Coords points="1502,898 1502,958 1643,958 1643,898"/>
                    <TextEquiv>
                        <Unicode>zwischen</Unicode>
                    </TextEquiv>
                </Word>
                <Word id="r_22_tl_12_w3" custom="readingOrder {index:2;}">
                    <Coords points="1676,900 1676,960 1805,960 1805,900"/>
                    <TextEquiv>
                        <Unicode>Florida</Unicode>
                    </TextEquiv>
                </Word>
                <Word id="r_22_tl_12_w4" custom="readingOrder {index:3;}">
                    <Coords points="1834,903 1834,963 1892,963 1892,903"/>
                    <TextEquiv>
                        <Unicode>und</Unicode>
                    </TextEquiv>
                </Word>
                <Word id="r_22_tl_12_w5" custom="readingOrder {index:4;}">
                    <Coords points="1920,905 1920,965 1968,965 1968,905"/>
                    <TextEquiv>
                        <Unicode>dem</Unicode>
                    </TextEquiv>
                </Word>
                <Word id="r_22_tl_12_w6" custom="readingOrder {index:5;}">
                    <Coords points="2007,909 2007,969 2180,969 2180,909"/>
                    <TextEquiv>
                        <Unicode>spanischem</Unicode>
                    </TextEquiv>
                </Word>
                <Word id="r_22_tl_12_w7" custom="readingOrder {index:6;}">
                    <Coords points="2219,911 2219,971 2310,971 2310,911"/>
                    <TextEquiv>
                        <Unicode>Cam¬</Unicode>
                    </TextEquiv>
                </Word>
                <TextEquiv>
                    <Unicode>Einige zwischen Florida und dem spanischem Cam¬</Unicode>
                </TextEquiv>
            </TextLine>
            <TextLine id="r_22_tl_13" custom="readingOrder {index:12;}">
                <Coords points="1311,1001 2185,1024 2304,1011 2304,963 1308,956"/>
                <Baseline points="1325,988 1370,985 1415,988 1459,988 1504,988 1549,988 1594,985 1639,988 1683,988 1728,988 1773,988 1818,988 1862,988 1907,994 1952,994 1997,994 2042,997 2086,1000 2131,997 2176,1000 2221,1000 2266,1000 2310,1000 2313,997"/>
                <Word id="r_22_tl_13_w1" custom="readingOrder {index:0;}">
                    <Coords points="1314,945 1314,1005 1416,1005 1416,945"/>
                    <TextEquiv>
                        <Unicode>pesche</Unicode>
                    </TextEquiv>
                </Word>
                <Word id="r_22_tl_13_w2" custom="readingOrder {index:1;}">
                    <Coords points="1438,948 1438,1008 1610,1008 1610,948"/>
                    <TextEquiv>
                        <Unicode>wohnende</Unicode>
                    </TextEquiv>
                </Word>
                <Word id="r_22_tl_13_w3" custom="readingOrder {index:2;}">
                    <Coords points="1638,948 1638,1008 1832,1008 1832,948"/>
                    <TextEquiv>
                        <Unicode>indianische</Unicode>
                    </TextEquiv>
                </Word>
                <Word id="r_22_tl_13_w4" custom="readingOrder {index:3;}">
                    <Coords points="1854,954 1854,1014 1967,1014 1967,954"/>
                    <TextEquiv>
                        <Unicode>Völker</Unicode>
                    </TextEquiv>
                </Word>
                <Word id="r_22_tl_13_w5" custom="readingOrder {index:4;}">
                    <Coords points="1989,957 1989,1017 2097,1017 2097,957"/>
                    <TextEquiv>
                        <Unicode>wollen</Unicode>
                    </TextEquiv>
                </Word>
                <Word id="r_22_tl_13_w6" custom="readingOrder {index:5;}">
                    <Coords points="2135,958 2135,1018 2178,1018 2178,958"/>
                    <TextEquiv>
                        <Unicode>sich</Unicode>
                    </TextEquiv>
                </Word>
                <Word id="r_22_tl_13_w7" custom="readingOrder {index:6;}">
                    <Coords points="2211,960 2211,1020 2302,1020 2302,960"/>
                    <TextEquiv>
                        <Unicode>unter</Unicode>
                    </TextEquiv>
                </Word>
                <TextEquiv>
                    <Unicode>pesche wohnende indianische Völker wollen sich unter</Unicode>
                </TextEquiv>
            </TextLine>
            <TextLine id="r_22_tl_14" custom="readingOrder {index:13;}">
                <Coords points="1313,1044 2317,1060 2314,1011 2241,1006 1313,1001"/>
                <Baseline points="1328,1032 1373,1035 1418,1032 1462,1035 1507,1032 1552,1032 1597,1032 1642,1032 1686,1032 1731,1032 1776,1035 1821,1035 1865,1038 1910,1038 1955,1038 2000,1044 2045,1044 2089,1047 2134,1047 2179,1047 2224,1047 2269,1047 2313,1050 2322,1050"/>
                <Word id="r_22_tl_14_w1" custom="readingOrder {index:0;}">
                    <Coords points="1313,992 1313,1052 1498,1052 1498,992"/>
                    <TextEquiv>
                        <Unicode>Englischen</Unicode>
                    </TextEquiv>
                </Word>
                <Word id="r_22_tl_14_w2" custom="readingOrder {index:1;}">
                    <Coords points="1526,992 1526,1052 1650,1052 1650,992"/>
                    <TextEquiv>
                        <Unicode>Schutz</Unicode>
                    </TextEquiv>
                </Word>
                <Word id="r_22_tl_14_w3" custom="readingOrder {index:2;}">
                    <Coords points="1667,993 1667,1053 1836,1053 1836,993"/>
                    <TextEquiv>
                        <Unicode>begeben,</Unicode>
                    </TextEquiv>
                </Word>
                <Word id="r_22_tl_14_w4" custom="readingOrder {index:3;}">
                    <Coords points="1863,998 1863,1058 1922,1058 1922,998"/>
                    <TextEquiv>
                        <Unicode>und</Unicode>
                    </TextEquiv>
                </Word>
                <Word id="r_22_tl_14_w5" custom="readingOrder {index:4;}">
                    <Coords points="1956,1001 1956,1061 1999,1061 1999,1001"/>
                    <TextEquiv>
                        <Unicode>die</Unicode>
                    </TextEquiv>
                </Word>
                <Word id="r_22_tl_14_w6" custom="readingOrder {index:5;}">
                    <Coords points="2021,1007 2021,1067 2173,1067 2173,1007"/>
                    <TextEquiv>
                        <Unicode>Häupter</Unicode>
                    </TextEquiv>
                </Word>
                <Word id="r_22_tl_14_w7" custom="readingOrder {index:6;}">
                    <Coords points="2206,1007 2206,1067 2320,1067 2320,1007"/>
                    <TextEquiv>
                        <Unicode>dersel¬</Unicode>
                    </TextEquiv>
                </Word>
                <TextEquiv>
                    <Unicode>Englischen Schutz begeben, und die Häupter dersel¬</Unicode>
                </TextEquiv>
            </TextLine>
            <TextLine id="r_22_tl_15" custom="readingOrder {index:14;}">
                <Coords points="1306,1088 2312,1108 2312,1057 1306,1044"/>
                <Baseline points="1319,1080 1364,1080 1409,1080 1453,1080 1498,1080 1543,1080 1588,1080 1633,1080 1677,1080 1722,1083 1767,1080 1812,1083 1857,1083 1901,1083 1946,1089 1991,1089 2036,1089 2080,1095 2125,1095 2170,1098 2215,1095 2260,1095 2304,1098 2319,1095"/>
                <Word id="r_22_tl_15_w1" custom="readingOrder {index:0;}">
                    <Coords points="1311,1040 1311,1100 1364,1100 1364,1040"/>
                    <TextEquiv>
                        <Unicode>ben</Unicode>
                    </TextEquiv>
                </Word>
                <Word id="r_22_tl_15_w2" custom="readingOrder {index:1;}">
                    <Coords points="1401,1040 1401,1100 1464,1100 1464,1040"/>
                    <TextEquiv>
                        <Unicode>sind</Unicode>
                    </TextEquiv>
                </Word>
                <Word id="r_22_tl_15_w3" custom="readingOrder {index:2;}">
                    <Coords points="1496,1040 1496,1100 1680,1100 1680,1040"/>
                    <TextEquiv>
                        <Unicode>gesonnen,</Unicode>
                    </TextEquiv>
                </Word>
                <Word id="r_22_tl_15_w4" custom="readingOrder {index:3;}">
                    <Coords points="1718,1040 1718,1100 1813,1100 1813,1040"/>
                    <TextEquiv>
                        <Unicode>diesen</Unicode>
                    </TextEquiv>
                </Word>
                <Word id="r_22_tl_15_w5" custom="readingOrder {index:4;}">
                    <Coords points="1851,1047 1851,1107 2014,1107 2014,1047"/>
                    <TextEquiv>
                        <Unicode>Sommer</Unicode>
                    </TextEquiv>
                </Word>
                <Word id="r_22_tl_15_w6" custom="readingOrder {index:5;}">
                    <Coords points="2046,1055 2046,1115 2114,1115 2114,1055"/>
                    <TextEquiv>
                        <Unicode>nach</Unicode>
                    </TextEquiv>
                </Word>
                <Word id="r_22_tl_15_w7" custom="readingOrder {index:6;}">
                    <Coords points="2152,1055 2152,1115 2299,1115 2299,1055"/>
                    <TextEquiv>
                        <Unicode>England</Unicode>
                    </TextEquiv>
                </Word>
                <TextEquiv>
                    <Unicode>ben sind gesonnen, diesen Sommer nach England</Unicode>
                </TextEquiv>
            </TextLine>
            <TextLine id="r_22_tl_16" custom="readingOrder {index:15;}">
                <Coords points="1308,1138 2254,1169 2312,1153 2312,1108 1306,1088"/>
                <Baseline points="1322,1128 1367,1128 1412,1125 1456,1125 1501,1128 1546,1128 1591,1128 1636,1128 1680,1128 1725,1128 1770,1128 1815,1131 1859,1131 1904,1131 1949,1134 1994,1137 2039,1140 2083,1140 2128,1146 2173,1146 2218,1146 2263,1146 2307,1146 2319,1146"/>
                <Word id="r_22_tl_16_w1" custom="readingOrder {index:0;}">
                    <Coords points="1313,1087 1313,1147 1448,1147 1448,1087"/>
                    <TextEquiv>
                        <Unicode>herüber</Unicode>
                    </TextEquiv>
                </Word>
                <Word id="r_22_tl_16_w2" custom="readingOrder {index:1;}">
                    <Coords points="1472,1087 1472,1147 1500,1147 1500,1087"/>
                    <TextEquiv>
                        <Unicode>zu</Unicode>
                    </TextEquiv>
                </Word>
                <Word id="r_22_tl_16_w3" custom="readingOrder {index:2;}">
                    <Coords points="1529,1088 1529,1148 1699,1148 1699,1088"/>
                    <TextEquiv>
                        <Unicode>kommen,</Unicode>
                    </TextEquiv>
                </Word>
                <Word id="r_22_tl_16_w4" custom="readingOrder {index:3;}">
                    <Coords points="1728,1088 1728,1148 1808,1148 1808,1088"/>
                    <TextEquiv>
                        <Unicode>wozu</Unicode>
                    </TextEquiv>
                </Word>
                <Word id="r_22_tl_16_w5" custom="readingOrder {index:4;}">
                    <Coords points="1843,1091 1843,1151 1933,1151 1933,1091"/>
                    <TextEquiv>
                        <Unicode>ihnen</Unicode>
                    </TextEquiv>
                </Word>
                <Word id="r_22_tl_16_w6" custom="readingOrder {index:5;}">
                    <Coords points="1962,1098 1962,1158 2075,1158 2075,1098"/>
                    <TextEquiv>
                        <Unicode>bereits</Unicode>
                    </TextEquiv>
                </Word>
                <Word id="r_22_tl_16_w7" custom="readingOrder {index:6;}">
                    <Coords points="2099,1105 2099,1165 2143,1165 2143,1105"/>
                    <TextEquiv>
                        <Unicode>ein</Unicode>
                    </TextEquiv>
                </Word>
                <Word id="r_22_tl_16_w8" custom="readingOrder {index:7;}">
                    <Coords points="2173,1106 2173,1166 2314,1166 2314,1106"/>
                    <TextEquiv>
                        <Unicode>Kriegs=</Unicode>
                    </TextEquiv>
                </Word>
                <TextEquiv>
                    <Unicode>herüber zu kommen, wozu ihnen bereits ein Kriegs=</Unicode>
                </TextEquiv>
            </TextLine>
            <TextLine id="r_22_tl_17" custom="readingOrder {index:16;}">
                <Coords points="1323,1184 2309,1204 2309,1156 1323,1153"/>
                <Baseline points="1337,1173 1382,1173 1427,1173 1471,1173 1516,1173 1561,1176 1606,1173 1650,1173 1695,1176 1740,1173 1785,1176 1830,1179 1874,1176 1919,1179 1964,1179 2009,1185 2054,1188 2098,1191 2143,1191 2188,1191 2233,1194 2277,1194 2313,1194"/>
                <Word id="r_22_tl_17_w1" custom="readingOrder {index:0;}">
                    <Coords points="1318,1133 1318,1193 1402,1193 1402,1133"/>
                    <TextEquiv>
                        <Unicode>schiff</Unicode>
                    </TextEquiv>
                </Word>
                <Word id="r_22_tl_17_w2" custom="readingOrder {index:1;}">
                    <Coords points="1431,1133 1431,1193 1623,1193 1623,1133"/>
                    <TextEquiv>
                        <Unicode>angewiesen</Unicode>
                    </TextEquiv>
                </Word>
                <Word id="r_22_tl_17_w3" custom="readingOrder {index:2;}">
                    <Coords points="1663,1133 1663,1193 1809,1193 1809,1133"/>
                    <TextEquiv>
                        <Unicode>worden.</Unicode>
                    </TextEquiv>
                </Word>
                <Word id="r_22_tl_17_w4" custom="readingOrder {index:3;}">
                    <Coords points="1872,1139 1872,1199 1973,1199 1973,1139"/>
                    <TextEquiv>
                        <Unicode>Diese</Unicode>
                    </TextEquiv>
                </Word>
                <Word id="r_22_tl_17_w5" custom="readingOrder {index:4;}">
                    <Coords points="2008,1149 2008,1209 2131,1209 2131,1149"/>
                    <TextEquiv>
                        <Unicode>Nation</Unicode>
                    </TextEquiv>
                </Word>
                <Word id="r_22_tl_17_w6" custom="readingOrder {index:5;}">
                    <Coords points="2166,1151 2166,1211 2227,1211 2227,1151"/>
                    <TextEquiv>
                        <Unicode>soll</Unicode>
                    </TextEquiv>
                </Word>
                <Word id="r_22_tl_17_w7" custom="readingOrder {index:6;}">
                    <Coords points="2256,1154 2256,1214 2295,1214 2295,1154"/>
                    <TextEquiv>
                        <Unicode>ein</Unicode>
                    </TextEquiv>
                </Word>
                <TextEquiv>
                    <Unicode>schiff angewiesen worden. Diese Nation soll ein</Unicode>
                </TextEquiv>
            </TextLine>
            <TextLine id="r_22_tl_18" custom="readingOrder {index:17;}">
                <Coords points="1321,1235 1990,1235 2249,1270 2307,1255 2307,1204 1318,1186"/>
                <Baseline points="1334,1221 1379,1221 1424,1218 1468,1218 1513,1218 1558,1221 1603,1221 1648,1221 1692,1221 1737,1221 1782,1224 1827,1224 1871,1224 1916,1224 1961,1227 2006,1230 2051,1230 2095,1236 2140,1238 2185,1238 2230,1241 2274,1244 2310,1244"/>
                <Word id="r_22_tl_18_w1" custom="readingOrder {index:0;}">
                    <Coords points="1319,1178 1319,1238 1501,1238 1501,1178"/>
                    <TextEquiv>
                        <Unicode>streitbares</Unicode>
                    </TextEquiv>
                </Word>
                <Word id="r_22_tl_18_w2" custom="readingOrder {index:1;}">
                    <Coords points="1529,1181 1529,1241 1612,1241 1612,1181"/>
                    <TextEquiv>
                        <Unicode>Volk</Unicode>
                    </TextEquiv>
                </Word>
                <Word id="r_22_tl_18_w3" custom="readingOrder {index:2;}">
                    <Coords points="1634,1181 1634,1241 1694,1241 1694,1181"/>
                    <TextEquiv>
                        <Unicode>und</Unicode>
                    </TextEquiv>
                </Word>
                <Word id="r_22_tl_18_w4" custom="readingOrder {index:3;}">
                    <Coords points="1717,1184 1717,1244 1894,1244 1894,1184"/>
                    <TextEquiv>
                        <Unicode>Erbfeinde</Unicode>
                    </TextEquiv>
                </Word>
                <Word id="r_22_tl_18_w5" custom="readingOrder {index:4;}">
                    <Coords points="1923,1186 1923,1246 1972,1246 1972,1186"/>
                    <TextEquiv>
                        <Unicode>der</Unicode>
                    </TextEquiv>
                </Word>
                <Word id="r_22_tl_18_w6" custom="readingOrder {index:5;}">
                    <Coords points="1994,1192 1994,1252 2149,1252 2149,1192"/>
                    <TextEquiv>
                        <Unicode>Spanier</Unicode>
                    </TextEquiv>
                </Word>
                <Word id="r_22_tl_18_w7" custom="readingOrder {index:6;}">
                    <Coords points="2178,1200 2178,1260 2265,1260 2265,1200"/>
                    <TextEquiv>
                        <Unicode>seyn,</Unicode>
                    </TextEquiv>
                </Word>
                <Word id="r_22_tl_18_w8" custom="readingOrder {index:7;}">
                    <Coords points="2283,1204 2283,1264 2304,1264 2304,1204"/>
                    <TextEquiv>
                        <Unicode>so</Unicode>
                    </TextEquiv>
                </Word>
                <TextEquiv>
                    <Unicode>streitbares Volk und Erbfeinde der Spanier seyn, so</Unicode>
                </TextEquiv>
            </TextLine>
            <TextLine id="r_22_tl_19" custom="readingOrder {index:18;}">
                <Coords points="1311,1280 2297,1303 2314,1257 1308,1235"/>
                <Baseline points="1325,1268 1370,1268 1415,1268 1459,1268 1504,1268 1549,1268 1594,1271 1639,1271 1683,1271 1728,1271 1773,1271 1818,1271 1862,1274 1907,1274 1952,1274 1997,1277 2042,1277 2086,1280 2131,1280 2176,1283 2221,1286 2266,1289 2310,1292 2322,1289"/>
                <Word id="r_22_tl_19_w1" custom="readingOrder {index:0;}">
                    <Coords points="1313,1228 1313,1288 1371,1288 1371,1228"/>
                    <TextEquiv>
                        <Unicode>daß</Unicode>
                    </TextEquiv>
                </Word>
                <Word id="r_22_tl_19_w2" custom="readingOrder {index:1;}">
                    <Coords points="1398,1228 1398,1288 1467,1288 1467,1228"/>
                    <TextEquiv>
                        <Unicode>man</Unicode>
                    </TextEquiv>
                </Word>
                <Word id="r_22_tl_19_w3" custom="readingOrder {index:2;}">
                    <Coords points="1494,1228 1494,1288 1547,1288 1547,1228"/>
                    <TextEquiv>
                        <Unicode>es,</Unicode>
                    </TextEquiv>
                </Word>
                <Word id="r_22_tl_19_w4" custom="readingOrder {index:3;}">
                    <Coords points="1563,1229 1563,1289 1589,1289 1589,1229"/>
                    <TextEquiv>
                        <Unicode>im</Unicode>
                    </TextEquiv>
                </Word>
                <Word id="r_22_tl_19_w5" custom="readingOrder {index:4;}">
                    <Coords points="1632,1231 1632,1291 1706,1291 1706,1231"/>
                    <TextEquiv>
                        <Unicode>Fall</Unicode>
                    </TextEquiv>
                </Word>
                <Word id="r_22_tl_19_w6" custom="readingOrder {index:5;}">
                    <Coords points="1723,1231 1723,1291 1807,1291 1807,1231"/>
                    <TextEquiv>
                        <Unicode>eines</Unicode>
                    </TextEquiv>
                </Word>
                <Word id="r_22_tl_19_w7" custom="readingOrder {index:6;}">
                    <Coords points="1834,1234 1834,1294 1972,1294 1972,1234"/>
                    <TextEquiv>
                        <Unicode>Krieges</Unicode>
                    </TextEquiv>
                </Word>
                <Word id="r_22_tl_19_w8" custom="readingOrder {index:7;}">
                    <Coords points="1993,1237 1993,1297 2057,1297 2057,1237"/>
                    <TextEquiv>
                        <Unicode>mit</Unicode>
                    </TextEquiv>
                </Word>
                <Word id="r_22_tl_19_w9" custom="readingOrder {index:8;}">
                    <Coords points="2073,1241 2073,1301 2242,1301 2242,1241"/>
                    <TextEquiv>
                        <Unicode>letzteren,</Unicode>
                    </TextEquiv>
                </Word>
                <Word id="r_22_tl_19_w10" custom="readingOrder {index:9;}">
                    <Coords points="2259,1250 2259,1310 2306,1310 2306,1250"/>
                    <TextEquiv>
                        <Unicode>als</Unicode>
                    </TextEquiv>
                </Word>
                <TextEquiv>
                    <Unicode>daß man es, im Fall eines Krieges mit letzteren, als</Unicode>
                </TextEquiv>
            </TextLine>
            <TextLine id="r_22_tl_20" custom="readingOrder {index:19;}">
                <Coords points="1311,1331 2294,1349 2309,1303 1308,1280"/>
                <Baseline points="1325,1316 1370,1319 1415,1316 1459,1319 1504,1319 1549,1319 1594,1319 1639,1319 1683,1319 1728,1319 1773,1322 1818,1325 1862,1325 1907,1322 1952,1325 1997,1325 2042,1328 2086,1328 2131,1331 2176,1331 2221,1331 2266,1334 2310,1337 2316,1334"/>
                <Word id="r_22_tl_20_w1" custom="readingOrder {index:0;}">
                    <Coords points="1314,1277 1314,1337 1384,1337 1384,1277"/>
                    <TextEquiv>
                        <Unicode>eine</Unicode>
                    </TextEquiv>
                </Word>
                <Word id="r_22_tl_20_w2" custom="readingOrder {index:1;}">
                    <Coords points="1406,1279 1406,1339 1568,1339 1568,1279"/>
                    <TextEquiv>
                        <Unicode>Barriere</Unicode>
                    </TextEquiv>
                </Word>
                <Word id="r_22_tl_20_w3" custom="readingOrder {index:2;}">
                    <Coords points="1590,1279 1590,1339 1720,1339 1720,1279"/>
                    <TextEquiv>
                        <Unicode>ansehen</Unicode>
                    </TextEquiv>
                </Word>
                <Word id="r_22_tl_20_w4" custom="readingOrder {index:3;}">
                    <Coords points="1748,1283 1748,1343 1845,1343 1845,1283"/>
                    <TextEquiv>
                        <Unicode>kann.</Unicode>
                    </TextEquiv>
                </Word>
                <Word id="r_22_tl_20_w5" custom="readingOrder {index:4;}">
                    <Coords points="1894,1282 1894,1342 1948,1342 1948,1282"/>
                    <TextEquiv>
                        <Unicode>Im</Unicode>
                    </TextEquiv>
                </Word>
                <Word id="r_22_tl_20_w6" custom="readingOrder {index:5;}">
                    <Coords points="1987,1288 1987,1348 2182,1348 2182,1288"/>
                    <TextEquiv>
                        <Unicode>Parlement</Unicode>
                    </TextEquiv>
                </Word>
                <Word id="r_22_tl_20_w7" custom="readingOrder {index:6;}">
                    <Coords points="2204,1291 2204,1351 2241,1351 2241,1291"/>
                    <TextEquiv>
                        <Unicode>ist</Unicode>
                    </TextEquiv>
                </Word>
                <Word id="r_22_tl_20_w8" custom="readingOrder {index:7;}">
                    <Coords points="2264,1294 2264,1354 2285,1354 2285,1294"/>
                    <TextEquiv>
                        <Unicode>im</Unicode>
                    </TextEquiv>
                </Word>
                <TextEquiv>
                    <Unicode>eine Barriere ansehen kann. Im Parlement ist im</Unicode>
                </TextEquiv>
            </TextLine>
            <TextLine id="r_22_tl_21" custom="readingOrder {index:20;}">
                <Coords points="1313,1382 2312,1402 2312,1346 2198,1336 1313,1328"/>
                <Baseline points="1328,1370 1373,1370 1418,1370 1462,1370 1507,1370 1552,1370 1597,1373 1642,1373 1686,1370 1731,1373 1776,1373 1821,1373 1865,1373 1910,1376 1955,1376 2000,1376 2045,1379 2089,1379 2134,1382 2179,1382 2224,1385 2269,1385 2313,1385 2316,1385"/>
                <Word id="r_22_tl_21_w1" custom="readingOrder {index:0;}">
                    <Coords points="1319,1330 1319,1390 1511,1390 1511,1330"/>
                    <TextEquiv>
                        <Unicode>Vorschlage</Unicode>
                    </TextEquiv>
                </Word>
                <Word id="r_22_tl_21_w2" custom="readingOrder {index:1;}">
                    <Coords points="1534,1333 1534,1393 1681,1393 1681,1333"/>
                    <TextEquiv>
                        <Unicode>gebracht</Unicode>
                    </TextEquiv>
                </Word>
                <Word id="r_22_tl_21_w3" custom="readingOrder {index:2;}">
                    <Coords points="1698,1332 1698,1392 1760,1392 1760,1332"/>
                    <TextEquiv>
                        <Unicode>mit</Unicode>
                    </TextEquiv>
                </Word>
                <Word id="r_22_tl_21_w4" custom="readingOrder {index:3;}">
                    <Coords points="1783,1333 1783,1393 1834,1393 1834,1333"/>
                    <TextEquiv>
                        <Unicode>den</Unicode>
                    </TextEquiv>
                </Word>
                <Word id="r_22_tl_21_w5" custom="readingOrder {index:4;}">
                    <Coords points="1857,1336 1857,1396 2111,1396 2111,1336"/>
                    <TextEquiv>
                        <Unicode>Eigenthümern</Unicode>
                    </TextEquiv>
                </Word>
                <Word id="r_22_tl_21_w6" custom="readingOrder {index:5;}">
                    <Coords points="2140,1342 2140,1402 2190,1402 2190,1342"/>
                    <TextEquiv>
                        <Unicode>der</Unicode>
                    </TextEquiv>
                </Word>
                <Word id="r_22_tl_21_w7" custom="readingOrder {index:6;}">
                    <Coords points="2208,1345 2208,1405 2309,1405 2309,1345"/>
                    <TextEquiv>
                        <Unicode>Insul</Unicode>
                    </TextEquiv>
                </Word>
                <TextEquiv>
                    <Unicode>Vorschlage gebracht mit den Eigenthümern der Insul</Unicode>
                </TextEquiv>
            </TextLine>
            <TextLine id="r_22_tl_22" custom="readingOrder {index:21;}">
                <Coords points="1311,1432 2264,1453 2309,1445 2309,1404 1308,1387"/>
                <Baseline points="1325,1421 1370,1421 1415,1421 1459,1421 1504,1421 1549,1421 1594,1424 1639,1421 1683,1421 1728,1424 1773,1424 1818,1424 1862,1427 1907,1427 1952,1427 1997,1430 2042,1430 2086,1430 2131,1430 2176,1433 2221,1433 2266,1433 2310,1436 2316,1433"/>
                <Word id="r_22_tl_22_w1" custom="readingOrder {index:0;}">
                    <Coords points="1314,1381 1314,1441 1400,1441 1400,1381"/>
                    <TextEquiv>
                        <Unicode>Man</Unicode>
                    </TextEquiv>
                </Word>
                <Word id="r_22_tl_22_w2" custom="readingOrder {index:1;}">
                    <Coords points="1428,1381 1428,1441 1498,1441 1498,1381"/>
                    <TextEquiv>
                        <Unicode>über</Unicode>
                    </TextEquiv>
                </Word>
                <Word id="r_22_tl_22_w3" custom="readingOrder {index:2;}">
                    <Coords points="1520,1381 1520,1441 1568,1441 1568,1381"/>
                    <TextEquiv>
                        <Unicode>den</Unicode>
                    </TextEquiv>
                </Word>
                <Word id="r_22_tl_22_w4" custom="readingOrder {index:3;}">
                    <Coords points="1596,1381 1596,1441 1682,1441 1682,1381"/>
                    <TextEquiv>
                        <Unicode>Kauf</Unicode>
                    </TextEquiv>
                </Word>
                <Word id="r_22_tl_22_w5" custom="readingOrder {index:4;}">
                    <Coords points="1699,1383 1699,1443 1753,1443 1753,1383"/>
                    <TextEquiv>
                        <Unicode>und</Unicode>
                    </TextEquiv>
                </Word>
                <Word id="r_22_tl_22_w6" custom="readingOrder {index:5;}">
                    <Coords points="1775,1385 1775,1445 1900,1445 1900,1385"/>
                    <TextEquiv>
                        <Unicode>Abtritt</Unicode>
                    </TextEquiv>
                </Word>
                <Word id="r_22_tl_22_w7" custom="readingOrder {index:6;}">
                    <Coords points="1917,1389 1917,1449 2063,1449 2063,1389"/>
                    <TextEquiv>
                        <Unicode>derselben</Unicode>
                    </TextEquiv>
                </Word>
                <Word id="r_22_tl_22_w8" custom="readingOrder {index:7;}">
                    <Coords points="2090,1390 2090,1450 2117,1450 2117,1390"/>
                    <TextEquiv>
                        <Unicode>an</Unicode>
                    </TextEquiv>
                </Word>
                <Word id="r_22_tl_22_w9" custom="readingOrder {index:8;}">
                    <Coords points="2145,1392 2145,1452 2187,1452 2187,1392"/>
                    <TextEquiv>
                        <Unicode>die</Unicode>
                    </TextEquiv>
                </Word>
                <Word id="r_22_tl_22_w10" custom="readingOrder {index:9;}">
                    <Coords points="2204,1393 2204,1453 2307,1453 2307,1393"/>
                    <TextEquiv>
                        <Unicode>Crone</Unicode>
                    </TextEquiv>
                </Word>
                <TextEquiv>
                    <Unicode>Man über den Kauf und Abtritt derselben an die Crone</Unicode>
                </TextEquiv>
            </TextLine>
            <TextLine id="r_22_tl_23" custom="readingOrder {index:22;}">
                <Coords points="1311,1478 2228,1506 2314,1496 2314,1455 1308,1432"/>
                <Baseline points="1325,1471 1370,1471 1415,1471 1459,1471 1504,1471 1549,1471 1594,1471 1639,1474 1683,1474 1728,1474 1773,1474 1818,1474 1862,1474 1907,1477 1952,1477 1997,1477 2042,1480 2086,1480 2131,1483 2176,1483 2221,1483 2266,1483 2310,1483 2322,1480"/>
                <Word id="r_22_tl_23_w1" custom="readingOrder {index:0;}">
                    <Coords points="1314,1431 1314,1491 1400,1491 1400,1431"/>
                    <TextEquiv>
                        <Unicode>einen</Unicode>
                    </TextEquiv>
                </Word>
                <Word id="r_22_tl_23_w2" custom="readingOrder {index:1;}">
                    <Coords points="1433,1431 1433,1491 1590,1491 1590,1431"/>
                    <TextEquiv>
                        <Unicode>Vergleich</Unicode>
                    </TextEquiv>
                </Word>
                <Word id="r_22_tl_23_w3" custom="readingOrder {index:2;}">
                    <Coords points="1628,1434 1628,1494 1660,1494 1660,1434"/>
                    <TextEquiv>
                        <Unicode>zu</Unicode>
                    </TextEquiv>
                </Word>
                <Word id="r_22_tl_23_w4" custom="readingOrder {index:3;}">
                    <Coords points="1693,1434 1693,1494 1867,1494 1867,1434"/>
                    <TextEquiv>
                        <Unicode>schließen,</Unicode>
                    </TextEquiv>
                </Word>
                <Word id="r_22_tl_23_w5" custom="readingOrder {index:4;}">
                    <Coords points="1900,1437 1900,1497 1937,1497 1937,1437"/>
                    <TextEquiv>
                        <Unicode>um</Unicode>
                    </TextEquiv>
                </Word>
                <Word id="r_22_tl_23_w6" custom="readingOrder {index:5;}">
                    <Coords points="1987,1438 1987,1498 2040,1498 2040,1438"/>
                    <TextEquiv>
                        <Unicode>dem</Unicode>
                    </TextEquiv>
                </Word>
                <Word id="r_22_tl_23_w7" custom="readingOrder {index:6;}">
                    <Coords points="2079,1443 2079,1503 2311,1503 2311,1443"/>
                    <TextEquiv>
                        <Unicode>Schleichhan¬</Unicode>
                    </TextEquiv>
                </Word>
                <TextEquiv>
                    <Unicode>einen Vergleich zu schließen, um dem Schleichhan¬</Unicode>
                </TextEquiv>
            </TextLine>
            <TextLine id="r_22_tl_24" custom="readingOrder {index:23;}">
                <Coords points="1306,1544 2307,1546 2307,1496 1306,1475"/>
                <Baseline points="1319,1519 1364,1522 1409,1519 1453,1519 1498,1519 1543,1519 1588,1519 1633,1522 1677,1522 1722,1522 1767,1522 1812,1525 1857,1525 1901,1525 1946,1525 1991,1528 2036,1528 2080,1528 2125,1531 2170,1531 2215,1534 2260,1534 2304,1534 2313,1537"/>
                <Word id="r_22_tl_24_w1" custom="readingOrder {index:0;}">
                    <Coords points="1317,1481 1317,1541 1390,1541 1390,1481"/>
                    <TextEquiv>
                        <Unicode>del,</Unicode>
                    </TextEquiv>
                </Word>
                <Word id="r_22_tl_24_w2" custom="readingOrder {index:1;}">
                    <Coords points="1417,1479 1417,1539 1469,1539 1469,1479"/>
                    <TextEquiv>
                        <Unicode>der</Unicode>
                    </TextEquiv>
                </Word>
                <Word id="r_22_tl_24_w3" custom="readingOrder {index:2;}">
                    <Coords points="1491,1479 1491,1539 1602,1539 1602,1479"/>
                    <TextEquiv>
                        <Unicode>bisher</Unicode>
                    </TextEquiv>
                </Word>
                <Word id="r_22_tl_24_w4" custom="readingOrder {index:3;}">
                    <Coords points="1623,1482 1623,1542 1755,1542 1755,1482"/>
                    <TextEquiv>
                        <Unicode>daselbst</Unicode>
                    </TextEquiv>
                </Word>
                <Word id="r_22_tl_24_w5" custom="readingOrder {index:4;}">
                    <Coords points="1776,1485 1776,1545 1956,1545 1956,1485"/>
                    <TextEquiv>
                        <Unicode>ungestraft</Unicode>
                    </TextEquiv>
                </Word>
                <Word id="r_22_tl_24_w6" custom="readingOrder {index:5;}">
                    <Coords points="1977,1488 1977,1548 2131,1548 2131,1488"/>
                    <TextEquiv>
                        <Unicode>getrieben</Unicode>
                    </TextEquiv>
                </Word>
                <Word id="r_22_tl_24_w7" custom="readingOrder {index:6;}">
                    <Coords points="2163,1494 2163,1554 2310,1554 2310,1494"/>
                    <TextEquiv>
                        <Unicode>worden,</Unicode>
                    </TextEquiv>
                </Word>
                <TextEquiv>
                    <Unicode>del, der bisher daselbst ungestraft getrieben worden,</Unicode>
                </TextEquiv>
            </TextLine>
            <TextLine id="r_22_tl_25" custom="readingOrder {index:24;}">
                <Coords points="1311,1574 2312,1592 2294,1544 1311,1541"/>
                <Baseline points="1325,1564 1370,1567 1415,1567 1459,1567 1504,1567 1549,1567 1594,1570 1639,1570 1683,1570 1728,1570 1773,1573 1818,1573 1862,1576 1907,1573 1952,1576 1997,1576 2042,1579 2086,1579 2131,1579 2176,1582 2221,1585 2266,1585 2310,1585 2319,1582"/>
                <Word id="r_22_tl_25_w1" custom="readingOrder {index:0;}">
                    <Coords points="1316,1525 1316,1585 1374,1585 1374,1525"/>
                    <TextEquiv>
                        <Unicode>auf</Unicode>
                    </TextEquiv>
                </Word>
                <Word id="r_22_tl_25_w2" custom="readingOrder {index:1;}">
                    <Coords points="1396,1527 1396,1587 1517,1587 1517,1527"/>
                    <TextEquiv>
                        <Unicode>einmal</Unicode>
                    </TextEquiv>
                </Word>
                <Word id="r_22_tl_25_w3" custom="readingOrder {index:2;}">
                    <Coords points="1538,1530 1538,1590 1675,1590 1675,1530"/>
                    <TextEquiv>
                        <Unicode>Einhalt</Unicode>
                    </TextEquiv>
                </Word>
                <Word id="r_22_tl_25_w4" custom="readingOrder {index:3;}">
                    <Coords points="1697,1530 1697,1590 1728,1590 1728,1530"/>
                    <TextEquiv>
                        <Unicode>zu</Unicode>
                    </TextEquiv>
                </Word>
                <Word id="r_22_tl_25_w5" custom="readingOrder {index:4;}">
                    <Coords points="1755,1533 1755,1593 1850,1593 1850,1533"/>
                    <TextEquiv>
                        <Unicode>thun.</Unicode>
                    </TextEquiv>
                </Word>
                <Word id="r_22_tl_25_w6" custom="readingOrder {index:5;}">
                    <Coords points="1903,1536 1903,1596 2035,1596 2035,1536"/>
                    <TextEquiv>
                        <Unicode>Gestern</Unicode>
                    </TextEquiv>
                </Word>
                <Word id="r_22_tl_25_w7" custom="readingOrder {index:6;}">
                    <Coords points="2072,1540 2072,1600 2220,1600 2220,1540"/>
                    <TextEquiv>
                        <Unicode>erhielten</Unicode>
                    </TextEquiv>
                </Word>
                <Word id="r_22_tl_25_w8" custom="readingOrder {index:7;}">
                    <Coords points="2263,1545 2263,1605 2310,1605 2310,1545"/>
                    <TextEquiv>
                        <Unicode>die</Unicode>
                    </TextEquiv>
                </Word>
                <TextEquiv>
                    <Unicode>auf einmal Einhalt zu thun. Gestern erhielten die</Unicode>
                </TextEquiv>
            </TextLine>
            <TextLine id="r_22_tl_26" custom="readingOrder {index:25;}">
                <Coords points="1321,1627 2309,1640 2309,1592 1321,1577"/>
                <Baseline points="1334,1615 1379,1618 1424,1618 1468,1618 1513,1618 1558,1618 1603,1618 1648,1618 1692,1618 1737,1621 1782,1618 1827,1621 1871,1621 1916,1624 1961,1624 2006,1624 2051,1627 2095,1630 2140,1627 2185,1630 2230,1633 2274,1633 2316,1633"/>
                <Word id="r_22_tl_26_w1" custom="readingOrder {index:0;}">
                    <Coords points="1321,1578 1321,1638 1499,1638 1499,1578"/>
                    <TextEquiv>
                        <Unicode>Truppen,</Unicode>
                    </TextEquiv>
                </Word>
                <Word id="r_22_tl_26_w2" custom="readingOrder {index:1;}">
                    <Coords points="1521,1578 1521,1638 1632,1638 1632,1578"/>
                    <TextEquiv>
                        <Unicode>welche</Unicode>
                    </TextEquiv>
                </Word>
                <Word id="r_22_tl_26_w3" custom="readingOrder {index:2;}">
                    <Coords points="1653,1578 1653,1638 1705,1638 1705,1578"/>
                    <TextEquiv>
                        <Unicode>bey</Unicode>
                    </TextEquiv>
                </Word>
                <Word id="r_22_tl_26_w4" custom="readingOrder {index:3;}">
                    <Coords points="1732,1579 1732,1639 1779,1639 1779,1579"/>
                    <TextEquiv>
                        <Unicode>der</Unicode>
                    </TextEquiv>
                </Word>
                <Word id="r_22_tl_26_w5" custom="readingOrder {index:4;}">
                    <Coords points="1806,1582 1806,1642 1990,1642 1990,1582"/>
                    <TextEquiv>
                        <Unicode>Eroberung</Unicode>
                    </TextEquiv>
                </Word>
                <Word id="r_22_tl_26_w6" custom="readingOrder {index:5;}">
                    <Coords points="2022,1586 2022,1646 2075,1646 2075,1586"/>
                    <TextEquiv>
                        <Unicode>von</Unicode>
                    </TextEquiv>
                </Word>
                <Word id="r_22_tl_26_w7" custom="readingOrder {index:6;}">
                    <Coords points="2102,1589 2102,1649 2238,1649 2238,1589"/>
                    <TextEquiv>
                        <Unicode>Havana</Unicode>
                    </TextEquiv>
                </Word>
                <Word id="r_22_tl_26_w8" custom="readingOrder {index:7;}">
                    <Coords points="2265,1593 2265,1653 2312,1653 2312,1593"/>
                    <TextEquiv>
                        <Unicode>ge¬</Unicode>
                    </TextEquiv>
                </Word>
                <TextEquiv>
                    <Unicode>Truppen, welche bey der Eroberung von Havana ge¬</Unicode>
                </TextEquiv>
            </TextLine>
            <TextLine id="r_22_tl_27" custom="readingOrder {index:26;}">
                <Coords points="1311,1681 2314,1696 2312,1643 1311,1622"/>
                <Baseline points="1325,1668 1370,1662 1415,1662 1459,1662 1504,1659 1549,1662 1594,1662 1639,1662 1683,1662 1728,1665 1773,1665 1818,1665 1862,1668 1907,1668 1952,1668 1997,1671 2042,1674 2086,1674 2131,1674 2176,1677 2221,1677 2266,1680 2310,1680 2319,1677"/>
                <Word id="r_22_tl_27_w1" custom="readingOrder {index:0;}">
                    <Coords points="1316,1622 1316,1682 1485,1682 1485,1622"/>
                    <TextEquiv>
                        <Unicode>gewesen,</Unicode>
                    </TextEquiv>
                </Word>
                <Word id="r_22_tl_27_w2" custom="readingOrder {index:1;}">
                    <Coords points="1518,1621 1518,1681 1564,1681 1564,1621"/>
                    <TextEquiv>
                        <Unicode>die</Unicode>
                    </TextEquiv>
                </Word>
                <Word id="r_22_tl_27_w3" custom="readingOrder {index:2;}">
                    <Coords points="1597,1622 1597,1682 1713,1682 1713,1622"/>
                    <TextEquiv>
                        <Unicode>zweyte</Unicode>
                    </TextEquiv>
                </Word>
                <Word id="r_22_tl_27_w4" custom="readingOrder {index:3;}">
                    <Coords points="1740,1627 1740,1687 1957,1687 1957,1627"/>
                    <TextEquiv>
                        <Unicode>Auszahlung</Unicode>
                    </TextEquiv>
                </Word>
                <Word id="r_22_tl_27_w5" custom="readingOrder {index:4;}">
                    <Coords points="1994,1632 1994,1692 2052,1692 2052,1632"/>
                    <TextEquiv>
                        <Unicode>von</Unicode>
                    </TextEquiv>
                </Word>
                <Word id="r_22_tl_27_w6" custom="readingOrder {index:5;}">
                    <Coords points="2090,1634 2090,1694 2142,1694 2142,1634"/>
                    <TextEquiv>
                        <Unicode>den</Unicode>
                    </TextEquiv>
                </Word>
                <Word id="r_22_tl_27_w7" custom="readingOrder {index:6;}">
                    <Coords points="2180,1638 2180,1698 2312,1698 2312,1638"/>
                    <TextEquiv>
                        <Unicode>daselbst</Unicode>
                    </TextEquiv>
                </Word>
                <TextEquiv>
                    <Unicode>gewesen, die zweyte Auszahlung von den daselbst</Unicode>
                </TextEquiv>
            </TextLine>
            <TextLine id="r_22_tl_28" custom="readingOrder {index:27;}">
                <Coords points="1311,1724 1726,1706 2309,1744 2309,1698 2266,1686 1311,1681"/>
                <Baseline points="1325,1710 1370,1710 1415,1707 1459,1707 1504,1704 1549,1704 1594,1704 1639,1704 1683,1707 1728,1707 1773,1707 1818,1710 1862,1710 1907,1713 1952,1713 1997,1713 2042,1716 2086,1719 2131,1719 2176,1722 2221,1725 2266,1728 2310,1728 2316,1725"/>
                <Word id="r_22_tl_28_w1" custom="readingOrder {index:0;}">
                    <Coords points="1316,1667 1316,1727 1496,1727 1496,1667"/>
                    <TextEquiv>
                        <Unicode>gefundnen</Unicode>
                    </TextEquiv>
                </Word>
                <Word id="r_22_tl_28_w2" custom="readingOrder {index:1;}">
                    <Coords points="1527,1664 1527,1724 1703,1724 1703,1664"/>
                    <TextEquiv>
                        <Unicode>Schätzen.</Unicode>
                    </TextEquiv>
                </Word>
                <Word id="r_22_tl_28_w3" custom="readingOrder {index:2;}">
                    <Coords points="1754,1668 1754,1728 1829,1728 1829,1668"/>
                    <TextEquiv>
                        <Unicode>Der</Unicode>
                    </TextEquiv>
                </Word>
                <Word id="r_22_tl_28_w4" custom="readingOrder {index:3;}">
                    <Coords points="1850,1671 1850,1731 1924,1731 1924,1671"/>
                    <TextEquiv>
                        <Unicode>Lord</Unicode>
                    </TextEquiv>
                </Word>
                <Word id="r_22_tl_28_w5" custom="readingOrder {index:4;}">
                    <Coords points="1945,1675 1945,1735 2126,1735 2126,1675"/>
                    <TextEquiv>
                        <Unicode>Albemarle</Unicode>
                    </TextEquiv>
                </Word>
                <Word id="r_22_tl_28_w6" custom="readingOrder {index:5;}">
                    <Coords points="2152,1685 2152,1745 2302,1745 2302,1685"/>
                    <TextEquiv>
                        <Unicode>empfieng</Unicode>
                    </TextEquiv>
                </Word>
                <TextEquiv>
                    <Unicode>gefundnen Schätzen. Der Lord Albemarle empfieng</Unicode>
                </TextEquiv>
            </TextLine>
            <TextLine id="r_22_tl_29" custom="readingOrder {index:28;}">
                <Coords points="284,1780 1318,1752 2322,1787 2322,1742 2266,1731 1739,1706 284,1734"/>
                <Baseline points="298,1761 316,1758 361,1758 406,1755 450,1755 495,1755 540,1752 585,1752 629,1755 674,1755 719,1755 764,1752 809,1752 853,1752 898,1752 943,1755 988,1755 1032,1758 1077,1758 1122,1758 1167,1758 1212,1758 1256,1755 1301,1752 1325,1749 1370,1749 1415,1746 1459,1749 1504,1749 1549,1749 1594,1746 1639,1749 1683,1752 1728,1752 1773,1752 1818,1752 1862,1755 1907,1755 1952,1758 1997,1758 2042,1761 2086,1761 2131,1767 2176,1767 2221,1770 2266,1773 2310,1773 2325,1773"/>
                <Word id="r_22_tl_29_w1" custom="readingOrder {index:0;}">
                    <Coords points="292,1717 292,1777 454,1777 454,1717"/>
                    <TextEquiv>
                        <Unicode>predigten</Unicode>
                    </TextEquiv>
                </Word>
                <Word id="r_22_tl_29_w2" custom="readingOrder {index:1;}">
                    <Coords points="478,1713 478,1773 550,1773 550,1713"/>
                    <TextEquiv>
                        <Unicode>bey.</Unicode>
                    </TextEquiv>
                </Word>
                <Word id="r_22_tl_29_w3" custom="readingOrder {index:2;}">
                    <Coords points="599,1715 599,1775 761,1775 761,1715"/>
                    <TextEquiv>
                        <Unicode>Freytags</Unicode>
                    </TextEquiv>
                </Word>
                <Word id="r_22_tl_29_w4" custom="readingOrder {index:3;}">
                    <Coords points="786,1712 786,1772 1015,1772 1015,1712"/>
                    <TextEquiv>
                        <Unicode>Nachmittags</Unicode>
                    </TextEquiv>
                </Word>
                <Word id="r_22_tl_29_w5" custom="readingOrder {index:4;}">
                    <Coords points="1046,1718 1046,1778 1142,1778 1142,1718"/>
                    <TextEquiv>
                        <Unicode>haben</Unicode>
                    </TextEquiv>
                </Word>
                <Word id="r_22_tl_29_w6" custom="readingOrder {index:5;}">
                    <Coords points="1166,1718 1166,1778 1214,1778 1214,1718"/>
                    <TextEquiv>
                        <Unicode>die</Unicode>
                    </TextEquiv>
                </Word>
                <Word id="r_22_tl_29_w7" custom="readingOrder {index:6;}">
                    <Coords points="1239,1714 1239,1774 1292,1774 1292,1714"/>
                    <TextEquiv>
                        <Unicode>ge=</Unicode>
                    </TextEquiv>
                </Word>
                <Word id="r_22_tl_29_w8" custom="readingOrder {index:7;}">
                    <Coords points="1329,1708 1329,1768 1437,1768 1437,1708"/>
                    <TextEquiv>
                        <Unicode>20000</Unicode>
                    </TextEquiv>
                </Word>
                <Word id="r_22_tl_29_w9" custom="readingOrder {index:8;}">
                    <Coords points="1474,1709 1474,1769 1582,1769 1582,1709"/>
                    <TextEquiv>
                        <Unicode>Pfund</Unicode>
                    </TextEquiv>
                </Word>
                <Word id="r_22_tl_29_w10" custom="readingOrder {index:9;}">
                    <Coords points="1613,1711 1613,1771 1727,1771 1727,1711"/>
                    <TextEquiv>
                        <Unicode>Sterl.</Unicode>
                    </TextEquiv>
                </Word>
                <Word id="r_22_tl_29_w11" custom="readingOrder {index:10;}">
                    <Coords points="1752,1712 1752,1772 1824,1772 1824,1712"/>
                    <TextEquiv>
                        <Unicode>Der</Unicode>
                    </TextEquiv>
                </Word>
                <Word id="r_22_tl_29_w12" custom="readingOrder {index:11;}">
                    <Coords points="1854,1716 1854,1776 1998,1776 1998,1716"/>
                    <TextEquiv>
                        <Unicode>General</Unicode>
                    </TextEquiv>
                </Word>
                <Word id="r_22_tl_29_w13" custom="readingOrder {index:12;}">
                    <Coords points="2023,1721 2023,1781 2119,1781 2119,1721"/>
                    <TextEquiv>
                        <Unicode>Elliot</Unicode>
                    </TextEquiv>
                </Word>
                <Word id="r_22_tl_29_w14" custom="readingOrder {index:13;}">
                    <Coords points="2144,1728 2144,1788 2252,1788 2252,1728"/>
                    <TextEquiv>
                        <Unicode>4000.</Unicode>
                    </TextEquiv>
                </Word>
                <Word id="r_22_tl_29_w15" custom="readingOrder {index:14;}">
                    <Coords points="2264,1733 2264,1793 2312,1793 2312,1733"/>
                    <TextEquiv>
                        <Unicode>der</Unicode>
                    </TextEquiv>
                </Word>
                <TextEquiv>
                    <Unicode>predigten bey. Freytags Nachmittags haben die ge= 20000 Pfund Sterl. Der General Elliot 4000. der</Unicode>
                </TextEquiv>
            </TextLine>
            <TextLine id="r_22_tl_30" custom="readingOrder {index:29;}">
                <Coords points="1321,1807 2312,1830 2294,1782 1321,1759"/>
                <Baseline points="1334,1794 1379,1797 1424,1797 1468,1797 1513,1797 1558,1794 1603,1797 1648,1797 1692,1800 1737,1800 1782,1803 1827,1803 1871,1803 1916,1806 1961,1806 2006,1809 2051,1809 2095,1812 2140,1815 2185,1818 2230,1818 2274,1821 2319,1824"/>
                <Word id="r_22_tl_30_w1" custom="readingOrder {index:0;}">
                    <Coords points="1322,1757 1322,1817 1572,1817 1572,1757"/>
                    <TextEquiv>
                        <Unicode>Generalmajor</Unicode>
                    </TextEquiv>
                </Word>
                <Word id="r_22_tl_30_w2" custom="readingOrder {index:1;}">
                    <Coords points="1600,1757 1600,1817 1706,1817 1706,1757"/>
                    <TextEquiv>
                        <Unicode>1125,</Unicode>
                    </TextEquiv>
                </Word>
                <Word id="r_22_tl_30_w3" custom="readingOrder {index:2;}">
                    <Coords points="1735,1761 1735,1821 1784,1821 1784,1761"/>
                    <TextEquiv>
                        <Unicode>der</Unicode>
                    </TextEquiv>
                </Word>
                <Word id="r_22_tl_30_w4" custom="readingOrder {index:3;}">
                    <Coords points="1813,1766 1813,1826 2125,1826 2125,1766"/>
                    <TextEquiv>
                        <Unicode>Generalbrigadier</Unicode>
                    </TextEquiv>
                </Word>
                <Word id="r_22_tl_30_w5" custom="readingOrder {index:4;}">
                    <Coords points="2159,1778 2159,1838 2242,1838 2242,1778"/>
                    <TextEquiv>
                        <Unicode>321,</Unicode>
                    </TextEquiv>
                </Word>
                <Word id="r_22_tl_30_w6" custom="readingOrder {index:5;}">
                    <Coords points="2265,1781 2265,1841 2309,1841 2309,1781"/>
                    <TextEquiv>
                        <Unicode>die</Unicode>
                    </TextEquiv>
                </Word>
                <TextEquiv>
                    <Unicode>Generalmajor 1125, der Generalbrigadier 321, die</Unicode>
                </TextEquiv>
            </TextLine>
            <TextLine id="r_22_tl_31" custom="readingOrder {index:30;}">
                <Coords points="1313,1858 1815,1861 2081,1904 2312,1894 2312,1830 1311,1805"/>
                <Baseline points="1328,1848 1373,1848 1418,1848 1462,1848 1507,1851 1552,1848 1597,1851 1642,1851 1686,1854 1731,1854 1776,1854 1821,1854 1865,1857 1910,1859 1955,1859 2000,1862 2045,1865 2089,1865 2134,1868 2179,1871 2224,1871 2269,1874 2313,1871 2319,1868"/>
                <Word id="r_22_tl_31_w1" custom="readingOrder {index:0;}">
                    <Coords points="1318,1808 1318,1868 1448,1868 1448,1808"/>
                    <TextEquiv>
                        <Unicode>übrigen</Unicode>
                    </TextEquiv>
                </Word>
                <Word id="r_22_tl_31_w2" custom="readingOrder {index:1;}">
                    <Coords points="1479,1808 1479,1868 1631,1868 1631,1808"/>
                    <TextEquiv>
                        <Unicode>Officiers</Unicode>
                    </TextEquiv>
                </Word>
                <Word id="r_22_tl_31_w3" custom="readingOrder {index:2;}">
                    <Coords points="1657,1814 1657,1874 1727,1874 1727,1814"/>
                    <TextEquiv>
                        <Unicode>nach</Unicode>
                    </TextEquiv>
                </Word>
                <Word id="r_22_tl_31_w4" custom="readingOrder {index:3;}">
                    <Coords points="1751,1816 1751,1876 1976,1876 1976,1816"/>
                    <TextEquiv>
                        <Unicode>Verhältnis,</Unicode>
                    </TextEquiv>
                </Word>
                <Word id="r_22_tl_31_w5" custom="readingOrder {index:4;}">
                    <Coords points="2007,1824 2007,1884 2065,1884 2065,1824"/>
                    <TextEquiv>
                        <Unicode>und</Unicode>
                    </TextEquiv>
                </Word>
                <Word id="r_22_tl_31_w6" custom="readingOrder {index:5;}">
                    <Coords points="2090,1827 2090,1887 2172,1887 2172,1827"/>
                    <TextEquiv>
                        <Unicode>jeder</Unicode>
                    </TextEquiv>
                </Word>
                <Word id="r_22_tl_31_w7" custom="readingOrder {index:6;}">
                    <Coords points="2203,1833 2203,1893 2314,1893 2314,1833"/>
                    <TextEquiv>
                        <Unicode>gemei¬</Unicode>
                    </TextEquiv>
                </Word>
                <TextEquiv>
                    <Unicode>übrigen Officiers nach Verhältnis, und jeder gemei¬</Unicode>
                </TextEquiv>
            </TextLine>
            <TextLine id="r_22_tl_32" custom="readingOrder {index:31;}">
                <Coords points="1306,1904 1792,1924 1840,1916 1838,1861 1524,1868 1402,1851 1303,1866"/>
                <Baseline points="1319,1898 1364,1898 1409,1901 1453,1901 1498,1901 1543,1901 1588,1901 1633,1904 1677,1904 1722,1907 1767,1907 1812,1910 1848,1907"/>
                <Word id="r_22_tl_32_w1" custom="readingOrder {index:0;}">
                    <Coords points="1318,1858 1318,1918 1356,1918 1356,1858"/>
                    <TextEquiv>
                        <Unicode>ne</Unicode>
                    </TextEquiv>
                </Word>
                <Word id="r_22_tl_32_w2" custom="readingOrder {index:1;}">
                    <Coords points="1382,1861 1382,1921 1490,1921 1490,1861"/>
                    <TextEquiv>
                        <Unicode>Mann</Unicode>
                    </TextEquiv>
                </Word>
                <Word id="r_22_tl_32_w3" custom="readingOrder {index:2;}">
                    <Coords points="1522,1861 1522,1921 1560,1921 1560,1861"/>
                    <TextEquiv>
                        <Unicode>13</Unicode>
                    </TextEquiv>
                </Word>
                <Word id="r_22_tl_32_w4" custom="readingOrder {index:3;}">
                    <Coords points="1587,1864 1587,1924 1714,1924 1714,1864"/>
                    <TextEquiv>
                        <Unicode>Schill.</Unicode>
                    </TextEquiv>
                </Word>
                <Word id="r_22_tl_32_w5" custom="readingOrder {index:4;}">
                    <Coords points="1734,1867 1734,1927 1746,1927 1746,1867"/>
                    <TextEquiv>
                        <Unicode>5</Unicode>
                    </TextEquiv>
                </Word>
                <Word id="r_22_tl_32_w6" custom="readingOrder {index:5;}">
                    <Coords points="1772,1869 1772,1929 1835,1929 1835,1869"/>
                    <TextEquiv>
                        <Unicode>Pf.</Unicode>
                    </TextEquiv>
                </Word>
                <TextEquiv>
                    <Unicode>ne Mann 13 Schill. 5 Pf.</Unicode>
                </TextEquiv>
            </TextLine>
            <TextEquiv>
                <Unicode></Unicode>
            </TextEquiv>
        </TextRegion>
        <TextRegion id="r_23" custom="readingOrder {index:2;}">
            <Coords points="2357,1955 2357,3004 1303,3004 1303,1955"/>
            <TextLine id="r_23_tl_1" custom="readingOrder {index:0;}">
                <Coords points="1615,2005 1749,2025 1772,2008 2008,2020 2015,1962 1612,1962"/>
                <Baseline points="1630,1997 1674,1997 1719,1997 1764,2000 1809,2000 1854,2003 1898,2003 1943,2003 1988,2003 2021,2003"/>
                <Word id="r_23_tl_1_w1" custom="readingOrder {index:0;}">
                    <Coords points="1618,1960 1618,2020 2010,2020 2010,1960"/>
                    <TextEquiv>
                        <Unicode>AVERTISSEMENT.</Unicode>
                    </TextEquiv>
                </Word>
                <TextEquiv>
                    <Unicode>AVERTISSEMENT.</Unicode>
                </TextEquiv>
            </TextLine>
            <TextLine id="r_23_tl_2" custom="readingOrder {index:1;}">
                <Coords points="1359,2058 2307,2071 2307,2031 2172,1995 2008,2025 1359,1995"/>
                <Baseline points="1373,2039 1418,2042 1462,2045 1507,2045 1552,2045 1597,2048 1642,2051 1686,2051 1731,2051 1776,2051 1821,2051 1865,2054 1910,2057 1955,2057 2000,2054 2045,2054 2089,2054 2134,2057 2179,2057 2224,2057 2269,2060 2313,2060"/>
                <Word id="r_23_tl_2_w1" custom="readingOrder {index:0;}">
                    <Coords points="1366,2000 1366,2060 1436,2060 1436,2000"/>
                    <TextEquiv>
                        <Unicode>Bey</Unicode>
                    </TextEquiv>
                </Word>
                <Word id="r_23_tl_2_w2" custom="readingOrder {index:1;}">
                    <Coords points="1473,2005 1473,2065 1520,2065 1520,2005"/>
                    <TextEquiv>
                        <Unicode>dem</Unicode>
                    </TextEquiv>
                </Word>
                <Word id="r_23_tl_2_w3" custom="readingOrder {index:2;}">
                    <Coords points="1574,2011 1574,2071 1733,2071 1733,2011"/>
                    <TextEquiv>
                        <Unicode>Verleger</Unicode>
                    </TextEquiv>
                </Word>
                <Word id="r_23_tl_2_w4" custom="readingOrder {index:3;}">
                    <Coords points="1758,2011 1758,2071 1852,2071 1852,2011"/>
                    <TextEquiv>
                        <Unicode>dieser</Unicode>
                    </TextEquiv>
                </Word>
                <Word id="r_23_tl_2_w5" custom="readingOrder {index:4;}">
                    <Coords points="1882,2017 1882,2077 2018,2077 2018,2017"/>
                    <TextEquiv>
                        <Unicode>Zeitung</Unicode>
                    </TextEquiv>
                </Word>
                <Word id="r_23_tl_2_w6" custom="readingOrder {index:5;}">
                    <Coords points="2055,2014 2055,2074 2090,2074 2090,2014"/>
                    <TextEquiv>
                        <Unicode>ist</Unicode>
                    </TextEquiv>
                </Word>
                <Word id="r_23_tl_2_w7" custom="readingOrder {index:6;}">
                    <Coords points="2120,2017 2120,2077 2149,2077 2149,2017"/>
                    <TextEquiv>
                        <Unicode>zu</Unicode>
                    </TextEquiv>
                </Word>
                <Word id="r_23_tl_2_w8" custom="readingOrder {index:7;}">
                    <Coords points="2180,2017 2180,2077 2280,2077 2280,2017"/>
                    <TextEquiv>
                        <Unicode>haben</Unicode>
                    </TextEquiv>
                </Word>
                <TextEquiv>
                    <Unicode>Bey dem Verleger dieser Zeitung ist zu haben</Unicode>
                </TextEquiv>
            </TextLine>
            <TextLine id="r_23_tl_3" custom="readingOrder {index:2;}">
                <Coords points="1318,2109 2309,2122 2309,2071 2170,2061 2119,2086 1318,2053"/>
                <Baseline points="1331,2092 1376,2095 1421,2092 1465,2095 1510,2095 1555,2092 1600,2095 1645,2095 1689,2095 1734,2098 1779,2098 1824,2098 1868,2098 1913,2101 1958,2101 2003,2104 2048,2104 2092,2104 2137,2104 2182,2107 2227,2107 2271,2110 2316,2110"/>
                <Word id="r_23_tl_3_w1" custom="readingOrder {index:0;}">
                    <Coords points="1323,2054 1323,2114 1439,2114 1439,2054"/>
                    <TextEquiv>
                        <Unicode>Briefe</Unicode>
                    </TextEquiv>
                </Word>
                <Word id="r_23_tl_3_w2" custom="readingOrder {index:1;}">
                    <Coords points="1466,2055 1466,2115 1497,2115 1497,2055"/>
                    <TextEquiv>
                        <Unicode>zu</Unicode>
                    </TextEquiv>
                </Word>
                <Word id="r_23_tl_3_w3" custom="readingOrder {index:2;}">
                    <Coords points="1529,2055 1529,2115 1682,2115 1682,2055"/>
                    <TextEquiv>
                        <Unicode>Bildung</Unicode>
                    </TextEquiv>
                </Word>
                <Word id="r_23_tl_3_w4" custom="readingOrder {index:3;}">
                    <Coords points="1720,2058 1720,2118 1772,2118 1772,2058"/>
                    <TextEquiv>
                        <Unicode>des</Unicode>
                    </TextEquiv>
                </Word>
                <Word id="r_23_tl_3_w5" custom="readingOrder {index:4;}">
                    <Coords points="1799,2061 1799,2121 2031,2121 2031,2061"/>
                    <TextEquiv>
                        <Unicode>Geschmacks,</Unicode>
                    </TextEquiv>
                </Word>
                <Word id="r_23_tl_3_w6" custom="readingOrder {index:5;}">
                    <Coords points="2058,2064 2058,2124 2095,2124 2095,2064"/>
                    <TextEquiv>
                        <Unicode>an</Unicode>
                    </TextEquiv>
                </Word>
                <Word id="r_23_tl_3_w7" custom="readingOrder {index:6;}">
                    <Coords points="2133,2066 2133,2126 2217,2126 2217,2066"/>
                    <TextEquiv>
                        <Unicode>einen</Unicode>
                    </TextEquiv>
                </Word>
                <Word id="r_23_tl_3_w8" custom="readingOrder {index:7;}">
                    <Coords points="2244,2069 2244,2129 2291,2129 2291,2069"/>
                    <TextEquiv>
                        <Unicode>jun</Unicode>
                    </TextEquiv>
                </Word>
                <TextEquiv>
                    <Unicode>Briefe zu Bildung des Geschmacks, an einen jun</Unicode>
                </TextEquiv>
            </TextLine>
            <TextLine id="r_23_tl_4" custom="readingOrder {index:3;}">
                <Coords points="1311,2157 2309,2178 2309,2122 2269,2114 1311,2112"/>
                <Baseline points="1325,2146 1370,2143 1415,2143 1459,2143 1504,2143 1549,2143 1594,2143 1639,2143 1683,2143 1728,2143 1773,2146 1818,2149 1862,2149 1907,2149 1952,2149 1997,2152 2042,2155 2086,2152 2131,2155 2176,2158 2221,2158 2266,2161 2310,2164 2316,2167"/>
                <Word id="r_23_tl_4_w1" custom="readingOrder {index:0;}">
                    <Coords points="1317,2104 1317,2164 1366,2164 1366,2104"/>
                    <TextEquiv>
                        <Unicode>gen</Unicode>
                    </TextEquiv>
                </Word>
                <Word id="r_23_tl_4_w2" custom="readingOrder {index:1;}">
                    <Coords points="1400,2103 1400,2163 1499,2163 1499,2103"/>
                    <TextEquiv>
                        <Unicode>Herrn</Unicode>
                    </TextEquiv>
                </Word>
                <Word id="r_23_tl_4_w3" custom="readingOrder {index:2;}">
                    <Coords points="1534,2103 1534,2163 1589,2163 1589,2103"/>
                    <TextEquiv>
                        <Unicode>von</Unicode>
                    </TextEquiv>
                </Word>
                <Word id="r_23_tl_4_w4" custom="readingOrder {index:3;}">
                    <Coords points="1623,2103 1623,2163 1772,2163 1772,2103"/>
                    <TextEquiv>
                        <Unicode>Stande,</Unicode>
                    </TextEquiv>
                </Word>
                <Word id="r_23_tl_4_w5" custom="readingOrder {index:4;}">
                    <Coords points="1795,2109 1795,2169 1872,2169 1872,2109"/>
                    <TextEquiv>
                        <Unicode>1ster</Unicode>
                    </TextEquiv>
                </Word>
                <Word id="r_23_tl_4_w6" custom="readingOrder {index:5;}">
                    <Coords points="1901,2109 1901,2169 2017,2169 2017,2109"/>
                    <TextEquiv>
                        <Unicode>Band,</Unicode>
                    </TextEquiv>
                </Word>
                <Word id="r_23_tl_4_w7" custom="readingOrder {index:6;}">
                    <Coords points="2040,2114 2040,2174 2072,2174 2072,2114"/>
                    <TextEquiv>
                        <Unicode>8,</Unicode>
                    </TextEquiv>
                </Word>
                <Word id="r_23_tl_4_w8" custom="readingOrder {index:7;}">
                    <Coords points="2090,2116 2090,2176 2212,2176 2212,2116"/>
                    <TextEquiv>
                        <Unicode>Bresl.</Unicode>
                    </TextEquiv>
                </Word>
                <Word id="r_23_tl_4_w9" custom="readingOrder {index:8;}">
                    <Coords points="2229,2121 2229,2181 2312,2181 2312,2121"/>
                    <TextEquiv>
                        <Unicode>764,</Unicode>
                    </TextEquiv>
                </Word>
                <TextEquiv>
                    <Unicode>gen Herrn von Stande, 1ster Band, 8, Bresl. 764,</Unicode>
                </TextEquiv>
            </TextLine>
            <TextLine id="r_23_tl_5" custom="readingOrder {index:4;}">
                <Coords points="1313,2200 2266,2226 2314,2221 2312,2178 1311,2160"/>
                <Baseline points="1325,2188 1370,2191 1415,2191 1459,2194 1504,2191 1549,2191 1594,2188 1639,2188 1683,2188 1728,2191 1773,2194 1818,2194 1862,2197 1907,2197 1952,2200 1997,2200 2042,2200 2086,2203 2131,2203 2176,2203 2221,2206 2266,2206 2310,2209 2322,2209"/>
                <Word id="r_23_tl_5_w1" custom="readingOrder {index:0;}">
                    <Coords points="1324,2148 1324,2208 1335,2208 1335,2148"/>
                    <TextEquiv>
                        <Unicode>2</Unicode>
                    </TextEquiv>
                </Word>
                <Word id="r_23_tl_5_w2" custom="readingOrder {index:1;}">
                    <Coords points="1359,2151 1359,2211 1394,2211 1394,2151"/>
                    <TextEquiv>
                        <Unicode>fl.</Unicode>
                    </TextEquiv>
                </Word>
                <Word id="r_23_tl_5_w3" custom="readingOrder {index:2;}">
                    <Coords points="1412,2153 1412,2213 1513,2213 1513,2153"/>
                    <TextEquiv>
                        <Unicode>24gr.</Unicode>
                    </TextEquiv>
                </Word>
                <Word id="r_23_tl_5_w4" custom="readingOrder {index:3;}">
                    <Coords points="1566,2148 1566,2208 1778,2208 1778,2148"/>
                    <TextEquiv>
                        <Unicode>Basedows,</Unicode>
                    </TextEquiv>
                </Word>
                <Word id="r_23_tl_5_w5" custom="readingOrder {index:4;}">
                    <Coords points="1803,2155 1803,2215 1890,2215 1890,2155"/>
                    <TextEquiv>
                        <Unicode>Joh.</Unicode>
                    </TextEquiv>
                </Word>
                <Word id="r_23_tl_5_w6" custom="readingOrder {index:5;}">
                    <Coords points="1921,2160 1921,2220 2056,2220 2056,2160"/>
                    <TextEquiv>
                        <Unicode>Bernh.</Unicode>
                    </TextEquiv>
                </Word>
                <Word id="r_23_tl_5_w7" custom="readingOrder {index:6;}">
                    <Coords points="2086,2164 2086,2224 2310,2224 2310,2164"/>
                    <TextEquiv>
                        <Unicode>methodischer</Unicode>
                    </TextEquiv>
                </Word>
                <TextEquiv>
                    <Unicode>2 fl. 24gr. Basedows, Joh. Bernh. methodischer</Unicode>
                </TextEquiv>
            </TextLine>
            <TextLine id="r_23_tl_6" custom="readingOrder {index:5;}">
                <Coords points="1313,2246 2314,2269 2297,2218 1313,2200"/>
                <Baseline points="1328,2239 1373,2239 1418,2239 1462,2239 1507,2239 1552,2239 1597,2239 1642,2239 1686,2239 1731,2239 1776,2239 1821,2239 1865,2242 1910,2242 1955,2245 2000,2245 2045,2248 2089,2251 2134,2251 2179,2254 2224,2257 2269,2257 2313,2257 2322,2257"/>
                <Word id="r_23_tl_6_w1" custom="readingOrder {index:0;}">
                    <Coords points="1319,2199 1319,2259 1497,2259 1497,2199"/>
                    <TextEquiv>
                        <Unicode>Unterricht</Unicode>
                    </TextEquiv>
                </Word>
                <Word id="r_23_tl_6_w2" custom="readingOrder {index:1;}">
                    <Coords points="1525,2199 1525,2259 1579,2259 1579,2199"/>
                    <TextEquiv>
                        <Unicode>der</Unicode>
                    </TextEquiv>
                </Word>
                <Word id="r_23_tl_6_w3" custom="readingOrder {index:2;}">
                    <Coords points="1601,2199 1601,2259 1736,2259 1736,2199"/>
                    <TextEquiv>
                        <Unicode>Jugend</Unicode>
                    </TextEquiv>
                </Word>
                <Word id="r_23_tl_6_w4" custom="readingOrder {index:3;}">
                    <Coords points="1764,2199 1764,2259 1790,2259 1790,2199"/>
                    <TextEquiv>
                        <Unicode>in</Unicode>
                    </TextEquiv>
                </Word>
                <Word id="r_23_tl_6_w5" custom="readingOrder {index:4;}">
                    <Coords points="1829,2201 1829,2261 1877,2261 1877,2201"/>
                    <TextEquiv>
                        <Unicode>der</Unicode>
                    </TextEquiv>
                </Word>
                <Word id="r_23_tl_6_w6" custom="readingOrder {index:5;}">
                    <Coords points="1905,2205 1905,2265 2051,2265 2051,2205"/>
                    <TextEquiv>
                        <Unicode>Religion</Unicode>
                    </TextEquiv>
                </Word>
                <Word id="r_23_tl_6_w7" custom="readingOrder {index:6;}">
                    <Coords points="2089,2211 2089,2271 2148,2271 2148,2211"/>
                    <TextEquiv>
                        <Unicode>und</Unicode>
                    </TextEquiv>
                </Word>
                <Word id="r_23_tl_6_w8" custom="readingOrder {index:7;}">
                    <Coords points="2176,2217 2176,2277 2311,2277 2311,2217"/>
                    <TextEquiv>
                        <Unicode>Sitten¬</Unicode>
                    </TextEquiv>
                </Word>
                <TextEquiv>
                    <Unicode>Unterricht der Jugend in der Religion und Sitten¬</Unicode>
                </TextEquiv>
            </TextLine>
            <TextLine id="r_23_tl_7" custom="readingOrder {index:6;}">
                <Coords points="1311,2299 2317,2314 2289,2266 1311,2246"/>
                <Baseline points="1325,2286 1370,2286 1415,2286 1459,2289 1504,2289 1549,2286 1594,2286 1639,2286 1683,2286 1728,2286 1773,2289 1818,2289 1862,2292 1907,2292 1952,2289 1997,2292 2042,2295 2086,2295 2131,2295 2176,2295 2221,2301 2266,2301 2310,2304 2322,2304"/>
                <Word id="r_23_tl_7_w1" custom="readingOrder {index:0;}">
                    <Coords points="1319,2246 1319,2306 1403,2306 1403,2246"/>
                    <TextEquiv>
                        <Unicode>lehre</Unicode>
                    </TextEquiv>
                </Word>
                <Word id="r_23_tl_7_w2" custom="readingOrder {index:1;}">
                    <Coords points="1428,2248 1428,2308 1481,2308 1481,2248"/>
                    <TextEquiv>
                        <Unicode>der</Unicode>
                    </TextEquiv>
                </Word>
                <Word id="r_23_tl_7_w3" custom="readingOrder {index:2;}">
                    <Coords points="1506,2246 1506,2306 1688,2306 1688,2246"/>
                    <TextEquiv>
                        <Unicode>Vernunft,</Unicode>
                    </TextEquiv>
                </Word>
                <Word id="r_23_tl_7_w4" custom="readingOrder {index:3;}">
                    <Coords points="1713,2246 1713,2306 1748,2306 1748,2246"/>
                    <TextEquiv>
                        <Unicode>8,</Unicode>
                    </TextEquiv>
                </Word>
                <Word id="r_23_tl_7_w5" custom="readingOrder {index:4;}">
                    <Coords points="1773,2249 1773,2309 1846,2309 1846,2249"/>
                    <TextEquiv>
                        <Unicode>Alt.</Unicode>
                    </TextEquiv>
                </Word>
                <Word id="r_23_tl_7_w6" custom="readingOrder {index:5;}">
                    <Coords points="1865,2252 1865,2312 1949,2312 1949,2252"/>
                    <TextEquiv>
                        <Unicode>764,</Unicode>
                    </TextEquiv>
                </Word>
                <Word id="r_23_tl_7_w7" custom="readingOrder {index:6;}">
                    <Coords points="1974,2251 1974,2311 1991,2311 1991,2251"/>
                    <TextEquiv>
                        <Unicode>2</Unicode>
                    </TextEquiv>
                </Word>
                <Word id="r_23_tl_7_w8" custom="readingOrder {index:7;}">
                    <Coords points="2016,2254 2016,2314 2052,2314 2052,2254"/>
                    <TextEquiv>
                        <Unicode>fl.</Unicode>
                    </TextEquiv>
                </Word>
                <Word id="r_23_tl_7_w9" custom="readingOrder {index:8;}">
                    <Coords points="2108,2255 2108,2315 2216,2315 2216,2255"/>
                    <TextEquiv>
                        <Unicode>Greis</Unicode>
                    </TextEquiv>
                </Word>
                <Word id="r_23_tl_7_w10" custom="readingOrder {index:9;}">
                    <Coords points="2235,2261 2235,2321 2307,2321 2307,2261"/>
                    <TextEquiv>
                        <Unicode>15ter</Unicode>
                    </TextEquiv>
                </Word>
                <TextEquiv>
                    <Unicode>lehre der Vernunft, 8, Alt. 764, 2 fl. Greis 15ter</Unicode>
                </TextEquiv>
            </TextLine>
            <TextLine id="r_23_tl_8" custom="readingOrder {index:7;}">
                <Coords points="1318,2340 2317,2360 2317,2312 1318,2299"/>
                <Baseline points="1331,2316 1373,2334 1418,2337 1462,2337 1507,2337 1552,2334 1597,2334 1642,2331 1686,2334 1731,2337 1776,2337 1821,2337 1865,2340 1910,2340 1955,2343 2000,2340 2045,2340 2089,2343 2134,2343 2179,2346 2224,2349 2269,2349 2313,2352 2322,2352"/>
                <Word id="r_23_tl_8_w1" custom="readingOrder {index:0;}">
                    <Coords points="1326,2294 1326,2354 1446,2354 1446,2294"/>
                    <TextEquiv>
                        <Unicode>Theil,</Unicode>
                    </TextEquiv>
                </Word>
                <Word id="r_23_tl_8_w2" custom="readingOrder {index:1;}">
                    <Coords points="1465,2297 1465,2357 1513,2357 1513,2297"/>
                    <TextEquiv>
                        <Unicode>8,</Unicode>
                    </TextEquiv>
                </Word>
                <Word id="r_23_tl_8_w3" custom="readingOrder {index:2;}">
                    <Coords points="1538,2292 1538,2352 1706,2352 1706,2292"/>
                    <TextEquiv>
                        <Unicode>Magdeb.</Unicode>
                    </TextEquiv>
                </Word>
                <Word id="r_23_tl_8_w4" custom="readingOrder {index:3;}">
                    <Coords points="1732,2297 1732,2357 1822,2357 1822,2297"/>
                    <TextEquiv>
                        <Unicode>764,</Unicode>
                    </TextEquiv>
                </Word>
                <Word id="r_23_tl_8_w5" custom="readingOrder {index:4;}">
                    <Coords points="1847,2299 1847,2359 1864,2359 1864,2299"/>
                    <TextEquiv>
                        <Unicode>1</Unicode>
                    </TextEquiv>
                </Word>
                <Word id="r_23_tl_8_w6" custom="readingOrder {index:5;}">
                    <Coords points="1895,2300 1895,2360 1931,2360 1931,2300"/>
                    <TextEquiv>
                        <Unicode>fl.</Unicode>
                    </TextEquiv>
                </Word>
                <Word id="r_23_tl_8_w7" custom="readingOrder {index:6;}">
                    <Coords points="1956,2302 1956,2362 1968,2362 1968,2302"/>
                    <TextEquiv>
                        <Unicode>9</Unicode>
                    </TextEquiv>
                </Word>
                <Word id="r_23_tl_8_w8" custom="readingOrder {index:7;}">
                    <Coords points="2005,2300 2005,2360 2058,2360 2058,2300"/>
                    <TextEquiv>
                        <Unicode>gr.</Unicode>
                    </TextEquiv>
                </Word>
                <Word id="r_23_tl_8_w9" custom="readingOrder {index:8;}">
                    <Coords points="2107,2305 2107,2365 2228,2365 2228,2305"/>
                    <TextEquiv>
                        <Unicode>Briefe</Unicode>
                    </TextEquiv>
                </Word>
                <Word id="r_23_tl_8_w10" custom="readingOrder {index:9;}">
                    <Coords points="2259,2310 2259,2370 2313,2370 2313,2310"/>
                    <TextEquiv>
                        <Unicode>des</Unicode>
                    </TextEquiv>
                </Word>
                <TextEquiv>
                    <Unicode>Theil, 8, Magdeb. 764, 1 fl. 9 gr. Briefe des</Unicode>
                </TextEquiv>
            </TextLine>
            <TextLine id="r_23_tl_9" custom="readingOrder {index:8;}">
                <Coords points="1323,2393 2317,2426 2314,2363 2243,2347 1323,2342"/>
                <Baseline points="1337,2382 1382,2382 1427,2385 1471,2385 1516,2382 1561,2382 1606,2382 1650,2382 1695,2385 1740,2385 1785,2388 1830,2388 1874,2388 1919,2388 1964,2388 2009,2391 2054,2394 2098,2394 2143,2394 2188,2397 2233,2400 2277,2403 2322,2409 2325,2406"/>
                <Word id="r_23_tl_9_w1" custom="readingOrder {index:0;}">
                    <Coords points="1325,2344 1325,2404 1513,2404 1513,2344"/>
                    <TextEquiv>
                        <Unicode>Theodisius</Unicode>
                    </TextEquiv>
                </Word>
                <Word id="r_23_tl_9_w2" custom="readingOrder {index:1;}">
                    <Coords points="1545,2342 1545,2402 1601,2402 1601,2342"/>
                    <TextEquiv>
                        <Unicode>und</Unicode>
                    </TextEquiv>
                </Word>
                <Word id="r_23_tl_9_w3" custom="readingOrder {index:2;}">
                    <Coords points="1627,2342 1627,2402 1676,2402 1676,2342"/>
                    <TextEquiv>
                        <Unicode>der</Unicode>
                    </TextEquiv>
                </Word>
                <Word id="r_23_tl_9_w4" custom="readingOrder {index:3;}">
                    <Coords points="1696,2348 1696,2408 1904,2408 1904,2348"/>
                    <TextEquiv>
                        <Unicode>Constantia,</Unicode>
                    </TextEquiv>
                </Word>
                <Word id="r_23_tl_9_w5" custom="readingOrder {index:4;}">
                    <Coords points="1923,2348 1923,2408 1973,2408 1973,2348"/>
                    <TextEquiv>
                        <Unicode>von</Unicode>
                    </TextEquiv>
                </Word>
                <Word id="r_23_tl_9_w6" custom="readingOrder {index:5;}">
                    <Coords points="2011,2352 2011,2412 2055,2412 2055,2352"/>
                    <TextEquiv>
                        <Unicode>J.</Unicode>
                    </TextEquiv>
                </Word>
                <Word id="r_23_tl_9_w7" custom="readingOrder {index:6;}">
                    <Coords points="2074,2354 2074,2414 2117,2414 2117,2354"/>
                    <TextEquiv>
                        <Unicode>J.</Unicode>
                    </TextEquiv>
                </Word>
                <Word id="r_23_tl_9_w8" custom="readingOrder {index:7;}">
                    <Coords points="2137,2357 2137,2417 2262,2417 2262,2357"/>
                    <TextEquiv>
                        <Unicode>Dusch,</Unicode>
                    </TextEquiv>
                </Word>
                <Word id="r_23_tl_9_w9" custom="readingOrder {index:8;}">
                    <Coords points="2275,2365 2275,2425 2319,2425 2319,2365"/>
                    <TextEquiv>
                        <Unicode>8,</Unicode>
                    </TextEquiv>
                </Word>
                <TextEquiv>
                    <Unicode>Theodisius und der Constantia, von J. J. Dusch, 8,</Unicode>
                </TextEquiv>
            </TextLine>
            <TextLine id="r_23_tl_10" custom="readingOrder {index:9;}">
                <Coords points="1321,2444 1437,2436 1478,2467 1518,2472 1769,2467 1769,2403 1749,2398 1610,2391 1526,2408 1498,2393 1430,2406 1415,2393 1369,2406 1321,2393"/>
                <Baseline points="1334,2436 1379,2436 1424,2436 1468,2436 1513,2433 1558,2433 1603,2430 1648,2433 1692,2433 1737,2436 1776,2436"/>
                <Word id="r_23_tl_10_w1" custom="readingOrder {index:0;}">
                    <Coords points="1327,2396 1327,2456 1432,2456 1432,2396"/>
                    <TextEquiv>
                        <Unicode>Berl.</Unicode>
                    </TextEquiv>
                </Word>
                <Word id="r_23_tl_10_w2" custom="readingOrder {index:1;}">
                    <Coords points="1449,2394 1449,2454 1530,2454 1530,2394"/>
                    <TextEquiv>
                        <Unicode>764,</Unicode>
                    </TextEquiv>
                </Word>
                <Word id="r_23_tl_10_w3" custom="readingOrder {index:2;}">
                    <Coords points="1557,2392 1557,2452 1572,2452 1572,2392"/>
                    <TextEquiv>
                        <Unicode>1</Unicode>
                    </TextEquiv>
                </Word>
                <Word id="r_23_tl_10_w4" custom="readingOrder {index:3;}">
                    <Coords points="1597,2390 1597,2450 1638,2450 1638,2390"/>
                    <TextEquiv>
                        <Unicode>fl.</Unicode>
                    </TextEquiv>
                </Word>
                <Word id="r_23_tl_10_w5" custom="readingOrder {index:4;}">
                    <Coords points="1655,2393 1655,2453 1686,2453 1686,2393"/>
                    <TextEquiv>
                        <Unicode>12</Unicode>
                    </TextEquiv>
                </Word>
                <Word id="r_23_tl_10_w6" custom="readingOrder {index:5;}">
                    <Coords points="1713,2396 1713,2456 1768,2456 1768,2396"/>
                    <TextEquiv>
                        <Unicode>gr.</Unicode>
                    </TextEquiv>
                </Word>
                <TextEquiv>
                    <Unicode>Berl. 764, 1 fl. 12 gr.</Unicode>
                </TextEquiv>
            </TextLine>
            <TextLine id="r_23_tl_11" custom="readingOrder {index:10;}">
                <Coords points="1313,2502 1747,2500 1851,2532 1942,2505 2084,2560 2236,2532 2271,2558 2309,2550 2307,2451 1944,2411 1673,2472 1311,2449"/>
                <Baseline points="1328,2498 1373,2498 1418,2501 1462,2498 1507,2498 1552,2495 1597,2495 1642,2495 1686,2495 1731,2498 1776,2504 1821,2504 1865,2504 1910,2504 1955,2507 2000,2510 2045,2510 2089,2510 2134,2510 2179,2516 2224,2519 2269,2519 2313,2522"/>
                <Word id="r_23_tl_11_w1" custom="readingOrder {index:0;}">
                    <Coords points="1331,2458 1331,2518 1665,2518 1665,2458"/>
                    <TextEquiv>
                        <Unicode>Wechsel-Cours</Unicode>
                    </TextEquiv>
                </Word>
                <Word id="r_23_tl_11_w2" custom="readingOrder {index:1;}">
                    <Coords points="1697,2456 1697,2516 1726,2516 1726,2456"/>
                    <TextEquiv>
                        <Unicode>&amp;5</Unicode>
                    </TextEquiv>
                </Word>
                <Word id="r_23_tl_11_w3" custom="readingOrder {index:2;}">
                    <Coords points="1768,2464 1768,2524 1920,2524 1920,2464"/>
                    <TextEquiv>
                        <Unicode>Species</Unicode>
                    </TextEquiv>
                </Word>
                <Word id="r_23_tl_11_w4" custom="readingOrder {index:3;}">
                    <Coords points="1951,2467 1951,2527 1980,2527 1980,2467"/>
                    <TextEquiv>
                        <Unicode>d.</Unicode>
                    </TextEquiv>
                </Word>
                <Word id="r_23_tl_11_w5" custom="readingOrder {index:4;}">
                    <Coords points="2002,2470 2002,2530 2051,2530 2051,2470"/>
                    <TextEquiv>
                        <Unicode>3.</Unicode>
                    </TextEquiv>
                </Word>
                <Word id="r_23_tl_11_w6" custom="readingOrder {index:5;}">
                    <Coords points="2074,2470 2074,2530 2154,2530 2154,2470"/>
                    <TextEquiv>
                        <Unicode>Mai</Unicode>
                    </TextEquiv>
                </Word>
                <Word id="r_23_tl_11_w7" custom="readingOrder {index:6;}">
                    <Coords points="2175,2479 2175,2539 2306,2539 2306,2479"/>
                    <TextEquiv>
                        <Unicode>1764.</Unicode>
                    </TextEquiv>
                </Word>
                <TextEquiv>
                    <Unicode>Wechsel-Cours &amp;5 Species d. 3. Mai 1764.</Unicode>
                </TextEquiv>
            </TextLine>
            <TextLine id="r_23_tl_12" custom="readingOrder {index:11;}">
                <Coords points="1311,2560 1592,2555 1772,2596 1835,2553 1884,2578 1929,2558 2033,2573 2033,2525 1942,2505 1856,2532 1311,2512"/>
                <Baseline points="1325,2549 1370,2549 1415,2552 1459,2549 1504,2549 1549,2549 1594,2549 1639,2549 1683,2549 1728,2552 1773,2552 1818,2555 1862,2552 1907,2555 1952,2558 1997,2561 2039,2561"/>
                <Word id="r_23_tl_12_w1" custom="readingOrder {index:0;}">
                    <Coords points="1318,2511 1318,2571 1498,2571 1498,2511"/>
                    <TextEquiv>
                        <Unicode>Amsterdam</Unicode>
                    </TextEquiv>
                </Word>
                <Word id="r_23_tl_12_w2" custom="readingOrder {index:1;}">
                    <Coords points="1534,2509 1534,2569 1574,2569 1574,2509"/>
                    <TextEquiv>
                        <Unicode>41</Unicode>
                    </TextEquiv>
                </Word>
                <Word id="r_23_tl_12_w3" custom="readingOrder {index:2;}">
                    <Coords points="1592,2509 1592,2569 1673,2569 1673,2509"/>
                    <TextEquiv>
                        <Unicode>Tage</Unicode>
                    </TextEquiv>
                </Word>
                <Word id="r_23_tl_12_w4" custom="readingOrder {index:3;}">
                    <Coords points="1697,2512 1697,2572 1825,2572 1825,2512"/>
                    <TextEquiv>
                        <Unicode>390gr.</Unicode>
                    </TextEquiv>
                </Word>
                <Word id="r_23_tl_12_w5" custom="readingOrder {index:4;}">
                    <Coords points="1873,2514 1873,2574 1918,2574 1918,2514"/>
                    <TextEquiv>
                        <Unicode>71</Unicode>
                    </TextEquiv>
                </Word>
                <Word id="r_23_tl_12_w6" custom="readingOrder {index:5;}">
                    <Coords points="1937,2519 1937,2579 2024,2579 2024,2519"/>
                    <TextEquiv>
                        <Unicode>Tage</Unicode>
                    </TextEquiv>
                </Word>
                <TextEquiv>
                    <Unicode>Amsterdam 41 Tage 390gr. 71 Tage</Unicode>
                </TextEquiv>
            </TextLine>
            <TextLine id="r_23_tl_13" custom="readingOrder {index:12;}">
                <Coords points="1311,2609 1425,2611 1447,2629 1506,2631 1531,2616 1572,2621 1592,2603 1650,2629 1678,2616 1709,2636 1739,2631 1736,2576 1589,2555 1513,2573 1308,2563"/>
                <Baseline points="1322,2600 1367,2600 1412,2600 1456,2600 1501,2597 1546,2597 1591,2600 1636,2603 1680,2603 1725,2603 1743,2603"/>
                <Word id="r_23_tl_13_w1" custom="readingOrder {index:0;}">
                    <Coords points="1316,2560 1316,2620 1490,2620 1490,2560"/>
                    <TextEquiv>
                        <Unicode>Hamburg</Unicode>
                    </TextEquiv>
                </Word>
                <Word id="r_23_tl_13_w2" custom="readingOrder {index:1;}">
                    <Coords points="1523,2557 1523,2617 1528,2617 1528,2557"/>
                    <TextEquiv>
                        <Unicode>3</Unicode>
                    </TextEquiv>
                </Word>
                <Word id="r_23_tl_13_w3" custom="readingOrder {index:2;}">
                    <Coords points="1548,2558 1548,2618 1603,2618 1603,2558"/>
                    <TextEquiv>
                        <Unicode>W.</Unicode>
                    </TextEquiv>
                </Word>
                <Word id="r_23_tl_13_w4" custom="readingOrder {index:3;}">
                    <Coords points="1610,2563 1610,2623 1666,2623 1666,2563"/>
                    <TextEquiv>
                        <Unicode>170</Unicode>
                    </TextEquiv>
                </Word>
                <Word id="r_23_tl_13_w5" custom="readingOrder {index:4;}">
                    <Coords points="1698,2563 1698,2623 1741,2623 1741,2563"/>
                    <TextEquiv>
                        <Unicode>gr.</Unicode>
                    </TextEquiv>
                </Word>
                <TextEquiv>
                    <Unicode>Hamburg 3 W. 170 gr.</Unicode>
                </TextEquiv>
            </TextLine>
            <TextLine id="r_23_tl_14" custom="readingOrder {index:13;}">
                <Coords points="1871,2624 1886,2624 1904,2614 1911,2614 1924,2626 1932,2624 1937,2616 1942,2621 1952,2614 1985,2616 1985,2568 1960,2568 1932,2558 1924,2565 1904,2565 1884,2581 1871,2581"/>
                <Baseline points="1886,2603 1931,2603 1976,2606 1991,2606"/>
                <Word id="r_23_tl_14_w1" custom="readingOrder {index:0;}">
                    <Coords points="1879,2563 1879,2623 1904,2623 1904,2563"/>
                    <TextEquiv>
                        <Unicode>6</Unicode>
                    </TextEquiv>
                </Word>
                <Word id="r_23_tl_14_w2" custom="readingOrder {index:1;}">
                    <Coords points="1931,2564 1931,2624 1987,2624 1987,2564"/>
                    <TextEquiv>
                        <Unicode>W.</Unicode>
                    </TextEquiv>
                </Word>
                <TextEquiv>
                    <Unicode>6 W.</Unicode>
                </TextEquiv>
            </TextLine>
            <TextLine id="r_23_tl_15" custom="readingOrder {index:14;}">
                <Coords points="1313,2657 1341,2657 1349,2664 1361,2657 1392,2657 1402,2667 1422,2657 1437,2657 1437,2611 1417,2609 1409,2614 1404,2609 1382,2609 1371,2616 1359,2611 1346,2614 1341,2609 1313,2611"/>
                <Baseline points="1328,2648 1373,2648 1418,2648 1444,2648"/>
                <Word id="r_23_tl_15_w1" custom="readingOrder {index:0;}">
                    <Coords points="1319,2608 1319,2668 1423,2668 1423,2608"/>
                    <TextEquiv>
                        <Unicode>Berlin</Unicode>
                    </TextEquiv>
                </Word>
                <TextEquiv>
                    <Unicode>Berlin</Unicode>
                </TextEquiv>
            </TextLine>
            <TextLine id="r_23_tl_16" custom="readingOrder {index:15;}">
                <Coords points="1774,2672 1802,2662 1851,2677 1896,2662 1927,2679 1998,2679 2028,2664 2129,2672 2127,2609 2096,2601 2038,2614 2013,2601 1987,2621 1962,2614 1929,2626 1914,2614 1868,2624 1772,2606"/>
                <Baseline points="1785,2648 1830,2651 1874,2654 1919,2654 1964,2657 2009,2657 2054,2660 2098,2660 2137,2663"/>
                <Word id="r_23_tl_16_w1" custom="readingOrder {index:0;}">
                    <Coords points="1780,2612 1780,2672 1927,2672 1927,2612"/>
                    <TextEquiv>
                        <Unicode>Dantzig</Unicode>
                    </TextEquiv>
                </Word>
                <Word id="r_23_tl_16_w2" custom="readingOrder {index:1;}">
                    <Coords points="1946,2616 1946,2676 1958,2676 1958,2616"/>
                    <TextEquiv>
                        <Unicode>6</Unicode>
                    </TextEquiv>
                </Word>
                <Word id="r_23_tl_16_w3" custom="readingOrder {index:2;}">
                    <Coords points="1984,2617 1984,2677 2032,2677 2032,2617"/>
                    <TextEquiv>
                        <Unicode>pr.</Unicode>
                    </TextEquiv>
                </Word>
                <Word id="r_23_tl_16_w4" custom="readingOrder {index:3;}">
                    <Coords points="2046,2620 2046,2680 2119,2680 2119,2620"/>
                    <TextEquiv>
                        <Unicode>Cto.</Unicode>
                    </TextEquiv>
                </Word>
                <TextEquiv>
                    <Unicode>Dantzig 6 pr. Cto.</Unicode>
                </TextEquiv>
            </TextLine>
            <TextLine id="r_23_tl_17" custom="readingOrder {index:16;}">
                <Coords points="1313,2707 1556,2700 1660,2733 1709,2712 1749,2738 1800,2723 1800,2659 1709,2631 1648,2662 1554,2634 1442,2649 1425,2669 1313,2659"/>
                <Baseline points="1328,2695 1373,2695 1418,2695 1462,2695 1507,2692 1552,2692 1597,2692 1642,2695 1686,2701 1731,2704 1776,2704 1806,2701"/>
                <Word id="r_23_tl_17_w1" custom="readingOrder {index:0;}">
                    <Coords points="1316,2655 1316,2715 1461,2715 1461,2655"/>
                    <TextEquiv>
                        <Unicode>Ducaten</Unicode>
                    </TextEquiv>
                </Word>
                <Word id="r_23_tl_17_w2" custom="readingOrder {index:1;}">
                    <Coords points="1489,2652 1489,2712 1565,2712 1565,2652"/>
                    <TextEquiv>
                        <Unicode>neue</Unicode>
                    </TextEquiv>
                </Word>
                <Word id="r_23_tl_17_w3" custom="readingOrder {index:2;}">
                    <Coords points="1587,2652 1587,2712 1621,2712 1621,2652"/>
                    <TextEquiv>
                        <Unicode>11</Unicode>
                    </TextEquiv>
                </Word>
                <Word id="r_23_tl_17_w4" custom="readingOrder {index:3;}">
                    <Coords points="1649,2658 1649,2718 1683,2718 1683,2658"/>
                    <TextEquiv>
                        <Unicode>fl.</Unicode>
                    </TextEquiv>
                </Word>
                <Word id="r_23_tl_17_w5" custom="readingOrder {index:4;}">
                    <Coords points="1698,2662 1698,2722 1732,2722 1732,2662"/>
                    <TextEquiv>
                        <Unicode>18</Unicode>
                    </TextEquiv>
                </Word>
                <Word id="r_23_tl_17_w6" custom="readingOrder {index:5;}">
                    <Coords points="1754,2663 1754,2723 1801,2723 1801,2663"/>
                    <TextEquiv>
                        <Unicode>gr.</Unicode>
                    </TextEquiv>
                </Word>
                <TextEquiv>
                    <Unicode>Ducaten neue 11 fl. 18 gr.</Unicode>
                </TextEquiv>
            </TextLine>
            <TextLine id="r_23_tl_18" custom="readingOrder {index:17;}">
                <Coords points="1851,2707 2228,2733 2271,2720 2269,2652 2155,2677 2028,2664 1932,2682 1904,2662 1848,2674"/>
                <Baseline points="1862,2701 1907,2701 1952,2704 1997,2704 2042,2704 2086,2707 2131,2710 2176,2710 2221,2710 2266,2710 2277,2710"/>
                <Word id="r_23_tl_18_w1" custom="readingOrder {index:0;}">
                    <Coords points="1855,2661 1855,2721 1982,2721 1982,2661"/>
                    <TextEquiv>
                        <Unicode>Alberts</Unicode>
                    </TextEquiv>
                </Word>
                <Word id="r_23_tl_18_w2" custom="readingOrder {index:1;}">
                    <Coords points="2012,2665 2012,2725 2111,2725 2111,2665"/>
                    <TextEquiv>
                        <Unicode>Taler</Unicode>
                    </TextEquiv>
                </Word>
                <Word id="r_23_tl_18_w3" custom="readingOrder {index:2;}">
                    <Coords points="2135,2670 2135,2730 2192,2730 2192,2670"/>
                    <TextEquiv>
                        <Unicode>166</Unicode>
                    </TextEquiv>
                </Word>
                <Word id="r_23_tl_18_w4" custom="readingOrder {index:3;}">
                    <Coords points="2210,2670 2210,2730 2267,2730 2267,2670"/>
                    <TextEquiv>
                        <Unicode>gr.</Unicode>
                    </TextEquiv>
                </Word>
                <TextEquiv>
                    <Unicode>Alberts Taler 166 gr.</Unicode>
                </TextEquiv>
            </TextLine>
            <TextLine id="r_23_tl_19" custom="readingOrder {index:18;}">
                <Coords points="1311,2758 1366,2756 1384,2766 1442,2750 1473,2763 1486,2750 1541,2750 1564,2763 1630,2750 1630,2715 1605,2710 1574,2715 1483,2697 1463,2712 1425,2705 1407,2715 1384,2705 1361,2720 1311,2707"/>
                <Baseline points="1325,2743 1370,2746 1415,2743 1459,2743 1504,2743 1549,2743 1594,2743 1636,2746"/>
                <Word id="r_23_tl_19_w1" custom="readingOrder {index:0;}">
                    <Coords points="1318,2705 1318,2765 1426,2765 1426,2705"/>
                    <TextEquiv>
                        <Unicode>Rubel</Unicode>
                    </TextEquiv>
                </Word>
                <Word id="r_23_tl_19_w2" custom="readingOrder {index:1;}">
                    <Coords points="1444,2703 1444,2763 1454,2763 1454,2703"/>
                    <TextEquiv>
                        <Unicode>4</Unicode>
                    </TextEquiv>
                </Word>
                <Word id="r_23_tl_19_w3" custom="readingOrder {index:2;}">
                    <Coords points="1479,2703 1479,2763 1512,2763 1512,2703"/>
                    <TextEquiv>
                        <Unicode>fl.</Unicode>
                    </TextEquiv>
                </Word>
                <Word id="r_23_tl_19_w4" custom="readingOrder {index:3;}">
                    <Coords points="1524,2703 1524,2763 1558,2763 1558,2703"/>
                    <TextEquiv>
                        <Unicode>23</Unicode>
                    </TextEquiv>
                </Word>
                <Word id="r_23_tl_19_w5" custom="readingOrder {index:4;}">
                    <Coords points="1576,2703 1576,2763 1632,2763 1632,2703"/>
                    <TextEquiv>
                        <Unicode>gr.</Unicode>
                    </TextEquiv>
                </Word>
                <TextEquiv>
                    <Unicode>Rubel 4 fl. 23 gr.</Unicode>
                </TextEquiv>
            </TextLine>
            <TextLine id="r_23_tl_20" custom="readingOrder {index:19;}">
                <Coords points="1787,2763 2314,2778 2312,2723 2246,2718 2223,2738 2185,2720 1894,2720 1845,2695 1787,2710"/>
                <Baseline points="1800,2746 1845,2749 1889,2749 1934,2752 1979,2752 2024,2752 2068,2755 2113,2758 2158,2758 2203,2758 2248,2758 2292,2758 2319,2758"/>
                <Word id="r_23_tl_20_w1" custom="readingOrder {index:0;}">
                    <Coords points="1799,2707 1799,2767 1853,2767 1853,2707"/>
                    <TextEquiv>
                        <Unicode>Alt</Unicode>
                    </TextEquiv>
                </Word>
                <Word id="r_23_tl_20_w2" custom="readingOrder {index:1;}">
                    <Coords points="1865,2712 1865,2772 2005,2772 2005,2712"/>
                    <TextEquiv>
                        <Unicode>Polnisch</Unicode>
                    </TextEquiv>
                </Word>
                <Word id="r_23_tl_20_w3" custom="readingOrder {index:2;}">
                    <Coords points="2027,2714 2027,2774 2099,2774 2099,2714"/>
                    <TextEquiv>
                        <Unicode>Geld</Unicode>
                    </TextEquiv>
                </Word>
                <Word id="r_23_tl_20_w4" custom="readingOrder {index:3;}">
                    <Coords points="2122,2718 2122,2778 2155,2778 2155,2718"/>
                    <TextEquiv>
                        <Unicode>42</Unicode>
                    </TextEquiv>
                </Word>
                <Word id="r_23_tl_20_w5" custom="readingOrder {index:4;}">
                    <Coords points="2178,2718 2178,2778 2228,2778 2228,2718"/>
                    <TextEquiv>
                        <Unicode>pr.</Unicode>
                    </TextEquiv>
                </Word>
                <Word id="r_23_tl_20_w6" custom="readingOrder {index:5;}">
                    <Coords points="2240,2718 2240,2778 2317,2778 2317,2718"/>
                    <TextEquiv>
                        <Unicode>Cto.</Unicode>
                    </TextEquiv>
                </Word>
                <TextEquiv>
                    <Unicode>Alt Polnisch Geld 42 pr. Cto.</Unicode>
                </TextEquiv>
            </TextLine>
            <TextLine id="r_23_tl_21" custom="readingOrder {index:20;}">
                <Coords points="1311,2799 2178,2811 2178,2763 1311,2761"/>
                <Baseline points="1325,2794 1370,2794 1415,2791 1459,2788 1504,2788 1549,2788 1594,2791 1639,2794 1683,2797 1728,2797 1773,2797 1818,2800 1862,2800 1907,2800 1952,2800 1997,2800 2042,2800 2086,2800 2131,2800 2176,2803 2185,2800"/>
                <Word id="r_23_tl_21_w1" custom="readingOrder {index:0;}">
                    <Coords points="1317,2754 1317,2814 1371,2814 1371,2754"/>
                    <TextEquiv>
                        <Unicode>Alt</Unicode>
                    </TextEquiv>
                </Word>
                <Word id="r_23_tl_21_w2" custom="readingOrder {index:1;}">
                    <Coords points="1382,2748 1382,2808 1540,2808 1540,2748"/>
                    <TextEquiv>
                        <Unicode>Märcksch</Unicode>
                    </TextEquiv>
                </Word>
                <Word id="r_23_tl_21_w3" custom="readingOrder {index:2;}">
                    <Coords points="1563,2751 1563,2811 1639,2811 1639,2751"/>
                    <TextEquiv>
                        <Unicode>Geld</Unicode>
                    </TextEquiv>
                </Word>
                <Word id="r_23_tl_21_w4" custom="readingOrder {index:3;}">
                    <Coords points="1662,2756 1662,2816 1694,2816 1694,2756"/>
                    <TextEquiv>
                        <Unicode>35</Unicode>
                    </TextEquiv>
                </Word>
                <Word id="r_23_tl_21_w5" custom="readingOrder {index:4;}">
                    <Coords points="1716,2757 1716,2817 1765,2817 1765,2757"/>
                    <TextEquiv>
                        <Unicode>pr.</Unicode>
                    </TextEquiv>
                </Word>
                <Word id="r_23_tl_21_w6" custom="readingOrder {index:5;}">
                    <Coords points="1782,2758 1782,2818 1819,2818 1819,2758"/>
                    <TextEquiv>
                        <Unicode>C.</Unicode>
                    </TextEquiv>
                </Word>
                <Word id="r_23_tl_21_w7" custom="readingOrder {index:6;}">
                    <Coords points="1848,2760 1848,2820 2061,2820 2061,2760"/>
                    <TextEquiv>
                        <Unicode>Graumansch</Unicode>
                    </TextEquiv>
                </Word>
                <Word id="r_23_tl_21_w8" custom="readingOrder {index:7;}">
                    <Coords points="2094,2760 2094,2820 2170,2820 2170,2760"/>
                    <TextEquiv>
                        <Unicode>Fusz</Unicode>
                    </TextEquiv>
                </Word>
                <TextEquiv>
                    <Unicode>Alt Märcksch Geld 35 pr. C. Graumansch Fusz</Unicode>
                </TextEquiv>
            </TextLine>
            <TextLine id="r_23_tl_22" custom="readingOrder {index:21;}">
                <Coords points="1318,2877 1534,2852 2325,2887 2322,2801 2279,2794 1318,2806"/>
                <Baseline points="1331,2854 1376,2854 1421,2848 1465,2848 1510,2848 1555,2848 1600,2851 1645,2854 1689,2854 1734,2857 1779,2854 1824,2854 1868,2857 1913,2860 1958,2860 2003,2860 2048,2860 2092,2860 2137,2860 2182,2860 2227,2863 2271,2863 2316,2866 2328,2866"/>
                <Word id="r_23_tl_22_w1" custom="readingOrder {index:0;}">
                    <Coords points="1323,2814 1323,2874 1422,2874 1422,2814"/>
                    <TextEquiv>
                        <Unicode>Diese</Unicode>
                    </TextEquiv>
                </Word>
                <Word id="r_23_tl_22_w2" custom="readingOrder {index:1;}">
                    <Coords points="1439,2808 1439,2868 1577,2868 1577,2808"/>
                    <TextEquiv>
                        <Unicode>Gelehrte</Unicode>
                    </TextEquiv>
                </Word>
                <Word id="r_23_tl_22_w3" custom="readingOrder {index:2;}">
                    <Coords points="1593,2812 1593,2872 1646,2872 1646,2812"/>
                    <TextEquiv>
                        <Unicode>und</Unicode>
                    </TextEquiv>
                </Word>
                <Word id="r_23_tl_22_w4" custom="readingOrder {index:3;}">
                    <Coords points="1670,2816 1670,2876 1824,2876 1824,2816"/>
                    <TextEquiv>
                        <Unicode>Politische</Unicode>
                    </TextEquiv>
                </Word>
                <Word id="r_23_tl_22_w5" custom="readingOrder {index:4;}">
                    <Coords points="1848,2819 1848,2879 1971,2879 1971,2819"/>
                    <TextEquiv>
                        <Unicode>Zeitung</Unicode>
                    </TextEquiv>
                </Word>
                <Word id="r_23_tl_22_w6" custom="readingOrder {index:5;}">
                    <Coords points="1995,2820 1995,2880 2063,2880 2063,2820"/>
                    <TextEquiv>
                        <Unicode>wird</Unicode>
                    </TextEquiv>
                </Word>
                <Word id="r_23_tl_22_w7" custom="readingOrder {index:6;}">
                    <Coords points="2087,2820 2087,2880 2133,2880 2133,2820"/>
                    <TextEquiv>
                        <Unicode>des</Unicode>
                    </TextEquiv>
                </Word>
                <Word id="r_23_tl_22_w8" custom="readingOrder {index:7;}">
                    <Coords points="2157,2823 2157,2883 2303,2883 2303,2823"/>
                    <TextEquiv>
                        <Unicode>Montags</Unicode>
                    </TextEquiv>
                </Word>
                <TextEquiv>
                    <Unicode>Diese Gelehrte und Politische Zeitung wird des Montags</Unicode>
                </TextEquiv>
            </TextLine>
            <TextLine id="r_23_tl_23" custom="readingOrder {index:22;}">
                <Coords points="1407,2900 1488,2900 1546,2941 1754,2905 1995,2936 2218,2923 2218,2870 2152,2862 1407,2865"/>
                <Baseline points="1421,2895 1465,2895 1510,2892 1555,2892 1600,2895 1645,2895 1689,2895 1734,2895 1779,2895 1824,2898 1868,2898 1913,2901 1958,2901 2003,2901 2048,2901 2092,2901 2137,2901 2182,2901 2224,2901"/>
                <Word id="r_23_tl_23_w1" custom="readingOrder {index:0;}">
                    <Coords points="1413,2855 1413,2915 1474,2915 1474,2855"/>
                    <TextEquiv>
                        <Unicode>und</Unicode>
                    </TextEquiv>
                </Word>
                <Word id="r_23_tl_23_w2" custom="readingOrder {index:1;}">
                    <Coords points="1503,2853 1503,2913 1648,2913 1648,2853"/>
                    <TextEquiv>
                        <Unicode>Freytags</Unicode>
                    </TextEquiv>
                </Word>
                <Word id="r_23_tl_23_w3" custom="readingOrder {index:2;}">
                    <Coords points="1671,2855 1671,2915 1693,2915 1693,2855"/>
                    <TextEquiv>
                        <Unicode>in</Unicode>
                    </TextEquiv>
                </Word>
                <Word id="r_23_tl_23_w4" custom="readingOrder {index:3;}">
                    <Coords points="1722,2855 1722,2915 1766,2915 1766,2855"/>
                    <TextEquiv>
                        <Unicode>dem</Unicode>
                    </TextEquiv>
                </Word>
                <Word id="r_23_tl_23_w5" custom="readingOrder {index:4;}">
                    <Coords points="1806,2860 1806,2920 1997,2920 1997,2860"/>
                    <TextEquiv>
                        <Unicode>Kanterschen</Unicode>
                    </TextEquiv>
                </Word>
                <Word id="r_23_tl_23_w6" custom="readingOrder {index:5;}">
                    <Coords points="2031,2861 2031,2921 2204,2921 2204,2861"/>
                    <TextEquiv>
                        <Unicode>Buchladen</Unicode>
                    </TextEquiv>
                </Word>
                <TextEquiv>
                    <Unicode>und Freytags in dem Kanterschen Buchladen</Unicode>
                </TextEquiv>
            </TextLine>
            <TextLine id="r_23_tl_24" custom="readingOrder {index:23;}">
                <Coords points="1698,2963 1739,2961 1759,2971 1800,2953 1830,2961 1851,2951 1868,2963 1894,2948 1924,2951 1922,2910 1851,2905 1782,2913 1769,2905 1759,2913 1734,2908 1696,2915"/>
                <Baseline points="1710,2940 1755,2940 1800,2940 1845,2940 1889,2940 1928,2943"/>
                <Word id="r_23_tl_24_w1" custom="readingOrder {index:0;}">
                    <Coords points="1704,2900 1704,2960 1923,2960 1923,2900"/>
                    <TextEquiv>
                        <Unicode>ausgegeben.</Unicode>
                    </TextEquiv>
                </Word>
                <TextEquiv>
                    <Unicode>ausgegeben.</Unicode>
                </TextEquiv>
            </TextLine>
            <TextEquiv>
                <Unicode></Unicode>
            </TextEquiv>
        </TextRegion>
    </Page>
</PcGts>
