<?xml version="1.0" encoding="UTF-8" standalone="yes"?>
<PcGts xmlns="http://schema.primaresearch.org/PAGE/gts/pagecontent/2013-07-15" xmlns:xsi="http://www.w3.org/2001/XMLSchema-instance" xsi:schemaLocation="http://schema.primaresearch.org/PAGE/gts/pagecontent/2013-07-15 http://schema.primaresearch.org/PAGE/gts/pagecontent/2013-07-15/pagecontent.xsd">
    <Metadata>
        <Creator>prov=READ-COOP:name=PyLaia@TranskribusPlatform:version=2.12.1:model_id=39995:lm=none:date=05_04_2024_17:45</Creator>
        <Created>2024-04-05T17:23:24.662+02:00</Created>
        <LastChange>2024-04-05T17:45:33.768+02:00</LastChange>
        <TranskribusMetadata docId="1917465" pageId="67840759" pageNr="3" tsid="157093352" status="IN_PROGRESS" userId="222699" imgUrl="https://files.transkribus.eu/Get?id=BCUWEGECSDSPRSGNJOBLVRGU&amp;fileType=view" xmlUrl="https://files.transkribus.eu/Get?id=TLYXCPGEPRLFQNQFKZENMCAS" imageId="54144648"/>
    </Metadata>
    <Page imageFilename="67840759.jpg" imageWidth="2479" imageHeight="3508">
        <ReadingOrder>
            <OrderedGroup id="ro_1712331933769" caption="Regions reading order">
                <RegionRefIndexed index="0" regionRef="r_10"/>
                <RegionRefIndexed index="1" regionRef="r_11"/>
            </OrderedGroup>
        </ReadingOrder>
        <Relations/>
        <TextRegion id="r_10" custom="readingOrder {index:0;}">
            <Coords points="144,353 1171,353 1171,2941 144,2941"/>
            <TextLine id="r_10_tl_1" custom="readingOrder {index:0;}">
                <Coords points="410,418 526,430 544,415 737,423 793,408 898,428 898,340 800,367 722,352 689,370 639,347 460,370 410,347"/>
                <Baseline points="423,412 453,409 498,409 543,406 588,406 632,406 677,406 722,406 767,406 812,406 856,406 901,406"/>
                <Word id="r_10_tl_1_w1" custom="readingOrder {index:0;}">
                    <Coords points="418,368 418,428 606,428 606,368"/>
                    <TextEquiv>
                        <Unicode>Berlin,</Unicode>
                    </TextEquiv>
                </Word>
                <Word id="r_10_tl_1_w2" custom="readingOrder {index:1;}">
                    <Coords points="631,366 631,426 680,426 680,366"/>
                    <TextEquiv>
                        <Unicode>den</Unicode>
                    </TextEquiv>
                </Word>
                <Word id="r_10_tl_1_w3" custom="readingOrder {index:2;}">
                    <Coords points="717,366 717,426 777,426 777,366"/>
                    <TextEquiv>
                        <Unicode>14.</Unicode>
                    </TextEquiv>
                </Word>
                <Word id="r_10_tl_1_w4" custom="readingOrder {index:3;}">
                    <Coords points="809,366 809,426 888,426 888,366"/>
                    <TextEquiv>
                        <Unicode>Jul.</Unicode>
                    </TextEquiv>
                </Word>
                <TextEquiv>
                    <Unicode>Berlin, den 14. Jul.</Unicode>
                </TextEquiv>
            </TextLine>
            <TextLine id="r_10_tl_2" custom="readingOrder {index:1;}">
                <Coords points="201,491 1142,458 1142,415 1082,377 979,430 453,433 325,395 259,438 201,405"/>
                <Baseline points="214,465 253,465 298,468 343,465 388,459 432,459 477,456 522,453 567,453 612,450 656,447 701,450 746,450 791,453 835,453 880,453 925,453 970,453 1015,453 1059,450 1104,450 1149,447"/>
                <Word id="r_10_tl_2_w1" custom="readingOrder {index:0;}">
                    <Coords points="210,425 210,485 281,485 281,425"/>
                    <TextEquiv>
                        <Unicode>Den</Unicode>
                    </TextEquiv>
                </Word>
                <Word id="r_10_tl_2_w2" custom="readingOrder {index:1;}">
                    <Coords points="308,425 308,485 373,485 373,425"/>
                    <TextEquiv>
                        <Unicode>8ten</Unicode>
                    </TextEquiv>
                </Word>
                <Word id="r_10_tl_2_w3" custom="readingOrder {index:2;}">
                    <Coords points="406,417 406,477 497,477 497,417"/>
                    <TextEquiv>
                        <Unicode>dieses</Unicode>
                    </TextEquiv>
                </Word>
                <Word id="r_10_tl_2_w4" custom="readingOrder {index:3;}">
                    <Coords points="530,412 530,472 627,472 627,412"/>
                    <TextEquiv>
                        <Unicode>trafen</Unicode>
                    </TextEquiv>
                </Word>
                <Word id="r_10_tl_2_w5" custom="readingOrder {index:4;}">
                    <Coords points="654,409 654,469 725,469 725,409"/>
                    <TextEquiv>
                        <Unicode>Sr.</Unicode>
                    </TextEquiv>
                </Word>
                <Word id="r_10_tl_2_w6" custom="readingOrder {index:5;}">
                    <Coords points="746,413 746,473 889,473 889,413"/>
                    <TextEquiv>
                        <Unicode>Durchl.</Unicode>
                    </TextEquiv>
                </Word>
                <Word id="r_10_tl_2_w7" custom="readingOrder {index:6;}">
                    <Coords points="909,413 909,473 960,473 960,413"/>
                    <TextEquiv>
                        <Unicode>der</Unicode>
                    </TextEquiv>
                </Word>
                <Word id="r_10_tl_2_w8" custom="readingOrder {index:7;}">
                    <Coords points="987,410 987,470 1124,470 1124,410"/>
                    <TextEquiv>
                        <Unicode>regieren</Unicode>
                    </TextEquiv>
                </Word>
                <TextEquiv>
                    <Unicode>Den 8ten dieses trafen Sr. Durchl. der regieren</Unicode>
                </TextEquiv>
            </TextLine>
            <TextLine id="r_10_tl_3" custom="readingOrder {index:2;}">
                <Coords points="138,536 1145,508 1115,458 257,486 141,438"/>
                <Baseline points="155,513 164,513 208,516 253,516 298,513 343,510 388,507 432,504 477,501 522,498 567,495 612,495 656,495 701,498 746,498 791,498 835,501 880,501 925,501 970,498 1015,501 1059,498 1104,495 1149,498"/>
                <Word id="r_10_tl_3_w1" custom="readingOrder {index:0;}">
                    <Coords points="153,473 153,533 185,533 185,473"/>
                    <TextEquiv>
                        <Unicode>de</Unicode>
                    </TextEquiv>
                </Word>
                <Word id="r_10_tl_3_w2" custom="readingOrder {index:1;}">
                    <Coords points="205,475 205,535 328,535 328,475"/>
                    <TextEquiv>
                        <Unicode>Herzog</Unicode>
                    </TextEquiv>
                </Word>
                <Word id="r_10_tl_3_w3" custom="readingOrder {index:2;}">
                    <Coords points="361,466 361,526 418,526 418,466"/>
                    <TextEquiv>
                        <Unicode>von</Unicode>
                    </TextEquiv>
                </Word>
                <Word id="r_10_tl_3_w4" custom="readingOrder {index:3;}">
                    <Coords points="446,455 446,515 698,515 698,455"/>
                    <TextEquiv>
                        <Unicode>Braunschweig</Unicode>
                    </TextEquiv>
                </Word>
                <Word id="r_10_tl_3_w5" custom="readingOrder {index:4;}">
                    <Coords points="732,458 732,518 822,518 822,458"/>
                    <TextEquiv>
                        <Unicode>nebst</Unicode>
                    </TextEquiv>
                </Word>
                <Word id="r_10_tl_3_w6" custom="readingOrder {index:5;}">
                    <Coords points="842,461 842,521 932,521 932,461"/>
                    <TextEquiv>
                        <Unicode>Dero</Unicode>
                    </TextEquiv>
                </Word>
                <Word id="r_10_tl_3_w7" custom="readingOrder {index:6;}">
                    <Coords points="959,458 959,518 1133,518 1133,458"/>
                    <TextEquiv>
                        <Unicode>Gemahlin</Unicode>
                    </TextEquiv>
                </Word>
                <TextEquiv>
                    <Unicode>de Herzog von Braunschweig nebst Dero Gemahlin</Unicode>
                </TextEquiv>
            </TextLine>
            <TextLine id="r_10_tl_4" custom="readingOrder {index:3;}">
                <Coords points="148,576 1150,554 1132,506 151,533"/>
                <Baseline points="164,561 170,564 214,561 259,561 304,558 349,555 394,552 438,549 483,546 528,543 573,543 618,543 662,546 707,546 752,543 797,546 841,546 886,546 931,546 976,546 1021,546 1065,546 1110,543 1155,543"/>
                <Word id="r_10_tl_4_w1" custom="readingOrder {index:0;}">
                    <Coords points="156,521 156,581 298,581 298,521"/>
                    <TextEquiv>
                        <Unicode>Königl.</Unicode>
                    </TextEquiv>
                </Word>
                <Word id="r_10_tl_4_w2" custom="readingOrder {index:1;}">
                    <Coords points="311,513 311,573 446,573 446,513"/>
                    <TextEquiv>
                        <Unicode>Hoheit,</Unicode>
                    </TextEquiv>
                </Word>
                <Word id="r_10_tl_4_w3" custom="readingOrder {index:2;}">
                    <Coords points="466,505 466,565 514,565 514,505"/>
                    <TextEquiv>
                        <Unicode>dem</Unicode>
                    </TextEquiv>
                </Word>
                <Word id="r_10_tl_4_w4" custom="readingOrder {index:3;}">
                    <Coords points="552,503 552,563 700,563 700,503"/>
                    <TextEquiv>
                        <Unicode>Durchl.</Unicode>
                    </TextEquiv>
                </Word>
                <Word id="r_10_tl_4_w5" custom="readingOrder {index:4;}">
                    <Coords points="719,506 719,566 941,566 941,506"/>
                    <TextEquiv>
                        <Unicode>Erbprinzen,</Unicode>
                    </TextEquiv>
                </Word>
                <Word id="r_10_tl_4_w6" custom="readingOrder {index:5;}">
                    <Coords points="967,506 967,566 1059,566 1059,506"/>
                    <TextEquiv>
                        <Unicode>dessen</Unicode>
                    </TextEquiv>
                </Word>
                <Word id="r_10_tl_4_w7" custom="readingOrder {index:6;}">
                    <Coords points="1084,503 1084,563 1146,563 1146,503"/>
                    <TextEquiv>
                        <Unicode>Ge¬</Unicode>
                    </TextEquiv>
                </Word>
                <TextEquiv>
                    <Unicode>Königl. Hoheit, dem Durchl. Erbprinzen, dessen Ge¬</Unicode>
                </TextEquiv>
            </TextLine>
            <TextLine id="r_10_tl_5" custom="readingOrder {index:4;}">
                <Coords points="146,619 1142,604 1110,554 146,581"/>
                <Baseline points="161,609 164,609 208,609 253,606 298,603 343,600 388,597 432,594 477,594 522,591 567,591 612,591 656,591 701,594 746,594 791,594 835,594 880,594 925,597 970,597 1015,594 1059,594 1104,591 1149,588"/>
                <Word id="r_10_tl_5_w1" custom="readingOrder {index:0;}">
                    <Coords points="154,568 154,628 274,628 274,568"/>
                    <TextEquiv>
                        <Unicode>mahlin</Unicode>
                    </TextEquiv>
                </Word>
                <Word id="r_10_tl_5_w2" custom="readingOrder {index:1;}">
                    <Coords points="311,557 311,617 449,617 449,557"/>
                    <TextEquiv>
                        <Unicode>Königl.</Unicode>
                    </TextEquiv>
                </Word>
                <Word id="r_10_tl_5_w3" custom="readingOrder {index:2;}">
                    <Coords points="474,551 474,611 613,611 613,551"/>
                    <TextEquiv>
                        <Unicode>Hoheit,</Unicode>
                    </TextEquiv>
                </Word>
                <Word id="r_10_tl_5_w4" custom="readingOrder {index:3;}">
                    <Coords points="637,551 637,611 697,611 697,551"/>
                    <TextEquiv>
                        <Unicode>und</Unicode>
                    </TextEquiv>
                </Word>
                <Word id="r_10_tl_5_w5" custom="readingOrder {index:4;}">
                    <Coords points="740,554 740,614 830,614 830,554"/>
                    <TextEquiv>
                        <Unicode>Ihro</Unicode>
                    </TextEquiv>
                </Word>
                <Word id="r_10_tl_5_w6" custom="readingOrder {index:5;}">
                    <Coords points="867,557 867,617 1018,617 1018,557"/>
                    <TextEquiv>
                        <Unicode>Durc!.</Unicode>
                    </TextEquiv>
                </Word>
                <Word id="r_10_tl_5_w7" custom="readingOrder {index:6;}">
                    <Coords points="1043,551 1043,611 1139,611 1139,551"/>
                    <TextEquiv>
                        <Unicode>Dero</Unicode>
                    </TextEquiv>
                </Word>
                <TextEquiv>
                    <Unicode>mahlin Königl. Hoheit, und Ihro Durc!. Dero</Unicode>
                </TextEquiv>
            </TextLine>
            <TextLine id="r_10_tl_6" custom="readingOrder {index:5;}">
                <Coords points="153,662 1150,654 1115,599 153,619"/>
                <Baseline points="167,647 170,650 214,650 259,650 304,647 349,644 394,641 438,638 483,638 528,638 573,638 618,638 662,638 707,638 752,641 797,641 841,641 886,641 931,641 976,641 1021,641 1065,638 1110,638 1155,638"/>
                <Word id="r_10_tl_6_w1" custom="readingOrder {index:0;}">
                    <Coords points="160,608 160,668 402,668 402,608"/>
                    <TextEquiv>
                        <Unicode>Prinzessinnen</Unicode>
                    </TextEquiv>
                </Word>
                <Word id="r_10_tl_6_w2" custom="readingOrder {index:1;}">
                    <Coords points="426,598 426,658 579,658 579,598"/>
                    <TextEquiv>
                        <Unicode>Elisabeth</Unicode>
                    </TextEquiv>
                </Word>
                <Word id="r_10_tl_6_w3" custom="readingOrder {index:2;}">
                    <Coords points="609,598 609,658 774,658 774,598"/>
                    <TextEquiv>
                        <Unicode>Christina</Unicode>
                    </TextEquiv>
                </Word>
                <Word id="r_10_tl_6_w4" custom="readingOrder {index:3;}">
                    <Coords points="799,601 799,661 898,661 898,601"/>
                    <TextEquiv>
                        <Unicode>Ulrica</Unicode>
                    </TextEquiv>
                </Word>
                <Word id="r_10_tl_6_w5" custom="readingOrder {index:4;}">
                    <Coords points="928,601 928,661 981,661 981,601"/>
                    <TextEquiv>
                        <Unicode>und</Unicode>
                    </TextEquiv>
                </Word>
                <Word id="r_10_tl_6_w6" custom="readingOrder {index:5;}">
                    <Coords points="1005,598 1005,658 1134,658 1134,598"/>
                    <TextEquiv>
                        <Unicode>Augusta</Unicode>
                    </TextEquiv>
                </Word>
                <TextEquiv>
                    <Unicode>Prinzessinnen Elisabeth Christina Ulrica und Augusta</Unicode>
                </TextEquiv>
            </TextLine>
            <TextLine id="r_10_tl_7" custom="readingOrder {index:6;}">
                <Coords points="153,707 1145,694 1145,652 1097,647 153,662"/>
                <Baseline points="167,698 211,695 256,695 301,692 346,692 391,689 435,686 480,686 525,686 570,686 615,686 659,686 704,686 749,686 794,689 838,689 883,689 928,689 973,689 1018,686 1062,689 1107,686 1152,686"/>
                <Word id="r_10_tl_7_w1" custom="readingOrder {index:0;}">
                    <Coords points="159,655 159,715 331,715 331,655"/>
                    <TextEquiv>
                        <Unicode>Dorothea</Unicode>
                    </TextEquiv>
                </Word>
                <Word id="r_10_tl_7_w2" custom="readingOrder {index:1;}">
                    <Coords points="359,647 359,707 466,707 466,647"/>
                    <TextEquiv>
                        <Unicode>allhier</Unicode>
                    </TextEquiv>
                </Word>
                <Word id="r_10_tl_7_w3" custom="readingOrder {index:2;}">
                    <Coords points="488,646 488,706 553,706 553,646"/>
                    <TextEquiv>
                        <Unicode>ein,</Unicode>
                    </TextEquiv>
                </Word>
                <Word id="r_10_tl_7_w4" custom="readingOrder {index:3;}">
                    <Coords points="581,646 581,706 634,706 634,646"/>
                    <TextEquiv>
                        <Unicode>und</Unicode>
                    </TextEquiv>
                </Word>
                <Word id="r_10_tl_7_w5" custom="readingOrder {index:4;}">
                    <Coords points="662,646 662,706 759,706 759,646"/>
                    <TextEquiv>
                        <Unicode>traten</Unicode>
                    </TextEquiv>
                </Word>
                <Word id="r_10_tl_7_w6" custom="readingOrder {index:5;}">
                    <Coords points="786,649 786,709 834,709 834,649"/>
                    <TextEquiv>
                        <Unicode>den</Unicode>
                    </TextEquiv>
                </Word>
                <Word id="r_10_tl_7_w7" custom="readingOrder {index:6;}">
                    <Coords points="862,649 862,709 926,709 926,649"/>
                    <TextEquiv>
                        <Unicode>9ten</Unicode>
                    </TextEquiv>
                </Word>
                <Word id="r_10_tl_7_w8" custom="readingOrder {index:7;}">
                    <Coords points="960,646 960,706 1051,706 1051,646"/>
                    <TextEquiv>
                        <Unicode>dieses</Unicode>
                    </TextEquiv>
                </Word>
                <Word id="r_10_tl_7_w9" custom="readingOrder {index:8;}">
                    <Coords points="1078,646 1078,706 1142,706 1142,646"/>
                    <TextEquiv>
                        <Unicode>ihre</Unicode>
                    </TextEquiv>
                </Word>
                <TextEquiv>
                    <Unicode>Dorothea allhier ein, und traten den 9ten dieses ihre</Unicode>
                </TextEquiv>
            </TextLine>
            <TextLine id="r_10_tl_8" custom="readingOrder {index:7;}">
                <Coords points="156,757 1142,745 1142,697 1095,694 156,707"/>
                <Baseline points="170,746 208,743 253,740 298,740 343,737 388,734 432,734 477,734 522,734 567,731 612,734 656,734 701,734 746,737 791,737 835,734 880,737 925,737 970,737 1015,737 1059,734 1104,734 1149,734"/>
                <Word id="r_10_tl_8_w1" custom="readingOrder {index:0;}">
                    <Coords points="156,702 156,762 282,762 282,702"/>
                    <TextEquiv>
                        <Unicode>fernere</Unicode>
                    </TextEquiv>
                </Word>
                <Word id="r_10_tl_8_w2" custom="readingOrder {index:1;}">
                    <Coords points="309,696 309,756 404,756 404,696"/>
                    <TextEquiv>
                        <Unicode>Reise</Unicode>
                    </TextEquiv>
                </Word>
                <Word id="r_10_tl_8_w3" custom="readingOrder {index:2;}">
                    <Coords points="431,694 431,754 499,754 499,694"/>
                    <TextEquiv>
                        <Unicode>nach</Unicode>
                    </TextEquiv>
                </Word>
                <Word id="r_10_tl_8_w4" custom="readingOrder {index:3;}">
                    <Coords points="537,693 537,753 685,753 685,693"/>
                    <TextEquiv>
                        <Unicode>Potsdam</Unicode>
                    </TextEquiv>
                </Word>
                <Word id="r_10_tl_8_w5" custom="readingOrder {index:4;}">
                    <Coords points="733,697 733,757 806,757 806,697"/>
                    <TextEquiv>
                        <Unicode>an,</Unicode>
                    </TextEquiv>
                </Word>
                <Word id="r_10_tl_8_w6" custom="readingOrder {index:5;}">
                    <Coords points="849,697 849,757 928,757 928,697"/>
                    <TextEquiv>
                        <Unicode>alwo</Unicode>
                    </TextEquiv>
                </Word>
                <Word id="r_10_tl_8_w7" custom="readingOrder {index:6;}">
                    <Coords points="971,697 971,757 1039,757 1039,697"/>
                    <TextEquiv>
                        <Unicode>auch</Unicode>
                    </TextEquiv>
                </Word>
                <Word id="r_10_tl_8_w8" custom="readingOrder {index:7;}">
                    <Coords points="1077,694 1077,754 1145,754 1145,694"/>
                    <TextEquiv>
                        <Unicode>Se.</Unicode>
                    </TextEquiv>
                </Word>
                <TextEquiv>
                    <Unicode>fernere Reise nach Potsdam an, alwo auch Se.</Unicode>
                </TextEquiv>
            </TextLine>
            <TextLine id="r_10_tl_9" custom="readingOrder {index:8;}">
                <Coords points="151,800 1155,800 1130,742 151,760"/>
                <Baseline points="164,788 173,785 217,788 262,788 307,785 352,785 397,785 441,782 486,782 531,782 576,782 620,782 665,782 710,782 755,785 800,782 844,782 889,785 934,785 979,785 1024,785 1068,785 1113,782 1158,782"/>
                <Word id="r_10_tl_9_w1" custom="readingOrder {index:0;}">
                    <Coords points="156,748 156,808 301,808 301,748"/>
                    <TextEquiv>
                        <Unicode>Durchl.</Unicode>
                    </TextEquiv>
                </Word>
                <Word id="r_10_tl_9_w2" custom="readingOrder {index:1;}">
                    <Coords points="322,745 322,805 373,805 373,745"/>
                    <TextEquiv>
                        <Unicode>der</Unicode>
                    </TextEquiv>
                </Word>
                <Word id="r_10_tl_9_w3" custom="readingOrder {index:2;}">
                    <Coords points="395,742 395,802 576,802 576,742"/>
                    <TextEquiv>
                        <Unicode>regierende</Unicode>
                    </TextEquiv>
                </Word>
                <Word id="r_10_tl_9_w4" custom="readingOrder {index:3;}">
                    <Coords points="608,742 608,802 768,802 768,742"/>
                    <TextEquiv>
                        <Unicode>Landgraf</Unicode>
                    </TextEquiv>
                </Word>
                <Word id="r_10_tl_9_w5" custom="readingOrder {index:4;}">
                    <Coords points="795,742 795,802 852,802 852,742"/>
                    <TextEquiv>
                        <Unicode>von</Unicode>
                    </TextEquiv>
                </Word>
                <Word id="r_10_tl_9_w6" custom="readingOrder {index:5;}">
                    <Coords points="884,745 884,805 1085,805 1085,745"/>
                    <TextEquiv>
                        <Unicode>Hessencassel</Unicode>
                    </TextEquiv>
                </Word>
                <Word id="r_10_tl_9_w7" custom="readingOrder {index:6;}">
                    <Coords points="1112,742 1112,802 1137,802 1137,742"/>
                    <TextEquiv>
                        <Unicode>in</Unicode>
                    </TextEquiv>
                </Word>
                <TextEquiv>
                    <Unicode>Durchl. der regierende Landgraf von Hessencassel in</Unicode>
                </TextEquiv>
            </TextLine>
            <TextLine id="r_10_tl_10" custom="readingOrder {index:9;}">
                <Coords points="146,843 491,871 574,838 692,868 1069,838 1155,868 1155,800 1097,790 146,793"/>
                <Baseline points="161,832 176,832 220,835 265,835 310,835 355,832 400,829 444,829 489,832 534,829 579,829 623,829 668,829 713,829 758,829 803,829 847,832 892,832 937,832 982,832 1027,832 1071,829 1116,829 1161,824"/>
                <Word id="r_10_tl_10_w1" custom="readingOrder {index:0;}">
                    <Coords points="153,795 153,855 351,855 351,795"/>
                    <TextEquiv>
                        <Unicode>Begleitung</Unicode>
                    </TextEquiv>
                </Word>
                <Word id="r_10_tl_10_w2" custom="readingOrder {index:1;}">
                    <Coords points="386,789 386,849 479,849 479,789"/>
                    <TextEquiv>
                        <Unicode>Dero</Unicode>
                    </TextEquiv>
                </Word>
                <Word id="r_10_tl_10_w3" custom="readingOrder {index:2;}">
                    <Coords points="509,789 509,849 877,849 877,789"/>
                    <TextEquiv>
                        <Unicode>Generaladjudantens</Unicode>
                    </TextEquiv>
                </Word>
                <Word id="r_10_tl_10_w4" custom="readingOrder {index:3;}">
                    <Coords points="925,792 925,852 1047,852 1047,792"/>
                    <TextEquiv>
                        <Unicode>bereits</Unicode>
                    </TextEquiv>
                </Word>
                <Word id="r_10_tl_10_w5" custom="readingOrder {index:4;}">
                    <Coords points="1094,788 1094,848 1151,848 1151,788"/>
                    <TextEquiv>
                        <Unicode>an¬</Unicode>
                    </TextEquiv>
                </Word>
                <TextEquiv>
                    <Unicode>Begleitung Dero Generaladjudantens bereits an¬</Unicode>
                </TextEquiv>
            </TextLine>
            <TextLine id="r_10_tl_11" custom="readingOrder {index:10;}">
                <Coords points="156,916 169,918 179,908 209,901 216,911 242,906 257,918 284,911 330,918 332,853 315,845 284,856 259,845 234,858 216,848 181,856 159,843"/>
                <Baseline points="170,889 203,886 247,886 292,883 337,880"/>
                <Word id="r_10_tl_11_w1" custom="readingOrder {index:0;}">
                    <Coords points="158,846 158,906 328,906 328,846"/>
                    <TextEquiv>
                        <Unicode>gelanget.</Unicode>
                    </TextEquiv>
                </Word>
                <TextEquiv>
                    <Unicode>gelanget.</Unicode>
                </TextEquiv>
            </TextLine>
            <TextLine id="r_10_tl_12" custom="readingOrder {index:11;}">
                <Coords points="398,936 903,934 903,893 828,863 772,886 742,886 712,858 644,888 466,888 428,868 398,883"/>
                <Baseline points="412,922 456,925 501,925 546,925 591,925 635,925 680,925 725,922 770,925 815,925 859,925 904,925 910,925"/>
                <Word id="r_10_tl_12_w1" custom="readingOrder {index:0;}">
                    <Coords points="407,885 407,945 604,945 604,885"/>
                    <TextEquiv>
                        <Unicode>Leipzig,</Unicode>
                    </TextEquiv>
                </Word>
                <Word id="r_10_tl_12_w2" custom="readingOrder {index:1;}">
                    <Coords points="631,885 631,945 681,945 681,885"/>
                    <TextEquiv>
                        <Unicode>den</Unicode>
                    </TextEquiv>
                </Word>
                <Word id="r_10_tl_12_w3" custom="readingOrder {index:2;}">
                    <Coords points="720,883 720,943 784,943 784,883"/>
                    <TextEquiv>
                        <Unicode>30.</Unicode>
                    </TextEquiv>
                </Word>
                <Word id="r_10_tl_12_w4" custom="readingOrder {index:3;}">
                    <Coords points="810,885 810,945 899,945 899,885"/>
                    <TextEquiv>
                        <Unicode>Jun.</Unicode>
                    </TextEquiv>
                </Word>
                <TextEquiv>
                    <Unicode>Leipzig, den 30. Jun.</Unicode>
                </TextEquiv>
            </TextLine>
            <TextLine id="r_10_tl_13" custom="readingOrder {index:12;}">
                <Coords points="196,979 1152,984 1132,906 1067,939 934,913 730,946 196,934"/>
                <Baseline points="211,976 217,973 262,976 307,976 352,976 397,976 441,976 486,976 531,976 576,976 620,973 665,970 710,973 755,973 800,970 844,970 889,973 934,970 979,970 1024,970 1068,970 1113,970 1158,967"/>
                <Word id="r_10_tl_13_w1" custom="readingOrder {index:0;}">
                    <Coords points="203,934 203,994 282,994 282,934"/>
                    <TextEquiv>
                        <Unicode>Eine</Unicode>
                    </TextEquiv>
                </Word>
                <Word id="r_10_tl_13_w2" custom="readingOrder {index:1;}">
                    <Coords points="305,936 305,996 466,996 466,936"/>
                    <TextEquiv>
                        <Unicode>ziemliche</Unicode>
                    </TextEquiv>
                </Word>
                <Word id="r_10_tl_13_w3" custom="readingOrder {index:2;}">
                    <Coords points="490,936 490,996 615,996 615,936"/>
                    <TextEquiv>
                        <Unicode>Anzahi</Unicode>
                    </TextEquiv>
                </Word>
                <Word id="r_10_tl_13_w4" custom="readingOrder {index:3;}">
                    <Coords points="633,930 633,990 954,990 954,930"/>
                    <TextEquiv>
                        <Unicode>Würtenbergischer</Unicode>
                    </TextEquiv>
                </Word>
                <Word id="r_10_tl_13_w5" custom="readingOrder {index:4;}">
                    <Coords points="977,930 977,990 1149,990 1149,930"/>
                    <TextEquiv>
                        <Unicode>Untertha¬</Unicode>
                    </TextEquiv>
                </Word>
                <TextEquiv>
                    <Unicode>Eine ziemliche Anzahi Würtenbergischer Untertha¬</Unicode>
                </TextEquiv>
            </TextLine>
            <TextLine id="r_10_tl_14" custom="readingOrder {index:13;}">
                <Coords points="153,1042 1150,1044 1150,976 153,994"/>
                <Baseline points="167,1030 170,1027 214,1027 259,1027 304,1027 349,1027 394,1027 438,1024 483,1024 528,1024 573,1024 618,1021 662,1021 707,1024 752,1021 797,1024 841,1021 886,1021 931,1021 976,1021 1021,1021 1065,1021 1110,1018 1155,1015"/>
                <Word id="r_10_tl_14_w1" custom="readingOrder {index:0;}">
                    <Coords points="159,987 159,1047 215,1047 215,987"/>
                    <TextEquiv>
                        <Unicode>nen</Unicode>
                    </TextEquiv>
                </Word>
                <Word id="r_10_tl_14_w2" custom="readingOrder {index:1;}">
                    <Coords points="244,987 244,1047 278,1047 278,987"/>
                    <TextEquiv>
                        <Unicode>ist</Unicode>
                    </TextEquiv>
                </Word>
                <Word id="r_10_tl_14_w3" custom="readingOrder {index:2;}">
                    <Coords points="301,987 301,1047 357,1047 357,987"/>
                    <TextEquiv>
                        <Unicode>seit</Unicode>
                    </TextEquiv>
                </Word>
                <Word id="r_10_tl_14_w4" custom="readingOrder {index:3;}">
                    <Coords points="381,984 381,1044 500,1044 500,984"/>
                    <TextEquiv>
                        <Unicode>einiger</Unicode>
                    </TextEquiv>
                </Word>
                <Word id="r_10_tl_14_w5" custom="readingOrder {index:4;}">
                    <Coords points="523,984 523,1044 590,1044 590,984"/>
                    <TextEquiv>
                        <Unicode>Zeit</Unicode>
                    </TextEquiv>
                </Word>
                <Word id="r_10_tl_14_w6" custom="readingOrder {index:5;}">
                    <Coords points="619,981 619,1041 710,1041 710,981"/>
                    <TextEquiv>
                        <Unicode>durch</Unicode>
                    </TextEquiv>
                </Word>
                <Word id="r_10_tl_14_w7" custom="readingOrder {index:6;}">
                    <Coords points="739,983 739,1043 880,1043 880,983"/>
                    <TextEquiv>
                        <Unicode>Sachsen</Unicode>
                    </TextEquiv>
                </Word>
                <Word id="r_10_tl_14_w8" custom="readingOrder {index:7;}">
                    <Coords points="915,981 915,1041 942,1041 942,981"/>
                    <TextEquiv>
                        <Unicode>in</Unicode>
                    </TextEquiv>
                </Word>
                <Word id="r_10_tl_14_w9" custom="readingOrder {index:8;}">
                    <Coords points="977,981 977,1041 1028,1041 1028,981"/>
                    <TextEquiv>
                        <Unicode>die</Unicode>
                    </TextEquiv>
                </Word>
                <Word id="r_10_tl_14_w10" custom="readingOrder {index:9;}">
                    <Coords points="1051,978 1051,1038 1147,1038 1147,978"/>
                    <TextEquiv>
                        <Unicode>bran¬</Unicode>
                    </TextEquiv>
                </Word>
                <TextEquiv>
                    <Unicode>nen ist seit einiger Zeit durch Sachsen in die bran¬</Unicode>
                </TextEquiv>
            </TextLine>
            <TextLine id="r_10_tl_15" custom="readingOrder {index:14;}">
                <Coords points="151,1097 204,1085 360,1110 476,1082 720,1092 720,1047 644,1032 151,1042"/>
                <Baseline points="164,1074 188,1077 232,1074 277,1077 322,1077 367,1077 412,1074 456,1074 501,1074 546,1074 591,1074 635,1074 680,1071 725,1068"/>
                <Word id="r_10_tl_15_w1" custom="readingOrder {index:0;}">
                    <Coords points="157,1036 157,1096 382,1096 382,1036"/>
                    <TextEquiv>
                        <Unicode>denburgische</Unicode>
                    </TextEquiv>
                </Word>
                <Word id="r_10_tl_15_w2" custom="readingOrder {index:1;}">
                    <Coords points="404,1034 404,1094 503,1094 503,1034"/>
                    <TextEquiv>
                        <Unicode>Lande</Unicode>
                    </TextEquiv>
                </Word>
                <Word id="r_10_tl_15_w3" custom="readingOrder {index:2;}">
                    <Coords points="525,1034 525,1094 712,1094 712,1034"/>
                    <TextEquiv>
                        <Unicode>gegangen.</Unicode>
                    </TextEquiv>
                </Word>
                <TextEquiv>
                    <Unicode>denburgische Lande gegangen.</Unicode>
                </TextEquiv>
            </TextLine>
            <TextLine id="r_10_tl_16" custom="readingOrder {index:15;}">
                <Coords points="398,1132 523,1130 556,1147 674,1122 725,1140 767,1120 788,1140 886,1127 886,1057 868,1054 755,1100 725,1077 689,1097 594,1085 564,1105 511,1082 398,1090"/>
                <Baseline points="412,1122 441,1122 486,1122 531,1125 576,1122 620,1122 665,1122 710,1119 755,1122 800,1119 844,1119 889,1119"/>
                <Word id="r_10_tl_16_w1" custom="readingOrder {index:0;}">
                    <Coords points="400,1082 400,1142 553,1142 553,1082"/>
                    <TextEquiv>
                        <Unicode>Wien,</Unicode>
                    </TextEquiv>
                </Word>
                <Word id="r_10_tl_16_w2" custom="readingOrder {index:1;}">
                    <Coords points="587,1082 587,1142 637,1142 637,1082"/>
                    <TextEquiv>
                        <Unicode>den</Unicode>
                    </TextEquiv>
                </Word>
                <Word id="r_10_tl_16_w3" custom="readingOrder {index:2;}">
                    <Coords points="683,1079 683,1139 753,1139 753,1079"/>
                    <TextEquiv>
                        <Unicode>27.</Unicode>
                    </TextEquiv>
                </Word>
                <Word id="r_10_tl_16_w4" custom="readingOrder {index:3;}">
                    <Coords points="779,1079 779,1139 875,1139 875,1079"/>
                    <TextEquiv>
                        <Unicode>Jun.</Unicode>
                    </TextEquiv>
                </Word>
                <TextEquiv>
                    <Unicode>Wien, den 27. Jun.</Unicode>
                </TextEquiv>
            </TextLine>
            <TextLine id="r_10_tl_17" custom="readingOrder {index:16;}">
                <Coords points="196,1183 1140,1178 1140,1122 1029,1112 858,1140 196,1125"/>
                <Baseline points="211,1173 250,1170 295,1173 340,1173 385,1173 429,1176 474,1176 519,1173 564,1170 609,1170 653,1170 698,1170 743,1170 788,1170 832,1170 877,1170 922,1170 967,1167 1012,1167 1056,1164 1101,1164 1146,1164"/>
                <Word id="r_10_tl_17_w1" custom="readingOrder {index:0;}">
                    <Coords points="207,1130 207,1190 282,1190 282,1130"/>
                    <TextEquiv>
                        <Unicode>Der</Unicode>
                    </TextEquiv>
                </Word>
                <Word id="r_10_tl_17_w2" custom="readingOrder {index:1;}">
                    <Coords points="310,1133 310,1193 455,1193 455,1133"/>
                    <TextEquiv>
                        <Unicode>General</Unicode>
                    </TextEquiv>
                </Word>
                <Word id="r_10_tl_17_w3" custom="readingOrder {index:2;}">
                    <Coords points="483,1133 483,1193 537,1193 537,1133"/>
                    <TextEquiv>
                        <Unicode>von</Unicode>
                    </TextEquiv>
                </Word>
                <Word id="r_10_tl_17_w4" custom="readingOrder {index:3;}">
                    <Coords points="575,1130 575,1190 623,1190 623,1130"/>
                    <TextEquiv>
                        <Unicode>der</Unicode>
                    </TextEquiv>
                </Word>
                <Word id="r_10_tl_17_w5" custom="readingOrder {index:4;}">
                    <Coords points="656,1130 656,1190 840,1190 840,1130"/>
                    <TextEquiv>
                        <Unicode>Cavallerie</Unicode>
                    </TextEquiv>
                </Word>
                <Word id="r_10_tl_17_w6" custom="readingOrder {index:5;}">
                    <Coords points="868,1128 868,1188 1029,1188 1029,1128"/>
                    <TextEquiv>
                        <Unicode>Nicolaus</Unicode>
                    </TextEquiv>
                </Word>
                <Word id="r_10_tl_17_w7" custom="readingOrder {index:6;}">
                    <Coords points="1057,1124 1057,1184 1143,1184 1143,1124"/>
                    <TextEquiv>
                        <Unicode>Graf</Unicode>
                    </TextEquiv>
                </Word>
                <TextEquiv>
                    <Unicode>Der General von der Cavallerie Nicolaus Graf</Unicode>
                </TextEquiv>
            </TextLine>
            <TextLine id="r_10_tl_18" custom="readingOrder {index:17;}">
                <Coords points="151,1235 1142,1223 1117,1173 561,1173 503,1203 151,1178"/>
                <Baseline points="164,1221 208,1224 253,1224 298,1224 343,1224 388,1221 432,1221 477,1221 522,1218 567,1218 612,1218 656,1218 701,1218 746,1218 791,1218 835,1218 880,1218 925,1218 970,1215 1015,1215 1059,1215 1104,1215 1149,1212"/>
                <Word id="r_10_tl_18_w1" custom="readingOrder {index:0;}">
                    <Coords points="157,1182 157,1242 212,1242 212,1182"/>
                    <TextEquiv>
                        <Unicode>von</Unicode>
                    </TextEquiv>
                </Word>
                <Word id="r_10_tl_18_w2" custom="readingOrder {index:1;}">
                    <Coords points="246,1182 246,1242 473,1242 473,1182"/>
                    <TextEquiv>
                        <Unicode>Estherhasy,</Unicode>
                    </TextEquiv>
                </Word>
                <Word id="r_10_tl_18_w3" custom="readingOrder {index:2;}">
                    <Coords points="507,1178 507,1238 618,1238 618,1178"/>
                    <TextEquiv>
                        <Unicode>Kays.</Unicode>
                    </TextEquiv>
                </Word>
                <Word id="r_10_tl_18_w4" custom="readingOrder {index:3;}">
                    <Coords points="640,1178 640,1238 779,1238 779,1178"/>
                    <TextEquiv>
                        <Unicode>Königl.</Unicode>
                    </TextEquiv>
                </Word>
                <Word id="r_10_tl_18_w5" custom="readingOrder {index:4;}">
                    <Coords points="802,1178 802,1238 934,1238 934,1178"/>
                    <TextEquiv>
                        <Unicode>wirklich</Unicode>
                    </TextEquiv>
                </Word>
                <Word id="r_10_tl_18_w6" custom="readingOrder {index:5;}">
                    <Coords points="968,1175 968,1235 1140,1235 1140,1175"/>
                    <TextEquiv>
                        <Unicode>geheimter</Unicode>
                    </TextEquiv>
                </Word>
                <TextEquiv>
                    <Unicode>von Estherhasy, Kays. Königl. wirklich geheimter</Unicode>
                </TextEquiv>
            </TextLine>
            <TextLine id="r_10_tl_19" custom="readingOrder {index:18;}">
                <Coords points="151,1288 1142,1273 1142,1220 151,1235"/>
                <Baseline points="164,1271 208,1271 253,1271 298,1268 343,1268 388,1265 432,1265 477,1262 522,1262 567,1262 612,1262 656,1262 701,1262 746,1262 791,1262 835,1262 880,1262 925,1262 970,1262 1015,1262 1059,1262 1104,1259 1149,1259"/>
                <Word id="r_10_tl_19_w1" custom="readingOrder {index:0;}">
                    <Coords points="161,1231 161,1291 243,1291 243,1231"/>
                    <TextEquiv>
                        <Unicode>Rath</Unicode>
                    </TextEquiv>
                </Word>
                <Word id="r_10_tl_19_w2" custom="readingOrder {index:1;}">
                    <Coords points="270,1228 270,1288 337,1288 337,1228"/>
                    <TextEquiv>
                        <Unicode>auch</Unicode>
                    </TextEquiv>
                </Word>
                <Word id="r_10_tl_19_w3" custom="readingOrder {index:2;}">
                    <Coords points="363,1222 363,1282 575,1282 575,1222"/>
                    <TextEquiv>
                        <Unicode>Hauptmann</Unicode>
                    </TextEquiv>
                </Word>
                <Word id="r_10_tl_19_w4" custom="readingOrder {index:3;}">
                    <Coords points="601,1222 601,1282 653,1282 653,1222"/>
                    <TextEquiv>
                        <Unicode>der</Unicode>
                    </TextEquiv>
                </Word>
                <Word id="r_10_tl_19_w5" custom="readingOrder {index:4;}">
                    <Coords points="674,1222 674,1282 814,1282 814,1222"/>
                    <TextEquiv>
                        <Unicode>Königl.</Unicode>
                    </TextEquiv>
                </Word>
                <Word id="r_10_tl_19_w6" custom="readingOrder {index:5;}">
                    <Coords points="830,1222 830,1282 1036,1282 1036,1222"/>
                    <TextEquiv>
                        <Unicode>Ungarischen</Unicode>
                    </TextEquiv>
                </Word>
                <Word id="r_10_tl_19_w7" custom="readingOrder {index:6;}">
                    <Coords points="1063,1219 1063,1279 1145,1279 1145,1219"/>
                    <TextEquiv>
                        <Unicode>Adli=</Unicode>
                    </TextEquiv>
                </Word>
                <TextEquiv>
                    <Unicode>Rath auch Hauptmann der Königl. Ungarischen Adli=</Unicode>
                </TextEquiv>
            </TextLine>
            <TextLine id="r_10_tl_20" custom="readingOrder {index:19;}">
                <Coords points="146,1334 453,1321 662,1356 732,1316 961,1349 1150,1329 1150,1271 1100,1268 146,1298"/>
                <Baseline points="161,1316 170,1316 214,1319 259,1316 304,1316 349,1316 394,1313 438,1310 483,1310 528,1307 573,1307 618,1307 662,1307 707,1310 752,1307 797,1310 841,1307 886,1310 931,1307 976,1310 1021,1307 1065,1307 1110,1307 1155,1307"/>
                <Word id="r_10_tl_20_w1" custom="readingOrder {index:0;}">
                    <Coords points="149,1276 149,1336 220,1336 220,1276"/>
                    <TextEquiv>
                        <Unicode>chen</Unicode>
                    </TextEquiv>
                </Word>
                <Word id="r_10_tl_20_w2" custom="readingOrder {index:1;}">
                    <Coords points="254,1276 254,1336 425,1336 425,1276"/>
                    <TextEquiv>
                        <Unicode>Leibgarde</Unicode>
                    </TextEquiv>
                </Word>
                <Word id="r_10_tl_20_w3" custom="readingOrder {index:2;}">
                    <Coords points="459,1269 459,1329 517,1329 517,1269"/>
                    <TextEquiv>
                        <Unicode>hat</Unicode>
                    </TextEquiv>
                </Word>
                <Word id="r_10_tl_20_w4" custom="readingOrder {index:3;}">
                    <Coords points="552,1267 552,1327 577,1327 577,1267"/>
                    <TextEquiv>
                        <Unicode>im</Unicode>
                    </TextEquiv>
                </Word>
                <Word id="r_10_tl_20_w5" custom="readingOrder {index:4;}">
                    <Coords points="624,1269 624,1329 808,1329 808,1269"/>
                    <TextEquiv>
                        <Unicode>Carlsbade</Unicode>
                    </TextEquiv>
                </Word>
                <Word id="r_10_tl_20_w6" custom="readingOrder {index:5;}">
                    <Coords points="835,1268 835,1328 894,1328 894,1268"/>
                    <TextEquiv>
                        <Unicode>das</Unicode>
                    </TextEquiv>
                </Word>
                <Word id="r_10_tl_20_w7" custom="readingOrder {index:6;}">
                    <Coords points="921,1268 921,1328 1072,1328 1072,1268"/>
                    <TextEquiv>
                        <Unicode>Zeitliche</Unicode>
                    </TextEquiv>
                </Word>
                <Word id="r_10_tl_20_w8" custom="readingOrder {index:7;}">
                    <Coords points="1099,1267 1099,1327 1145,1327 1145,1267"/>
                    <TextEquiv>
                        <Unicode>ge¬</Unicode>
                    </TextEquiv>
                </Word>
                <TextEquiv>
                    <Unicode>chen Leibgarde hat im Carlsbade das Zeitliche ge¬</Unicode>
                </TextEquiv>
            </TextLine>
            <TextLine id="r_10_tl_21" custom="readingOrder {index:20;}">
                <Coords points="153,1402 191,1397 231,1379 237,1386 247,1386 267,1371 297,1374 299,1336 284,1336 269,1321 239,1334 209,1329 196,1336 184,1326 159,1326"/>
                <Baseline points="170,1370 214,1364 259,1364 304,1361"/>
                <Word id="r_10_tl_21_w1" custom="readingOrder {index:0;}">
                    <Coords points="162,1324 162,1384 287,1384 287,1324"/>
                    <TextEquiv>
                        <Unicode>segnet.</Unicode>
                    </TextEquiv>
                </Word>
                <TextEquiv>
                    <Unicode>segnet.</Unicode>
                </TextEquiv>
            </TextLine>
            <TextLine id="r_10_tl_22" custom="readingOrder {index:21;}">
                <Coords points="413,1417 888,1404 888,1359 848,1369 818,1351 775,1374 672,1346 657,1361 468,1366 448,1349 413,1361"/>
                <Baseline points="426,1397 471,1400 516,1400 561,1400 606,1400 650,1400 695,1400 740,1397 785,1400 829,1397 874,1397 895,1397"/>
                <Word id="r_10_tl_22_w1" custom="readingOrder {index:0;}">
                    <Coords points="419,1360 419,1420 585,1420 585,1360"/>
                    <TextEquiv>
                        <Unicode>Paris,</Unicode>
                    </TextEquiv>
                </Word>
                <Word id="r_10_tl_22_w2" custom="readingOrder {index:1;}">
                    <Coords points="613,1360 613,1420 669,1420 669,1360"/>
                    <TextEquiv>
                        <Unicode>den</Unicode>
                    </TextEquiv>
                </Word>
                <Word id="r_10_tl_22_w3" custom="readingOrder {index:2;}">
                    <Coords points="703,1357 703,1417 763,1417 763,1357"/>
                    <TextEquiv>
                        <Unicode>29.</Unicode>
                    </TextEquiv>
                </Word>
                <Word id="r_10_tl_22_w4" custom="readingOrder {index:3;}">
                    <Coords points="791,1357 791,1417 879,1417 879,1357"/>
                    <TextEquiv>
                        <Unicode>Jun.</Unicode>
                    </TextEquiv>
                </Word>
                <TextEquiv>
                    <Unicode>Paris, den 29. Jun.</Unicode>
                </TextEquiv>
            </TextLine>
            <TextLine id="r_10_tl_23" custom="readingOrder {index:22;}">
                <Coords points="194,1467 1110,1454 1140,1449 1142,1376 435,1422 196,1384"/>
                <Baseline points="208,1450 250,1447 295,1447 340,1447 385,1447 429,1447 474,1447 519,1444 564,1444 609,1444 653,1442 698,1442 743,1439 788,1442 832,1439 877,1442 922,1439 967,1439 1012,1436 1056,1436 1101,1436 1146,1433"/>
                <Word id="r_10_tl_23_w1" custom="readingOrder {index:0;}">
                    <Coords points="207,1407 207,1467 281,1467 281,1407"/>
                    <TextEquiv>
                        <Unicode>Hr.</Unicode>
                    </TextEquiv>
                </Word>
                <Word id="r_10_tl_23_w2" custom="readingOrder {index:1;}">
                    <Coords points="299,1407 299,1467 351,1467 351,1407"/>
                    <TextEquiv>
                        <Unicode>von</Unicode>
                    </TextEquiv>
                </Word>
                <Word id="r_10_tl_23_w3" custom="readingOrder {index:2;}">
                    <Coords points="380,1407 380,1467 530,1467 530,1407"/>
                    <TextEquiv>
                        <Unicode>Voltaire</Unicode>
                    </TextEquiv>
                </Word>
                <Word id="r_10_tl_23_w4" custom="readingOrder {index:3;}">
                    <Coords points="554,1404 554,1464 664,1464 664,1404"/>
                    <TextEquiv>
                        <Unicode>schickte</Unicode>
                    </TextEquiv>
                </Word>
                <Word id="r_10_tl_23_w5" custom="readingOrder {index:4;}">
                    <Coords points="687,1399 687,1459 803,1459 803,1399"/>
                    <TextEquiv>
                        <Unicode>letztlich</Unicode>
                    </TextEquiv>
                </Word>
                <Word id="r_10_tl_23_w6" custom="readingOrder {index:5;}">
                    <Coords points="826,1399 826,1459 860,1459 860,1399"/>
                    <TextEquiv>
                        <Unicode>an</Unicode>
                    </TextEquiv>
                </Word>
                <Word id="r_10_tl_23_w7" custom="readingOrder {index:6;}">
                    <Coords points="891,1399 891,1459 936,1459 936,1399"/>
                    <TextEquiv>
                        <Unicode>den</Unicode>
                    </TextEquiv>
                </Word>
                <Word id="r_10_tl_23_w8" custom="readingOrder {index:7;}">
                    <Coords points="966,1396 966,1456 1133,1456 1133,1396"/>
                    <TextEquiv>
                        <Unicode>Advocaten</Unicode>
                    </TextEquiv>
                </Word>
                <TextEquiv>
                    <Unicode>Hr. von Voltaire schickte letztlich an den Advocaten</Unicode>
                </TextEquiv>
            </TextLine>
            <TextLine id="r_10_tl_24" custom="readingOrder {index:23;}">
                <Coords points="151,1517 1079,1505 1142,1495 1145,1449 229,1477 153,1437"/>
                <Baseline points="164,1495 206,1498 250,1498 295,1498 340,1498 385,1495 429,1492 474,1492 519,1492 564,1492 609,1489 653,1486 698,1486 743,1486 788,1486 832,1486 877,1486 922,1486 967,1483 1012,1483 1056,1483 1101,1483 1146,1480"/>
                <Word id="r_10_tl_24_w1" custom="readingOrder {index:0;}">
                    <Coords points="162,1456 162,1516 214,1516 214,1456"/>
                    <TextEquiv>
                        <Unicode>der</Unicode>
                    </TextEquiv>
                </Word>
                <Word id="r_10_tl_24_w2" custom="readingOrder {index:1;}">
                    <Coords points="241,1457 241,1517 462,1517 462,1457"/>
                    <TextEquiv>
                        <Unicode>unglücklichen</Unicode>
                    </TextEquiv>
                </Word>
                <Word id="r_10_tl_24_w3" custom="readingOrder {index:2;}">
                    <Coords points="494,1450 494,1510 673,1510 673,1450"/>
                    <TextEquiv>
                        <Unicode>Calasschen</Unicode>
                    </TextEquiv>
                </Word>
                <Word id="r_10_tl_24_w4" custom="readingOrder {index:3;}">
                    <Coords points="700,1446 700,1506 837,1506 837,1446"/>
                    <TextEquiv>
                        <Unicode>Familie</Unicode>
                    </TextEquiv>
                </Word>
                <Word id="r_10_tl_24_w5" custom="readingOrder {index:4;}">
                    <Coords points="864,1444 864,1504 1021,1504 1021,1444"/>
                    <TextEquiv>
                        <Unicode>Moriette</Unicode>
                    </TextEquiv>
                </Word>
                <Word id="r_10_tl_24_w6" custom="readingOrder {index:5;}">
                    <Coords points="1048,1443 1048,1503 1127,1503 1127,1443"/>
                    <TextEquiv>
                        <Unicode>einen</Unicode>
                    </TextEquiv>
                </Word>
                <TextEquiv>
                    <Unicode>der unglücklichen Calasschen Familie Moriette einen</Unicode>
                </TextEquiv>
            </TextLine>
            <TextLine id="r_10_tl_25" custom="readingOrder {index:24;}">
                <Coords points="146,1560 1152,1547 1120,1490 146,1517"/>
                <Baseline points="161,1546 173,1546 217,1546 262,1543 307,1543 352,1543 397,1543 441,1543 486,1540 531,1537 576,1537 620,1537 665,1534 710,1534 755,1534 800,1534 844,1534 889,1534 934,1534 979,1531 1024,1531 1068,1531 1113,1528 1158,1528"/>
                <Word id="r_10_tl_25_w1" custom="readingOrder {index:0;}">
                    <Coords points="152,1503 152,1563 402,1563 402,1503"/>
                    <TextEquiv>
                        <Unicode>Wechselbrief,</Unicode>
                    </TextEquiv>
                </Word>
                <Word id="r_10_tl_25_w2" custom="readingOrder {index:1;}">
                    <Coords points="430,1502 430,1562 468,1562 468,1502"/>
                    <TextEquiv>
                        <Unicode>um</Unicode>
                    </TextEquiv>
                </Word>
                <Word id="r_10_tl_25_w3" custom="readingOrder {index:2;}">
                    <Coords points="518,1497 518,1557 571,1557 571,1497"/>
                    <TextEquiv>
                        <Unicode>sein</Unicode>
                    </TextEquiv>
                </Word>
                <Word id="r_10_tl_25_w4" custom="readingOrder {index:3;}">
                    <Coords points="610,1494 610,1554 817,1554 817,1494"/>
                    <TextEquiv>
                        <Unicode>Honorarium</Unicode>
                    </TextEquiv>
                </Word>
                <Word id="r_10_tl_25_w5" custom="readingOrder {index:4;}">
                    <Coords points="867,1494 867,1554 997,1554 997,1494"/>
                    <TextEquiv>
                        <Unicode>dadurch</Unicode>
                    </TextEquiv>
                </Word>
                <Word id="r_10_tl_25_w6" custom="readingOrder {index:5;}">
                    <Coords points="1031,1491 1031,1551 1057,1551 1057,1491"/>
                    <TextEquiv>
                        <Unicode>zu</Unicode>
                    </TextEquiv>
                </Word>
                <Word id="r_10_tl_25_w7" custom="readingOrder {index:6;}">
                    <Coords points="1091,1488 1091,1548 1144,1548 1144,1488"/>
                    <TextEquiv>
                        <Unicode>be¬</Unicode>
                    </TextEquiv>
                </Word>
                <TextEquiv>
                    <Unicode>Wechselbrief, um sein Honorarium dadurch zu be¬</Unicode>
                </TextEquiv>
            </TextLine>
            <TextLine id="r_10_tl_26" custom="readingOrder {index:25;}">
                <Coords points="153,1613 1145,1590 1130,1535 153,1560"/>
                <Baseline points="167,1600 208,1597 253,1594 298,1594 343,1591 388,1588 432,1588 477,1588 522,1588 567,1585 612,1585 656,1582 701,1582 746,1582 791,1582 835,1579 880,1582 925,1582 970,1579 1015,1579 1059,1579 1104,1579 1149,1576"/>
                <Word id="r_10_tl_26_w1" custom="readingOrder {index:0;}">
                    <Coords points="158,1556 158,1616 287,1616 287,1556"/>
                    <TextEquiv>
                        <Unicode>zahlen.</Unicode>
                    </TextEquiv>
                </Word>
                <Word id="r_10_tl_26_w2" custom="readingOrder {index:1;}">
                    <Coords points="355,1548 355,1608 474,1608 474,1548"/>
                    <TextEquiv>
                        <Unicode>Dieser</Unicode>
                    </TextEquiv>
                </Word>
                <Word id="r_10_tl_26_w3" custom="readingOrder {index:2;}">
                    <Coords points="506,1546 506,1606 572,1606 572,1546"/>
                    <TextEquiv>
                        <Unicode>war</Unicode>
                    </TextEquiv>
                </Word>
                <Word id="r_10_tl_26_w4" custom="readingOrder {index:3;}">
                    <Coords points="604,1543 604,1603 666,1603 666,1543"/>
                    <TextEquiv>
                        <Unicode>mit</Unicode>
                    </TextEquiv>
                </Word>
                <Word id="r_10_tl_26_w5" custom="readingOrder {index:4;}">
                    <Coords points="693,1542 693,1602 780,1602 780,1542"/>
                    <TextEquiv>
                        <Unicode>einem</Unicode>
                    </TextEquiv>
                </Word>
                <Word id="r_10_tl_26_w6" custom="readingOrder {index:5;}">
                    <Coords points="832,1542 832,1602 951,1602 951,1542"/>
                    <TextEquiv>
                        <Unicode>Briefe</Unicode>
                    </TextEquiv>
                </Word>
                <Word id="r_10_tl_26_w7" custom="readingOrder {index:6;}">
                    <Coords points="983,1539 983,1599 1143,1599 1143,1539"/>
                    <TextEquiv>
                        <Unicode>begleitet,</Unicode>
                    </TextEquiv>
                </Word>
                <TextEquiv>
                    <Unicode>zahlen. Dieser war mit einem Briefe begleitet,</Unicode>
                </TextEquiv>
            </TextLine>
            <TextLine id="r_10_tl_27" custom="readingOrder {index:26;}">
                <Coords points="146,1656 1140,1646 1140,1588 971,1580 146,1618"/>
                <Baseline points="161,1642 206,1642 250,1642 295,1642 340,1642 385,1639 429,1639 474,1639 519,1636 564,1636 609,1633 653,1633 698,1630 743,1630 788,1630 832,1630 877,1630 922,1630 967,1627 1012,1630 1056,1630 1101,1627 1146,1624"/>
                <Word id="r_10_tl_27_w1" custom="readingOrder {index:0;}">
                    <Coords points="152,1602 152,1662 315,1662 315,1602"/>
                    <TextEquiv>
                        <Unicode>worinnen</Unicode>
                    </TextEquiv>
                </Word>
                <Word id="r_10_tl_27_w2" custom="readingOrder {index:1;}">
                    <Coords points="349,1599 349,1659 441,1659 441,1599"/>
                    <TextEquiv>
                        <Unicode>dieser</Unicode>
                    </TextEquiv>
                </Word>
                <Word id="r_10_tl_27_w3" custom="readingOrder {index:2;}">
                    <Coords points="469,1596 469,1656 568,1656 568,1596"/>
                    <TextEquiv>
                        <Unicode>große</Unicode>
                    </TextEquiv>
                </Word>
                <Word id="r_10_tl_27_w4" custom="readingOrder {index:3;}">
                    <Coords points="590,1592 590,1652 721,1652 721,1592"/>
                    <TextEquiv>
                        <Unicode>Dichter</Unicode>
                    </TextEquiv>
                </Word>
                <Word id="r_10_tl_27_w5" custom="readingOrder {index:4;}">
                    <Coords points="755,1590 755,1650 934,1650 934,1590"/>
                    <TextEquiv>
                        <Unicode>berichtete,</Unicode>
                    </TextEquiv>
                </Word>
                <Word id="r_10_tl_27_w6" custom="readingOrder {index:5;}">
                    <Coords points="974,1589 974,1649 1033,1649 1033,1589"/>
                    <TextEquiv>
                        <Unicode>daß</Unicode>
                    </TextEquiv>
                </Word>
                <Word id="r_10_tl_27_w7" custom="readingOrder {index:6;}">
                    <Coords points="1067,1586 1067,1646 1137,1646 1137,1586"/>
                    <TextEquiv>
                        <Unicode>noch</Unicode>
                    </TextEquiv>
                </Word>
                <TextEquiv>
                    <Unicode>worinnen dieser große Dichter berichtete, daß noch</Unicode>
                </TextEquiv>
            </TextLine>
            <TextLine id="r_10_tl_28" custom="readingOrder {index:27;}">
                <Coords points="159,1716 1092,1701 1142,1688 1145,1648 161,1661"/>
                <Baseline points="173,1695 211,1695 256,1692 301,1692 346,1689 391,1689 435,1689 480,1689 525,1686 570,1686 615,1683 659,1683 704,1683 749,1683 794,1683 838,1680 883,1680 928,1680 973,1680 1018,1680 1062,1680 1107,1677 1152,1677"/>
                <Word id="r_10_tl_28_w1" custom="readingOrder {index:0;}">
                    <Coords points="160,1655 160,1715 176,1715 176,1655"/>
                    <TextEquiv>
                        <Unicode>3</Unicode>
                    </TextEquiv>
                </Word>
                <Word id="r_10_tl_28_w2" custom="readingOrder {index:1;}">
                    <Coords points="199,1652 199,1712 295,1712 295,1652"/>
                    <TextEquiv>
                        <Unicode>andre</Unicode>
                    </TextEquiv>
                </Word>
                <Word id="r_10_tl_28_w3" custom="readingOrder {index:2;}">
                    <Coords points="318,1649 318,1709 477,1709 477,1649"/>
                    <TextEquiv>
                        <Unicode>Personen</Unicode>
                    </TextEquiv>
                </Word>
                <Word id="r_10_tl_28_w4" custom="readingOrder {index:3;}">
                    <Coords points="517,1646 517,1706 568,1706 568,1646"/>
                    <TextEquiv>
                        <Unicode>das</Unicode>
                    </TextEquiv>
                </Word>
                <Word id="r_10_tl_28_w5" custom="readingOrder {index:4;}">
                    <Coords points="597,1643 597,1703 721,1703 721,1643"/>
                    <TextEquiv>
                        <Unicode>Ihrige</Unicode>
                    </TextEquiv>
                </Word>
                <Word id="r_10_tl_28_w6" custom="readingOrder {index:5;}">
                    <Coords points="750,1643 750,1703 784,1703 784,1643"/>
                    <TextEquiv>
                        <Unicode>zu</Unicode>
                    </TextEquiv>
                </Word>
                <Word id="r_10_tl_28_w7" custom="readingOrder {index:6;}">
                    <Coords points="813,1640 813,1700 909,1700 909,1640"/>
                    <TextEquiv>
                        <Unicode>dieser</Unicode>
                    </TextEquiv>
                </Word>
                <Word id="r_10_tl_28_w8" custom="readingOrder {index:7;}">
                    <Coords points="938,1640 938,1700 1136,1700 1136,1640"/>
                    <TextEquiv>
                        <Unicode>freygebigen</Unicode>
                    </TextEquiv>
                </Word>
                <TextEquiv>
                    <Unicode>3 andre Personen das Ihrige zu dieser freygebigen</Unicode>
                </TextEquiv>
            </TextLine>
            <TextLine id="r_10_tl_29" custom="readingOrder {index:28;}">
                <Coords points="153,1749 1145,1741 1145,1686 153,1711"/>
                <Baseline points="167,1743 211,1743 256,1743 301,1743 346,1737 391,1740 435,1737 480,1740 525,1737 570,1737 615,1737 659,1734 704,1734 749,1731 794,1731 838,1731 883,1731 928,1734 973,1731 1018,1731 1062,1728 1107,1728 1152,1728"/>
                <Word id="r_10_tl_29_w1" custom="readingOrder {index:0;}">
                    <Coords points="159,1703 159,1763 337,1763 337,1703"/>
                    <TextEquiv>
                        <Unicode>Handlung</Unicode>
                    </TextEquiv>
                </Word>
                <Word id="r_10_tl_29_w2" custom="readingOrder {index:1;}">
                    <Coords points="366,1699 366,1759 593,1759 593,1699"/>
                    <TextEquiv>
                        <Unicode>beygetragen.</Unicode>
                    </TextEquiv>
                </Word>
                <Word id="r_10_tl_29_w3" custom="readingOrder {index:2;}">
                    <Coords points="643,1694 643,1754 729,1754 729,1694"/>
                    <TextEquiv>
                        <Unicode>Man</Unicode>
                    </TextEquiv>
                </Word>
                <Word id="r_10_tl_29_w4" custom="readingOrder {index:3;}">
                    <Coords points="768,1691 768,1751 946,1751 946,1691"/>
                    <TextEquiv>
                        <Unicode>versichert,</Unicode>
                    </TextEquiv>
                </Word>
                <Word id="r_10_tl_29_w5" custom="readingOrder {index:4;}">
                    <Coords points="975,1691 975,1751 1028,1751 1028,1691"/>
                    <TextEquiv>
                        <Unicode>daß</Unicode>
                    </TextEquiv>
                </Word>
                <Word id="r_10_tl_29_w6" custom="readingOrder {index:5;}">
                    <Coords points="1056,1688 1056,1748 1142,1748 1142,1688"/>
                    <TextEquiv>
                        <Unicode>Herr</Unicode>
                    </TextEquiv>
                </Word>
                <TextEquiv>
                    <Unicode>Handlung beygetragen. Man versichert, daß Herr</Unicode>
                </TextEquiv>
            </TextLine>
            <TextLine id="r_10_tl_30" custom="readingOrder {index:29;}">
                <Coords points="164,1812 1145,1789 1127,1739 166,1754"/>
                <Baseline points="179,1791 208,1794 253,1794 298,1791 343,1791 388,1791 432,1788 477,1788 522,1788 567,1785 612,1785 656,1785 701,1785 746,1785 791,1785 835,1785 880,1785 925,1785 970,1782 1015,1782 1059,1782 1104,1779 1149,1779"/>
                <Word id="r_10_tl_30_w1" custom="readingOrder {index:0;}">
                    <Coords points="165,1754 165,1814 327,1814 327,1754"/>
                    <TextEquiv>
                        <Unicode>Moriette</Unicode>
                    </TextEquiv>
                </Word>
                <Word id="r_10_tl_30_w2" custom="readingOrder {index:1;}">
                    <Coords points="351,1750 351,1810 450,1810 450,1750"/>
                    <TextEquiv>
                        <Unicode>diesen</Unicode>
                    </TextEquiv>
                </Word>
                <Word id="r_10_tl_30_w3" custom="readingOrder {index:2;}">
                    <Coords points="479,1746 479,1806 624,1806 624,1746"/>
                    <TextEquiv>
                        <Unicode>Wechsel</Unicode>
                    </TextEquiv>
                </Word>
                <Word id="r_10_tl_30_w4" custom="readingOrder {index:3;}">
                    <Coords points="642,1745 642,1805 851,1805 851,1745"/>
                    <TextEquiv>
                        <Unicode>großmüthig</Unicode>
                    </TextEquiv>
                </Word>
                <Word id="r_10_tl_30_w5" custom="readingOrder {index:4;}">
                    <Coords points="881,1742 881,1802 1147,1802 1147,1742"/>
                    <TextEquiv>
                        <Unicode>zurückgeschickt,</Unicode>
                    </TextEquiv>
                </Word>
                <TextEquiv>
                    <Unicode>Moriette diesen Wechsel großmüthig zurückgeschickt,</Unicode>
                </TextEquiv>
            </TextLine>
            <TextLine id="r_10_tl_31" custom="readingOrder {index:30;}">
                <Coords points="153,1844 1152,1837 1152,1794 1092,1787 153,1807"/>
                <Baseline points="167,1839 173,1839 217,1839 262,1839 307,1839 352,1839 397,1839 441,1836 486,1833 531,1836 576,1833 620,1836 665,1833 710,1833 755,1830 800,1830 844,1830 889,1830 934,1827 979,1830 1024,1830 1068,1827 1113,1827 1158,1827"/>
                <Word id="r_10_tl_31_w1" custom="readingOrder {index:0;}">
                    <Coords points="158,1799 158,1859 216,1859 216,1799"/>
                    <TextEquiv>
                        <Unicode>und</Unicode>
                    </TextEquiv>
                </Word>
                <Word id="r_10_tl_31_w2" custom="readingOrder {index:1;}">
                    <Coords points="243,1799 243,1859 297,1859 297,1799"/>
                    <TextEquiv>
                        <Unicode>den</Unicode>
                    </TextEquiv>
                </Word>
                <Word id="r_10_tl_31_w3" custom="readingOrder {index:2;}">
                    <Coords points="324,1799 324,1859 413,1859 413,1799"/>
                    <TextEquiv>
                        <Unicode>Hrn.</Unicode>
                    </TextEquiv>
                </Word>
                <Word id="r_10_tl_31_w4" custom="readingOrder {index:3;}">
                    <Coords points="430,1794 430,1854 483,1854 483,1794"/>
                    <TextEquiv>
                        <Unicode>von</Unicode>
                    </TextEquiv>
                </Word>
                <Word id="r_10_tl_31_w5" custom="readingOrder {index:4;}">
                    <Coords points="510,1793 510,1853 659,1853 659,1793"/>
                    <TextEquiv>
                        <Unicode>Voltaire</Unicode>
                    </TextEquiv>
                </Word>
                <Word id="r_10_tl_31_w6" custom="readingOrder {index:5;}">
                    <Coords points="681,1790 681,1850 814,1850 814,1790"/>
                    <TextEquiv>
                        <Unicode>zugleich</Unicode>
                    </TextEquiv>
                </Word>
                <Word id="r_10_tl_31_w7" custom="readingOrder {index:6;}">
                    <Coords points="841,1790 841,1850 926,1850 926,1790"/>
                    <TextEquiv>
                        <Unicode>durch</Unicode>
                    </TextEquiv>
                </Word>
                <Word id="r_10_tl_31_w8" custom="readingOrder {index:7;}">
                    <Coords points="953,1789 953,1849 995,1849 995,1789"/>
                    <TextEquiv>
                        <Unicode>ein</Unicode>
                    </TextEquiv>
                </Word>
                <Word id="r_10_tl_31_w9" custom="readingOrder {index:8;}">
                    <Coords points="1023,1787 1023,1847 1155,1847 1155,1787"/>
                    <TextEquiv>
                        <Unicode>Schrei¬</Unicode>
                    </TextEquiv>
                </Word>
                <TextEquiv>
                    <Unicode>und den Hrn. von Voltaire zugleich durch ein Schrei¬</Unicode>
                </TextEquiv>
            </TextLine>
            <TextLine id="r_10_tl_32" custom="readingOrder {index:31;}">
                <Coords points="156,1890 1147,1887 1130,1834 156,1847"/>
                <Baseline points="170,1883 211,1886 256,1883 301,1883 346,1880 391,1880 435,1880 480,1880 525,1877 570,1877 615,1874 659,1874 704,1871 749,1871 794,1871 838,1868 883,1868 928,1868 973,1868 1018,1871 1062,1868 1107,1871 1152,1868"/>
                <Word id="r_10_tl_32_w1" custom="readingOrder {index:0;}">
                    <Coords points="160,1844 160,1904 212,1904 212,1844"/>
                    <TextEquiv>
                        <Unicode>ben</Unicode>
                    </TextEquiv>
                </Word>
                <Word id="r_10_tl_32_w2" custom="readingOrder {index:1;}">
                    <Coords points="246,1840 246,1900 424,1900 424,1840"/>
                    <TextEquiv>
                        <Unicode>gemeldet,</Unicode>
                    </TextEquiv>
                </Word>
                <Word id="r_10_tl_32_w3" custom="readingOrder {index:2;}">
                    <Coords points="463,1839 463,1899 520,1899 520,1839"/>
                    <TextEquiv>
                        <Unicode>daß</Unicode>
                    </TextEquiv>
                </Word>
                <Word id="r_10_tl_32_w4" custom="readingOrder {index:3;}">
                    <Coords points="559,1836 559,1896 588,1896 588,1836"/>
                    <TextEquiv>
                        <Unicode>er</Unicode>
                    </TextEquiv>
                </Word>
                <Word id="r_10_tl_32_w5" custom="readingOrder {index:4;}">
                    <Coords points="617,1834 617,1894 698,1894 698,1834"/>
                    <TextEquiv>
                        <Unicode>seine</Unicode>
                    </TextEquiv>
                </Word>
                <Word id="r_10_tl_32_w6" custom="readingOrder {index:5;}">
                    <Coords points="723,1831 723,1891 838,1891 838,1831"/>
                    <TextEquiv>
                        <Unicode>Arbeit</Unicode>
                    </TextEquiv>
                </Word>
                <Word id="r_10_tl_32_w7" custom="readingOrder {index:6;}">
                    <Coords points="868,1828 868,1888 920,1888 920,1828"/>
                    <TextEquiv>
                        <Unicode>vor</Unicode>
                    </TextEquiv>
                </Word>
                <Word id="r_10_tl_32_w8" custom="readingOrder {index:7;}">
                    <Coords points="949,1829 949,1889 1141,1889 1141,1829"/>
                    <TextEquiv>
                        <Unicode>hinlänglich</Unicode>
                    </TextEquiv>
                </Word>
                <TextEquiv>
                    <Unicode>ben gemeldet, daß er seine Arbeit vor hinlänglich</Unicode>
                </TextEquiv>
            </TextLine>
            <TextLine id="r_10_tl_33" custom="readingOrder {index:32;}">
                <Coords points="156,1950 1157,1922 1127,1877 159,1892"/>
                <Baseline points="170,1931 179,1931 223,1931 268,1928 313,1928 358,1925 403,1925 447,1925 492,1922 537,1919 582,1919 626,1916 671,1916 716,1916 761,1913 806,1913 850,1913 895,1913 940,1913 985,1910 1030,1913 1074,1910 1119,1910 1164,1910"/>
                <Word id="r_10_tl_33_w1" custom="readingOrder {index:0;}">
                    <Coords points="160,1890 160,1950 294,1950 294,1890"/>
                    <TextEquiv>
                        <Unicode>belohnt</Unicode>
                    </TextEquiv>
                </Word>
                <Word id="r_10_tl_33_w2" custom="readingOrder {index:1;}">
                    <Coords points="314,1885 314,1945 419,1945 419,1885"/>
                    <TextEquiv>
                        <Unicode>halte,</Unicode>
                    </TextEquiv>
                </Word>
                <Word id="r_10_tl_33_w3" custom="readingOrder {index:2;}">
                    <Coords points="444,1882 444,1942 520,1942 520,1882"/>
                    <TextEquiv>
                        <Unicode>weil</Unicode>
                    </TextEquiv>
                </Word>
                <Word id="r_10_tl_33_w4" custom="readingOrder {index:3;}">
                    <Coords points="545,1879 545,1939 573,1939 573,1879"/>
                    <TextEquiv>
                        <Unicode>er</Unicode>
                    </TextEquiv>
                </Word>
                <Word id="r_10_tl_33_w5" custom="readingOrder {index:4;}">
                    <Coords points="608,1876 608,1936 660,1936 660,1876"/>
                    <TextEquiv>
                        <Unicode>das</Unicode>
                    </TextEquiv>
                </Word>
                <Word id="r_10_tl_33_w6" custom="readingOrder {index:5;}">
                    <Coords points="694,1873 694,1933 973,1933 973,1873"/>
                    <TextEquiv>
                        <Unicode>unausdrückliche</Unicode>
                    </TextEquiv>
                </Word>
                <Word id="r_10_tl_33_w7" custom="readingOrder {index:6;}">
                    <Coords points="998,1870 998,1930 1151,1930 1151,1870"/>
                    <TextEquiv>
                        <Unicode>Vergnü¬</Unicode>
                    </TextEquiv>
                </Word>
                <TextEquiv>
                    <Unicode>belohnt halte, weil er das unausdrückliche Vergnü¬</Unicode>
                </TextEquiv>
            </TextLine>
            <TextLine id="r_10_tl_34" custom="readingOrder {index:33;}">
                <Coords points="156,1993 1107,1975 1152,1968 1155,1922 156,1948"/>
                <Baseline points="170,1982 173,1982 217,1979 262,1979 307,1979 352,1976 397,1973 441,1973 486,1970 531,1967 576,1964 620,1964 665,1961 710,1961 755,1958 800,1958 844,1958 889,1955 934,1958 979,1955 1024,1958 1068,1955 1113,1955 1158,1958"/>
                <Word id="r_10_tl_34_w1" custom="readingOrder {index:0;}">
                    <Coords points="162,1941 162,2001 213,2001 213,1941"/>
                    <TextEquiv>
                        <Unicode>gen</Unicode>
                    </TextEquiv>
                </Word>
                <Word id="r_10_tl_34_w2" custom="readingOrder {index:1;}">
                    <Coords points="242,1938 242,1998 400,1998 400,1938"/>
                    <TextEquiv>
                        <Unicode>genossen,</Unicode>
                    </TextEquiv>
                </Word>
                <Word id="r_10_tl_34_w3" custom="readingOrder {index:2;}">
                    <Coords points="424,1932 424,1992 475,1992 475,1932"/>
                    <TextEquiv>
                        <Unicode>die</Unicode>
                    </TextEquiv>
                </Word>
                <Word id="r_10_tl_34_w4" custom="readingOrder {index:3;}">
                    <Coords points="498,1924 498,1984 645,1984 645,1924"/>
                    <TextEquiv>
                        <Unicode>Unschuld</Unicode>
                    </TextEquiv>
                </Word>
                <Word id="r_10_tl_34_w5" custom="readingOrder {index:4;}">
                    <Coords points="674,1918 674,1978 867,1978 867,1918"/>
                    <TextEquiv>
                        <Unicode>vertheidigt</Unicode>
                    </TextEquiv>
                </Word>
                <Word id="r_10_tl_34_w6" custom="readingOrder {index:5;}">
                    <Coords points="885,1916 885,1976 941,1976 941,1916"/>
                    <TextEquiv>
                        <Unicode>und</Unicode>
                    </TextEquiv>
                </Word>
                <Word id="r_10_tl_34_w7" custom="readingOrder {index:6;}">
                    <Coords points="970,1917 970,1977 1089,1977 1089,1917"/>
                    <TextEquiv>
                        <Unicode>gerächt</Unicode>
                    </TextEquiv>
                </Word>
                <Word id="r_10_tl_34_w8" custom="readingOrder {index:7;}">
                    <Coords points="1113,1915 1113,1975 1140,1975 1140,1915"/>
                    <TextEquiv>
                        <Unicode>zu</Unicode>
                    </TextEquiv>
                </Word>
                <TextEquiv>
                    <Unicode>gen genossen, die Unschuld vertheidigt und gerächt zu</Unicode>
                </TextEquiv>
            </TextLine>
            <TextLine id="r_10_tl_35" custom="readingOrder {index:34;}">
                <Coords points="153,2036 1120,2021 1150,2018 1152,1965 153,1993"/>
                <Baseline points="167,2021 170,2024 214,2024 259,2024 304,2024 349,2018 394,2018 438,2015 483,2015 528,2009 573,2009 618,2006 662,2006 707,2006 752,2000 797,2003 841,2003 886,2000 931,2000 976,2000 1021,2000 1065,2000 1110,2003 1155,2000"/>
                <Word id="r_10_tl_35_w1" custom="readingOrder {index:0;}">
                    <Coords points="154,1984 154,2044 281,2044 281,1984"/>
                    <TextEquiv>
                        <Unicode>haben.</Unicode>
                    </TextEquiv>
                </Word>
                <Word id="r_10_tl_35_w2" custom="readingOrder {index:1;}">
                    <Coords points="349,1978 349,2038 427,2038 427,1978"/>
                    <TextEquiv>
                        <Unicode>Den</Unicode>
                    </TextEquiv>
                </Word>
                <Word id="r_10_tl_35_w3" custom="readingOrder {index:2;}">
                    <Coords points="467,1970 467,2030 572,2030 572,1970"/>
                    <TextEquiv>
                        <Unicode>23sten</Unicode>
                    </TextEquiv>
                </Word>
                <Word id="r_10_tl_35_w4" custom="readingOrder {index:3;}">
                    <Coords points="624,1966 624,2026 718,2026 718,1966"/>
                    <TextEquiv>
                        <Unicode>dieses</Unicode>
                    </TextEquiv>
                </Word>
                <Word id="r_10_tl_35_w5" custom="readingOrder {index:4;}">
                    <Coords points="758,1963 758,2023 836,2023 836,1963"/>
                    <TextEquiv>
                        <Unicode>starb</Unicode>
                    </TextEquiv>
                </Word>
                <Word id="r_10_tl_35_w6" custom="readingOrder {index:5;}">
                    <Coords points="876,1960 876,2020 925,2020 925,1960"/>
                    <TextEquiv>
                        <Unicode>der</Unicode>
                    </TextEquiv>
                </Word>
                <Word id="r_10_tl_35_w7" custom="readingOrder {index:6;}">
                    <Coords points="960,1960 960,2020 1143,2020 1143,1960"/>
                    <TextEquiv>
                        <Unicode>Canonicus</Unicode>
                    </TextEquiv>
                </Word>
                <TextEquiv>
                    <Unicode>haben. Den 23sten dieses starb der Canonicus</Unicode>
                </TextEquiv>
            </TextLine>
            <TextLine id="r_10_tl_36" custom="readingOrder {index:35;}">
                <Coords points="153,2083 2164,2073 2164,2026 1774,2013 153,2036"/>
                <Baseline points="167,2071 179,2071 223,2074 268,2071 313,2065 358,2063 403,2063 447,2060 492,2057 537,2054 582,2054 626,2051 671,2051 716,2048 761,2048 806,2048 850,2048 895,2048 940,2048 985,2048 1030,2048 1074,2048 1119,2048 1164,2048 1182,2048 1227,2048 1271,2048 1316,2048 1361,2048 1406,2051 1450,2051 1495,2051 1540,2051 1585,2054 1630,2054 1674,2054 1719,2054 1764,2054 1809,2054 1854,2054 1898,2054 1943,2057 1988,2057 2033,2057 2077,2057 2122,2057 2167,2060 2170,2060"/>
                <Word id="r_10_tl_36_w1" custom="readingOrder {index:0;}">
                    <Coords points="164,2031 164,2091 345,2091 345,2031"/>
                    <TextEquiv>
                        <Unicode>Keautaris</Unicode>
                    </TextEquiv>
                </Word>
                <Word id="r_10_tl_36_w2" custom="readingOrder {index:1;}">
                    <Coords points="367,2023 367,2083 422,2083 422,2023"/>
                    <TextEquiv>
                        <Unicode>von</Unicode>
                    </TextEquiv>
                </Word>
                <Word id="r_10_tl_36_w3" custom="readingOrder {index:2;}">
                    <Coords points="451,2018 451,2078 493,2078 493,2018"/>
                    <TextEquiv>
                        <Unicode>der</Unicode>
                    </TextEquiv>
                </Word>
                <Word id="r_10_tl_36_w4" custom="readingOrder {index:3;}">
                    <Coords points="515,2011 515,2071 745,2071 745,2011"/>
                    <TextEquiv>
                        <Unicode>Congregation</Unicode>
                    </TextEquiv>
                </Word>
                <Word id="r_10_tl_36_w5" custom="readingOrder {index:4;}">
                    <Coords points="774,2008 774,2068 802,2068 802,2008"/>
                    <TextEquiv>
                        <Unicode>de</Unicode>
                    </TextEquiv>
                </Word>
                <Word id="r_10_tl_36_w6" custom="readingOrder {index:5;}">
                    <Coords points="824,2008 824,2068 935,2068 935,2008"/>
                    <TextEquiv>
                        <Unicode>France</Unicode>
                    </TextEquiv>
                </Word>
                <Word id="r_10_tl_36_w7" custom="readingOrder {index:6;}">
                    <Coords points="957,2008 957,2068 1012,2068 1012,2008"/>
                    <TextEquiv>
                        <Unicode>und</Unicode>
                    </TextEquiv>
                </Word>
                <Word id="r_10_tl_36_w8" custom="readingOrder {index:7;}">
                    <Coords points="1041,2008 1041,2068 1146,2068 1146,2008"/>
                    <TextEquiv>
                        <Unicode>Kanz=</Unicode>
                    </TextEquiv>
                </Word>
                <Word id="r_10_tl_36_w9" custom="readingOrder {index:8;}">
                    <Coords points="1183,2008 1183,2068 1315,2068 1315,2008"/>
                    <TextEquiv>
                        <Unicode>wohner</Unicode>
                    </TextEquiv>
                </Word>
                <Word id="r_10_tl_36_w10" custom="readingOrder {index:9;}">
                    <Coords points="1337,2008 1337,2068 1385,2068 1385,2008"/>
                    <TextEquiv>
                        <Unicode>des</Unicode>
                    </TextEquiv>
                </Word>
                <Word id="r_10_tl_36_w11" custom="readingOrder {index:10;}">
                    <Coords points="1414,2011 1414,2071 1603,2071 1603,2011"/>
                    <TextEquiv>
                        <Unicode>Kirchspiels</Unicode>
                    </TextEquiv>
                </Word>
                <Word id="r_10_tl_36_w12" custom="readingOrder {index:11;}">
                    <Coords points="1625,2014 1625,2074 1694,2074 1694,2014"/>
                    <TextEquiv>
                        <Unicode>eine</Unicode>
                    </TextEquiv>
                </Word>
                <Word id="r_10_tl_36_w13" custom="readingOrder {index:12;}">
                    <Coords points="1709,2014 1709,2074 1996,2074 1996,2014"/>
                    <TextEquiv>
                        <Unicode>Zusammenkunft</Unicode>
                    </TextEquiv>
                </Word>
                <Word id="r_10_tl_36_w14" custom="readingOrder {index:13;}">
                    <Coords points="2011,2017 2011,2077 2165,2077 2165,2017"/>
                    <TextEquiv>
                        <Unicode>angestel¬</Unicode>
                    </TextEquiv>
                </Word>
                <TextEquiv>
                    <Unicode>Keautaris von der Congregation de France und Kanz= wohner des Kirchspiels eine Zusammenkunft angestel¬</Unicode>
                </TextEquiv>
            </TextLine>
            <TextLine id="r_10_tl_37" custom="readingOrder {index:36;}">
                <Coords points="153,2134 1062,2114 1150,2104 1152,2068 153,2083"/>
                <Baseline points="167,2119 170,2119 214,2116 259,2113 304,2113 349,2110 394,2107 438,2104 483,2104 528,2101 573,2098 618,2098 662,2098 707,2095 752,2095 797,2095 841,2095 886,2095 931,2095 976,2095 1021,2095 1065,2098 1110,2095 1155,2095"/>
                <Word id="r_10_tl_37_w1" custom="readingOrder {index:0;}">
                    <Coords points="160,2078 160,2138 199,2138 199,2078"/>
                    <TextEquiv>
                        <Unicode>ler</Unicode>
                    </TextEquiv>
                </Word>
                <Word id="r_10_tl_37_w2" custom="readingOrder {index:1;}">
                    <Coords points="228,2073 228,2133 273,2133 273,2073"/>
                    <TextEquiv>
                        <Unicode>der</Unicode>
                    </TextEquiv>
                </Word>
                <Word id="r_10_tl_37_w3" custom="readingOrder {index:2;}">
                    <Coords points="302,2068 302,2128 439,2128 439,2068"/>
                    <TextEquiv>
                        <Unicode>Königl.</Unicode>
                    </TextEquiv>
                </Word>
                <Word id="r_10_tl_37_w4" custom="readingOrder {index:3;}">
                    <Coords points="457,2062 457,2122 554,2122 554,2062"/>
                    <TextEquiv>
                        <Unicode>Abtey</Unicode>
                    </TextEquiv>
                </Word>
                <Word id="r_10_tl_37_w5" custom="readingOrder {index:4;}">
                    <Coords points="589,2058 589,2118 640,2118 640,2058"/>
                    <TextEquiv>
                        <Unicode>der</Unicode>
                    </TextEquiv>
                </Word>
                <Word id="r_10_tl_37_w6" custom="readingOrder {index:5;}">
                    <Coords points="669,2056 669,2116 714,2116 714,2056"/>
                    <TextEquiv>
                        <Unicode>H.</Unicode>
                    </TextEquiv>
                </Word>
                <Word id="r_10_tl_37_w7" custom="readingOrder {index:6;}">
                    <Coords points="743,2055 743,2115 943,2115 943,2055"/>
                    <TextEquiv>
                        <Unicode>Genoveva,</Unicode>
                    </TextEquiv>
                </Word>
                <Word id="r_10_tl_37_w8" custom="readingOrder {index:7;}">
                    <Coords points="984,2055 984,2115 1057,2115 1057,2055"/>
                    <TextEquiv>
                        <Unicode>Hr.</Unicode>
                    </TextEquiv>
                </Word>
                <Word id="r_10_tl_37_w9" custom="readingOrder {index:8;}">
                    <Coords points="1081,2055 1081,2115 1149,2115 1149,2055"/>
                    <TextEquiv>
                        <Unicode>Jo¬</Unicode>
                    </TextEquiv>
                </Word>
                <TextEquiv>
                    <Unicode>ler der Königl. Abtey der H. Genoveva, Hr. Jo¬</Unicode>
                </TextEquiv>
            </TextLine>
            <TextLine id="r_10_tl_38" custom="readingOrder {index:37;}">
                <Coords points="156,2177 1147,2154 1117,2104 156,2131"/>
                <Baseline points="170,2167 211,2161 256,2158 301,2155 346,2155 391,2155 435,2149 480,2149 525,2149 570,2146 615,2149 659,2146 704,2146 749,2146 794,2146 838,2146 883,2143 928,2146 973,2146 1018,2143 1062,2143 1107,2140 1152,2140"/>
                <Word id="r_10_tl_38_w1" custom="readingOrder {index:0;}">
                    <Coords points="163,2123 163,2183 228,2183 228,2123"/>
                    <TextEquiv>
                        <Unicode>seph</Unicode>
                    </TextEquiv>
                </Word>
                <Word id="r_10_tl_38_w2" custom="readingOrder {index:1;}">
                    <Coords points="264,2115 264,2175 406,2175 406,2115"/>
                    <TextEquiv>
                        <Unicode>Barre,</Unicode>
                    </TextEquiv>
                </Word>
                <Word id="r_10_tl_38_w3" custom="readingOrder {index:2;}">
                    <Coords points="443,2109 443,2169 495,2169 495,2109"/>
                    <TextEquiv>
                        <Unicode>der</Unicode>
                    </TextEquiv>
                </Word>
                <Word id="r_10_tl_38_w4" custom="readingOrder {index:3;}">
                    <Coords points="526,2107 526,2167 572,2167 572,2107"/>
                    <TextEquiv>
                        <Unicode>sich</Unicode>
                    </TextEquiv>
                </Word>
                <Word id="r_10_tl_38_w5" custom="readingOrder {index:4;}">
                    <Coords points="603,2106 603,2166 828,2166 828,2106"/>
                    <TextEquiv>
                        <Unicode>insonderheit</Unicode>
                    </TextEquiv>
                </Word>
                <Word id="r_10_tl_38_w6" custom="readingOrder {index:5;}">
                    <Coords points="853,2103 853,2163 941,2163 941,2103"/>
                    <TextEquiv>
                        <Unicode>durch</Unicode>
                    </TextEquiv>
                </Word>
                <Word id="r_10_tl_38_w7" custom="readingOrder {index:6;}">
                    <Coords points="972,2103 972,2163 1049,2163 1049,2103"/>
                    <TextEquiv>
                        <Unicode>seine</Unicode>
                    </TextEquiv>
                </Word>
                <Word id="r_10_tl_38_w8" custom="readingOrder {index:7;}">
                    <Coords points="1085,2100 1085,2160 1149,2160 1149,2100"/>
                    <TextEquiv>
                        <Unicode>Ge¬</Unicode>
                    </TextEquiv>
                </Word>
                <TextEquiv>
                    <Unicode>seph Barre, der sich insonderheit durch seine Ge¬</Unicode>
                </TextEquiv>
            </TextLine>
            <TextLine id="r_10_tl_39" custom="readingOrder {index:38;}">
                <Coords points="166,2227 1145,2207 1122,2149 169,2177"/>
                <Baseline points="179,2209 211,2209 256,2206 301,2203 346,2203 391,2200 435,2200 480,2200 525,2200 570,2200 615,2200 659,2197 704,2197 749,2197 794,2197 838,2197 883,2197 928,2197 973,2194 1018,2194 1062,2191 1107,2191 1152,2188"/>
                <Word id="r_10_tl_39_w1" custom="readingOrder {index:0;}">
                    <Coords points="167,2167 167,2227 290,2227 290,2167"/>
                    <TextEquiv>
                        <Unicode>schichte</Unicode>
                    </TextEquiv>
                </Word>
                <Word id="r_10_tl_39_w2" custom="readingOrder {index:1;}">
                    <Coords points="309,2163 309,2223 362,2223 362,2163"/>
                    <TextEquiv>
                        <Unicode>von</Unicode>
                    </TextEquiv>
                </Word>
                <Word id="r_10_tl_39_w3" custom="readingOrder {index:2;}">
                    <Coords points="392,2160 392,2220 605,2220 605,2160"/>
                    <TextEquiv>
                        <Unicode>Deutschland</Unicode>
                    </TextEquiv>
                </Word>
                <Word id="r_10_tl_39_w4" custom="readingOrder {index:3;}">
                    <Coords points="635,2157 635,2217 812,2217 812,2157"/>
                    <TextEquiv>
                        <Unicode>unsterblich</Unicode>
                    </TextEquiv>
                </Word>
                <Word id="r_10_tl_39_w5" custom="readingOrder {index:4;}">
                    <Coords points="848,2157 848,2217 1007,2217 1007,2157"/>
                    <TextEquiv>
                        <Unicode>gemacht,</Unicode>
                    </TextEquiv>
                </Word>
                <Word id="r_10_tl_39_w6" custom="readingOrder {index:5;}">
                    <Coords points="1032,2152 1032,2212 1055,2212 1055,2152"/>
                    <TextEquiv>
                        <Unicode>in</Unicode>
                    </TextEquiv>
                </Word>
                <Word id="r_10_tl_39_w7" custom="readingOrder {index:6;}">
                    <Coords points="1085,2150 1085,2210 1149,2210 1149,2150"/>
                    <TextEquiv>
                        <Unicode>obi=</Unicode>
                    </TextEquiv>
                </Word>
                <TextEquiv>
                    <Unicode>schichte von Deutschland unsterblich gemacht, in obi=</Unicode>
                </TextEquiv>
            </TextLine>
            <TextLine id="r_10_tl_40" custom="readingOrder {index:39;}">
                <Coords points="153,2275 1157,2250 1157,2209 1079,2194 941,2227 830,2199 153,2232"/>
                <Baseline points="167,2263 176,2260 220,2257 265,2257 310,2254 355,2251 400,2251 444,2251 489,2251 534,2254 579,2251 623,2251 668,2248 713,2245 758,2248 803,2248 847,2245 892,2245 937,2242 982,2242 1027,2245 1071,2242 1116,2239 1161,2239"/>
                <Word id="r_10_tl_40_w1" custom="readingOrder {index:0;}">
                    <Coords points="161,2219 161,2279 215,2279 215,2219"/>
                    <TextEquiv>
                        <Unicode>ger</Unicode>
                    </TextEquiv>
                </Word>
                <Word id="r_10_tl_40_w2" custom="readingOrder {index:1;}">
                    <Coords points="240,2215 240,2275 337,2275 337,2215"/>
                    <TextEquiv>
                        <Unicode>Abtey</Unicode>
                    </TextEquiv>
                </Word>
                <Word id="r_10_tl_40_w3" custom="readingOrder {index:2;}">
                    <Coords points="362,2211 362,2271 385,2271 385,2211"/>
                    <TextEquiv>
                        <Unicode>im</Unicode>
                    </TextEquiv>
                </Word>
                <Word id="r_10_tl_40_w4" custom="readingOrder {index:3;}">
                    <Coords points="428,2211 428,2271 531,2271 531,2211"/>
                    <TextEquiv>
                        <Unicode>72sten</Unicode>
                    </TextEquiv>
                </Word>
                <Word id="r_10_tl_40_w5" custom="readingOrder {index:4;}">
                    <Coords points="556,2211 556,2271 665,2271 665,2211"/>
                    <TextEquiv>
                        <Unicode>Jahre</Unicode>
                    </TextEquiv>
                </Word>
                <Word id="r_10_tl_40_w6" custom="readingOrder {index:5;}">
                    <Coords points="691,2206 691,2266 788,2266 788,2206"/>
                    <TextEquiv>
                        <Unicode>seines</Unicode>
                    </TextEquiv>
                </Word>
                <Word id="r_10_tl_40_w7" custom="readingOrder {index:6;}">
                    <Coords points="806,2205 806,2265 928,2265 928,2205"/>
                    <TextEquiv>
                        <Unicode>Alters.</Unicode>
                    </TextEquiv>
                </Word>
                <Word id="r_10_tl_40_w8" custom="readingOrder {index:7;}">
                    <Coords points="953,2203 953,2263 1141,2263 1141,2203"/>
                    <TextEquiv>
                        <Unicode>Ehegestern</Unicode>
                    </TextEquiv>
                </Word>
                <TextEquiv>
                    <Unicode>ger Abtey im 72sten Jahre seines Alters. Ehegestern</Unicode>
                </TextEquiv>
            </TextLine>
            <TextLine id="r_10_tl_41" custom="readingOrder {index:40;}">
                <Coords points="171,2325 1150,2302 1127,2247 171,2270"/>
                <Baseline points="185,2307 214,2307 259,2304 304,2304 349,2301 394,2301 438,2301 483,2301 528,2298 573,2301 618,2298 662,2295 707,2292 752,2295 797,2295 841,2292 886,2292 931,2292 976,2292 1021,2289 1065,2289 1110,2289 1155,2289"/>
                <Word id="r_10_tl_41_w1" custom="readingOrder {index:0;}">
                    <Coords points="171,2267 171,2327 219,2327 219,2267"/>
                    <TextEquiv>
                        <Unicode>fiel</Unicode>
                    </TextEquiv>
                </Word>
                <Word id="r_10_tl_41_w2" custom="readingOrder {index:1;}">
                    <Coords points="242,2264 242,2324 290,2324 290,2264"/>
                    <TextEquiv>
                        <Unicode>der</Unicode>
                    </TextEquiv>
                </Word>
                <Word id="r_10_tl_41_w3" custom="readingOrder {index:2;}">
                    <Coords points="312,2261 312,2321 415,2321 415,2261"/>
                    <TextEquiv>
                        <Unicode>König</Unicode>
                    </TextEquiv>
                </Word>
                <Word id="r_10_tl_41_w4" custom="readingOrder {index:3;}">
                    <Coords points="443,2261 443,2321 496,2321 496,2261"/>
                    <TextEquiv>
                        <Unicode>auf</Unicode>
                    </TextEquiv>
                </Word>
                <Word id="r_10_tl_41_w5" custom="readingOrder {index:4;}">
                    <Coords points="513,2258 513,2318 562,2318 562,2258"/>
                    <TextEquiv>
                        <Unicode>der</Unicode>
                    </TextEquiv>
                </Word>
                <Word id="r_10_tl_41_w6" custom="readingOrder {index:5;}">
                    <Coords points="589,2257 589,2317 675,2317 675,2257"/>
                    <TextEquiv>
                        <Unicode>Jagd</Unicode>
                    </TextEquiv>
                </Word>
                <Word id="r_10_tl_41_w7" custom="readingOrder {index:6;}">
                    <Coords points="703,2253 703,2313 751,2313 751,2253"/>
                    <TextEquiv>
                        <Unicode>vom</Unicode>
                    </TextEquiv>
                </Word>
                <Word id="r_10_tl_41_w8" custom="readingOrder {index:7;}">
                    <Coords points="796,2252 796,2312 936,2312 936,2252"/>
                    <TextEquiv>
                        <Unicode>Pferde,</Unicode>
                    </TextEquiv>
                </Word>
                <Word id="r_10_tl_41_w9" custom="readingOrder {index:8;}">
                    <Coords points="958,2251 958,2311 1017,2311 1017,2251"/>
                    <TextEquiv>
                        <Unicode>und</Unicode>
                    </TextEquiv>
                </Word>
                <Word id="r_10_tl_41_w10" custom="readingOrder {index:9;}">
                    <Coords points="1040,2249 1040,2309 1131,2309 1131,2249"/>
                    <TextEquiv>
                        <Unicode>bekam</Unicode>
                    </TextEquiv>
                </Word>
                <TextEquiv>
                    <Unicode>fiel der König auf der Jagd vom Pferde, und bekam</Unicode>
                </TextEquiv>
            </TextLine>
            <TextLine id="r_10_tl_42" custom="readingOrder {index:41;}">
                <Coords points="161,2363 1155,2345 1132,2297 164,2328"/>
                <Baseline points="176,2355 220,2355 265,2355 310,2355 355,2352 400,2352 444,2352 489,2349 534,2346 579,2346 623,2346 668,2343 713,2343 758,2343 803,2343 847,2343 892,2340 937,2340 982,2340 1027,2337 1071,2337 1116,2334 1161,2337"/>
                <Word id="r_10_tl_42_w1" custom="readingOrder {index:0;}">
                    <Coords points="168,2315 168,2375 237,2375 237,2315"/>
                    <TextEquiv>
                        <Unicode>eine</Unicode>
                    </TextEquiv>
                </Word>
                <Word id="r_10_tl_42_w2" custom="readingOrder {index:1;}">
                    <Coords points="255,2312 255,2372 456,2372 456,2312"/>
                    <TextEquiv>
                        <Unicode>Quetschung</Unicode>
                    </TextEquiv>
                </Word>
                <Word id="r_10_tl_42_w3" custom="readingOrder {index:2;}">
                    <Coords points="480,2308 480,2368 509,2368 509,2308"/>
                    <TextEquiv>
                        <Unicode>an</Unicode>
                    </TextEquiv>
                </Word>
                <Word id="r_10_tl_42_w4" custom="readingOrder {index:3;}">
                    <Coords points="544,2306 544,2366 590,2366 590,2306"/>
                    <TextEquiv>
                        <Unicode>der</Unicode>
                    </TextEquiv>
                </Word>
                <Word id="r_10_tl_42_w5" custom="readingOrder {index:4;}">
                    <Coords points="613,2303 613,2363 741,2363 741,2303"/>
                    <TextEquiv>
                        <Unicode>Hüfte,</Unicode>
                    </TextEquiv>
                </Word>
                <Word id="r_10_tl_42_w6" custom="readingOrder {index:5;}">
                    <Coords points="765,2303 765,2363 810,2363 810,2303"/>
                    <TextEquiv>
                        <Unicode>die</Unicode>
                    </TextEquiv>
                </Word>
                <Word id="r_10_tl_42_w7" custom="readingOrder {index:6;}">
                    <Coords points="834,2301 834,2361 903,2361 903,2301"/>
                    <TextEquiv>
                        <Unicode>aber</Unicode>
                    </TextEquiv>
                </Word>
                <Word id="r_10_tl_42_w8" custom="readingOrder {index:7;}">
                    <Coords points="927,2300 927,2360 1007,2360 1007,2300"/>
                    <TextEquiv>
                        <Unicode>ohne</Unicode>
                    </TextEquiv>
                </Word>
                <Word id="r_10_tl_42_w9" custom="readingOrder {index:8;}">
                    <Coords points="1025,2295 1025,2355 1151,2355 1151,2295"/>
                    <TextEquiv>
                        <Unicode>gefähr¬</Unicode>
                    </TextEquiv>
                </Word>
                <TextEquiv>
                    <Unicode>eine Quetschung an der Hüfte, die aber ohne gefähr¬</Unicode>
                </TextEquiv>
            </TextLine>
            <TextLine id="r_10_tl_43" custom="readingOrder {index:42;}">
                <Coords points="159,2461 1120,2448 1155,2441 1157,2393 159,2423"/>
                <Baseline points="173,2451 176,2451 220,2451 265,2451 310,2448 355,2448 400,2445 444,2448 489,2445 534,2445 579,2439 623,2436 668,2433 713,2436 758,2436 803,2439 847,2439 892,2439 937,2436 982,2433 1027,2430 1071,2430 1116,2430 1161,2430"/>
                <Word id="r_10_tl_43_w1" custom="readingOrder {index:0;}">
                    <Coords points="170,2411 170,2471 240,2471 240,2411"/>
                    <TextEquiv>
                        <Unicode>eine</Unicode>
                    </TextEquiv>
                </Word>
                <Word id="r_10_tl_43_w2" custom="readingOrder {index:1;}">
                    <Coords points="268,2405 268,2465 511,2465 511,2405"/>
                    <TextEquiv>
                        <Unicode>Pferdeseuche.</Unicode>
                    </TextEquiv>
                </Word>
                <Word id="r_10_tl_43_w3" custom="readingOrder {index:2;}">
                    <Coords points="582,2396 582,2456 657,2456 657,2396"/>
                    <TextEquiv>
                        <Unicode>Bey</Unicode>
                    </TextEquiv>
                </Word>
                <Word id="r_10_tl_43_w4" custom="readingOrder {index:3;}">
                    <Coords points="690,2397 690,2457 863,2457 863,2397"/>
                    <TextEquiv>
                        <Unicode>Eröfnung</Unicode>
                    </TextEquiv>
                </Word>
                <Word id="r_10_tl_43_w5" custom="readingOrder {index:4;}">
                    <Coords points="896,2396 896,2456 976,2456 976,2396"/>
                    <TextEquiv>
                        <Unicode>eines</Unicode>
                    </TextEquiv>
                </Word>
                <Word id="r_10_tl_43_w6" custom="readingOrder {index:5;}">
                    <Coords points="1004,2390 1004,2450 1144,2450 1144,2390"/>
                    <TextEquiv>
                        <Unicode>Pferdes</Unicode>
                    </TextEquiv>
                </Word>
                <TextEquiv>
                    <Unicode>eine Pferdeseuche. Bey Eröfnung eines Pferdes</Unicode>
                </TextEquiv>
            </TextLine>
            <TextLine id="r_10_tl_44" custom="readingOrder {index:43;}">
                <Coords points="161,2509 1618,2511 1618,2456 1542,2443 161,2461"/>
                <Baseline points="176,2498 179,2498 223,2498 268,2495 313,2495 358,2495 403,2492 447,2492 492,2492 537,2489 582,2486 626,2483 671,2483 716,2480 761,2483 806,2483 850,2486 895,2486 940,2483 985,2480 1030,2477 1074,2477 1119,2480 1164,2480 1185,2477 1230,2480 1274,2480 1319,2477 1364,2480 1409,2480 1453,2483 1498,2486 1543,2486 1588,2489 1621,2489"/>
                <Word id="r_10_tl_44_w1" custom="readingOrder {index:0;}">
                    <Coords points="170,2458 170,2518 239,2518 239,2458"/>
                    <TextEquiv>
                        <Unicode>fand</Unicode>
                    </TextEquiv>
                </Word>
                <Word id="r_10_tl_44_w2" custom="readingOrder {index:1;}">
                    <Coords points="266,2455 266,2515 335,2515 335,2455"/>
                    <TextEquiv>
                        <Unicode>man</Unicode>
                    </TextEquiv>
                </Word>
                <Word id="r_10_tl_44_w3" custom="readingOrder {index:2;}">
                    <Coords points="362,2453 362,2513 406,2513 406,2453"/>
                    <TextEquiv>
                        <Unicode>die</Unicode>
                    </TextEquiv>
                </Word>
                <Word id="r_10_tl_44_w4" custom="readingOrder {index:3;}">
                    <Coords points="433,2449 433,2509 638,2509 638,2449"/>
                    <TextEquiv>
                        <Unicode>Eingeweide</Unicode>
                    </TextEquiv>
                </Word>
                <Word id="r_10_tl_44_w5" custom="readingOrder {index:4;}">
                    <Coords points="657,2442 657,2502 714,2502 714,2442"/>
                    <TextEquiv>
                        <Unicode>mit</Unicode>
                    </TextEquiv>
                </Word>
                <Word id="r_10_tl_44_w6" custom="readingOrder {index:5;}">
                    <Coords points="734,2443 734,2503 907,2503 907,2443"/>
                    <TextEquiv>
                        <Unicode>Würmern</Unicode>
                    </TextEquiv>
                </Word>
                <Word id="r_10_tl_44_w7" custom="readingOrder {index:6;}">
                    <Coords points="933,2443 933,2503 945,2503 945,2443"/>
                    <TextEquiv>
                        <Unicode>5</Unicode>
                    </TextEquiv>
                </Word>
                <Word id="r_10_tl_44_w8" custom="readingOrder {index:7;}">
                    <Coords points="972,2439 972,2499 1017,2499 1017,2439"/>
                    <TextEquiv>
                        <Unicode>bis</Unicode>
                    </TextEquiv>
                </Word>
                <Word id="r_10_tl_44_w9" custom="readingOrder {index:8;}">
                    <Coords points="1043,2437 1043,2497 1055,2497 1055,2437"/>
                    <TextEquiv>
                        <Unicode>6</Unicode>
                    </TextEquiv>
                </Word>
                <Word id="r_10_tl_44_w10" custom="readingOrder {index:9;}">
                    <Coords points="1081,2439 1081,2499 1151,2499 1151,2439"/>
                    <TextEquiv>
                        <Unicode>Zoll</Unicode>
                    </TextEquiv>
                </Word>
                <Word id="r_10_tl_44_w11" custom="readingOrder {index:10;}">
                    <Coords points="1190,2439 1190,2499 1248,2499 1248,2439"/>
                    <TextEquiv>
                        <Unicode>vom</Unicode>
                    </TextEquiv>
                </Word>
                <Word id="r_10_tl_44_w12" custom="readingOrder {index:11;}">
                    <Coords points="1287,2437 1287,2497 1376,2497 1376,2437"/>
                    <TextEquiv>
                        <Unicode>18ten</Unicode>
                    </TextEquiv>
                </Word>
                <Word id="r_10_tl_44_w13" custom="readingOrder {index:12;}">
                    <Coords points="1408,2446 1408,2506 1613,2506 1613,2446"/>
                    <TextEquiv>
                        <Unicode>angerichtet.</Unicode>
                    </TextEquiv>
                </Word>
                <TextEquiv>
                    <Unicode>fand man die Eingeweide mit Würmern 5 bis 6 Zoll vom 18ten angerichtet.</Unicode>
                </TextEquiv>
            </TextLine>
            <TextLine id="r_10_tl_45" custom="readingOrder {index:44;}">
                <Coords points="159,2554 730,2529 868,2577 1150,2554 1150,2491 1117,2486 159,2506"/>
                <Baseline points="173,2540 214,2543 259,2540 304,2540 349,2540 394,2540 438,2537 483,2537 528,2537 573,2534 618,2531 662,2525 707,2528 752,2528 797,2531 841,2537 886,2534 931,2531 976,2531 1021,2528 1065,2528 1110,2528 1155,2525"/>
                <Word id="r_10_tl_45_w1" custom="readingOrder {index:0;}">
                    <Coords points="167,2502 167,2562 238,2562 238,2502"/>
                    <TextEquiv>
                        <Unicode>lang</Unicode>
                    </TextEquiv>
                </Word>
                <Word id="r_10_tl_45_w2" custom="readingOrder {index:1;}">
                    <Coords points="275,2500 275,2560 474,2560 474,2500"/>
                    <TextEquiv>
                        <Unicode>angefüllet,</Unicode>
                    </TextEquiv>
                </Word>
                <Word id="r_10_tl_45_w3" custom="readingOrder {index:2;}">
                    <Coords points="506,2496 506,2556 565,2556 565,2496"/>
                    <TextEquiv>
                        <Unicode>und</Unicode>
                    </TextEquiv>
                </Word>
                <Word id="r_10_tl_45_w4" custom="readingOrder {index:3;}">
                    <Coords points="602,2491 602,2551 626,2551 626,2491"/>
                    <TextEquiv>
                        <Unicode>in</Unicode>
                    </TextEquiv>
                </Word>
                <Word id="r_10_tl_45_w5" custom="readingOrder {index:4;}">
                    <Coords points="669,2487 669,2547 716,2547 716,2487"/>
                    <TextEquiv>
                        <Unicode>der</Unicode>
                    </TextEquiv>
                </Word>
                <Word id="r_10_tl_45_w6" custom="readingOrder {index:5;}">
                    <Coords points="747,2491 747,2551 850,2551 850,2491"/>
                    <TextEquiv>
                        <Unicode>Lunge</Unicode>
                    </TextEquiv>
                </Word>
                <Word id="r_10_tl_45_w7" custom="readingOrder {index:6;}">
                    <Coords points="881,2491 881,2551 995,2551 995,2491"/>
                    <TextEquiv>
                        <Unicode>befand</Unicode>
                    </TextEquiv>
                </Word>
                <Word id="r_10_tl_45_w8" custom="readingOrder {index:7;}">
                    <Coords points="1020,2488 1020,2548 1067,2548 1067,2488"/>
                    <TextEquiv>
                        <Unicode>sich</Unicode>
                    </TextEquiv>
                </Word>
                <Word id="r_10_tl_45_w9" custom="readingOrder {index:8;}">
                    <Coords points="1098,2487 1098,2547 1140,2547 1140,2487"/>
                    <TextEquiv>
                        <Unicode>ein</Unicode>
                    </TextEquiv>
                </Word>
                <TextEquiv>
                    <Unicode>lang angefüllet, und in der Lunge befand sich ein</Unicode>
                </TextEquiv>
            </TextLine>
            <TextLine id="r_10_tl_46" custom="readingOrder {index:45;}">
                <Coords points="164,2617 340,2627 433,2592 554,2589 622,2609 689,2579 840,2614 843,2554 727,2534 166,2551"/>
                <Baseline points="179,2594 220,2591 265,2591 310,2588 355,2588 400,2588 444,2585 489,2585 534,2582 579,2579 623,2576 668,2576 713,2576 758,2576 803,2579 847,2579"/>
                <Word id="r_10_tl_46_w1" custom="readingOrder {index:0;}">
                    <Coords points="174,2551 174,2611 336,2611 336,2551"/>
                    <TextEquiv>
                        <Unicode>haarigter</Unicode>
                    </TextEquiv>
                </Word>
                <Word id="r_10_tl_46_w2" custom="readingOrder {index:1;}">
                    <Coords points="364,2548 364,2608 417,2608 417,2548"/>
                    <TextEquiv>
                        <Unicode>und</Unicode>
                    </TextEquiv>
                </Word>
                <Word id="r_10_tl_46_w3" custom="readingOrder {index:2;}">
                    <Coords points="445,2545 445,2605 519,2605 519,2545"/>
                    <TextEquiv>
                        <Unicode>weit</Unicode>
                    </TextEquiv>
                </Word>
                <Word id="r_10_tl_46_w4" custom="readingOrder {index:3;}">
                    <Coords points="533,2537 533,2597 682,2597 682,2537"/>
                    <TextEquiv>
                        <Unicode>längerer</Unicode>
                    </TextEquiv>
                </Word>
                <Word id="r_10_tl_46_w5" custom="readingOrder {index:4;}">
                    <Coords points="703,2536 703,2596 831,2596 831,2536"/>
                    <TextEquiv>
                        <Unicode>Wurm.</Unicode>
                    </TextEquiv>
                </Word>
                <TextEquiv>
                    <Unicode>haarigter und weit längerer Wurm.</Unicode>
                </TextEquiv>
            </TextLine>
            <TextLine id="r_10_tl_47" custom="readingOrder {index:46;}">
                <Coords points="405,2647 712,2624 775,2650 931,2632 931,2569 908,2562 798,2599 667,2579 619,2607 405,2602"/>
                <Baseline points="420,2636 444,2633 489,2633 534,2630 579,2627 623,2624 668,2624 713,2624 758,2627 803,2630 847,2630 892,2627 937,2627"/>
                <Word id="r_10_tl_47_w1" custom="readingOrder {index:0;}">
                    <Coords points="413,2591 413,2651 609,2651 609,2591"/>
                    <TextEquiv>
                        <Unicode>London,</Unicode>
                    </TextEquiv>
                </Word>
                <Word id="r_10_tl_47_w2" custom="readingOrder {index:1;}">
                    <Coords points="648,2584 648,2644 698,2644 698,2584"/>
                    <TextEquiv>
                        <Unicode>den</Unicode>
                    </TextEquiv>
                </Word>
                <Word id="r_10_tl_47_w3" custom="readingOrder {index:2;}">
                    <Coords points="743,2588 743,2648 806,2648 806,2588"/>
                    <TextEquiv>
                        <Unicode>29.</Unicode>
                    </TextEquiv>
                </Word>
                <Word id="r_10_tl_47_w4" custom="readingOrder {index:3;}">
                    <Coords points="832,2587 832,2647 926,2647 926,2587"/>
                    <TextEquiv>
                        <Unicode>Jun.</Unicode>
                    </TextEquiv>
                </Word>
                <TextEquiv>
                    <Unicode>London, den 29. Jun.</Unicode>
                </TextEquiv>
            </TextLine>
            <TextLine id="r_10_tl_48" custom="readingOrder {index:47;}">
                <Coords points="206,2682 1147,2685 1147,2609 1107,2599 850,2650 735,2624 206,2640"/>
                <Baseline points="220,2681 256,2683 301,2681 346,2681 391,2681 435,2681 480,2678 525,2678 570,2675 615,2672 659,2672 704,2672 749,2675 794,2678 838,2678 883,2678 928,2675 973,2672 1018,2669 1062,2669 1107,2669 1152,2669"/>
                <Word id="r_10_tl_48_w1" custom="readingOrder {index:0;}">
                    <Coords points="209,2641 209,2701 402,2701 402,2641"/>
                    <TextEquiv>
                        <Unicode>Vorgestern</Unicode>
                    </TextEquiv>
                </Word>
                <Word id="r_10_tl_48_w2" custom="readingOrder {index:1;}">
                    <Coords points="430,2638 430,2698 537,2698 537,2638"/>
                    <TextEquiv>
                        <Unicode>wurde</Unicode>
                    </TextEquiv>
                </Word>
                <Word id="r_10_tl_48_w3" custom="readingOrder {index:2;}">
                    <Coords points="558,2634 558,2694 591,2694 591,2634"/>
                    <TextEquiv>
                        <Unicode>zu</Unicode>
                    </TextEquiv>
                </Word>
                <Word id="r_10_tl_48_w4" custom="readingOrder {index:3;}">
                    <Coords points="618,2632 618,2692 685,2692 685,2632"/>
                    <TextEquiv>
                        <Unicode>St.</Unicode>
                    </TextEquiv>
                </Word>
                <Word id="r_10_tl_48_w5" custom="readingOrder {index:4;}">
                    <Coords points="699,2635 699,2695 812,2695 812,2635"/>
                    <TextEquiv>
                        <Unicode>James</Unicode>
                    </TextEquiv>
                </Word>
                <Word id="r_10_tl_48_w6" custom="readingOrder {index:5;}">
                    <Coords points="840,2638 840,2698 879,2698 879,2638"/>
                    <TextEquiv>
                        <Unicode>ein</Unicode>
                    </TextEquiv>
                </Word>
                <Word id="r_10_tl_48_w7" custom="readingOrder {index:6;}">
                    <Coords points="907,2629 907,2689 1141,2689 1141,2629"/>
                    <TextEquiv>
                        <Unicode>Cabinetsrath</Unicode>
                    </TextEquiv>
                </Word>
                <TextEquiv>
                    <Unicode>Vorgestern wurde zu St. James ein Cabinetsrath</Unicode>
                </TextEquiv>
            </TextLine>
            <TextLine id="r_10_tl_49" custom="readingOrder {index:48;}">
                <Coords points="159,2750 1152,2725 1152,2682 1074,2672 159,2707"/>
                <Baseline points="173,2743 217,2737 262,2734 307,2731 352,2728 397,2728 441,2725 486,2725 531,2722 576,2722 620,2722 665,2719 710,2719 755,2722 800,2725 844,2725 889,2725 934,2722 979,2722 1024,2719 1068,2719 1113,2719 1158,2716"/>
                <Word id="r_10_tl_49_w1" custom="readingOrder {index:0;}">
                    <Coords points="166,2694 166,2754 329,2754 329,2694"/>
                    <TextEquiv>
                        <Unicode>gehalten,</Unicode>
                    </TextEquiv>
                </Word>
                <Word id="r_10_tl_49_w2" custom="readingOrder {index:1;}">
                    <Coords points="358,2688 358,2748 410,2748 410,2688"/>
                    <TextEquiv>
                        <Unicode>bey</Unicode>
                    </TextEquiv>
                </Word>
                <Word id="r_10_tl_49_w3" custom="readingOrder {index:2;}">
                    <Coords points="433,2684 433,2744 557,2744 557,2684"/>
                    <TextEquiv>
                        <Unicode>welchem</Unicode>
                    </TextEquiv>
                </Word>
                <Word id="r_10_tl_49_w4" custom="readingOrder {index:3;}">
                    <Coords points="598,2681 598,2741 648,2741 648,2681"/>
                    <TextEquiv>
                        <Unicode>der</Unicode>
                    </TextEquiv>
                </Word>
                <Word id="r_10_tl_49_w5" custom="readingOrder {index:4;}">
                    <Coords points="666,2680 666,2740 790,2740 790,2680"/>
                    <TextEquiv>
                        <Unicode>Herzog</Unicode>
                    </TextEquiv>
                </Word>
                <Word id="r_10_tl_49_w6" custom="readingOrder {index:5;}">
                    <Coords points="825,2685 825,2745 881,2745 881,2685"/>
                    <TextEquiv>
                        <Unicode>von</Unicode>
                    </TextEquiv>
                </Word>
                <Word id="r_10_tl_49_w7" custom="readingOrder {index:6;}">
                    <Coords points="917,2681 917,2741 1064,2741 1064,2681"/>
                    <TextEquiv>
                        <Unicode>Bedford</Unicode>
                    </TextEquiv>
                </Word>
                <Word id="r_10_tl_49_w8" custom="readingOrder {index:7;}">
                    <Coords points="1098,2678 1098,2738 1143,2738 1143,2678"/>
                    <TextEquiv>
                        <Unicode>als</Unicode>
                    </TextEquiv>
                </Word>
                <TextEquiv>
                    <Unicode>gehalten, bey welchem der Herzog von Bedford als</Unicode>
                </TextEquiv>
            </TextLine>
            <TextLine id="r_10_tl_50" custom="readingOrder {index:49;}">
                <Coords points="159,2808 614,2770 1152,2778 1152,2728 1095,2723 161,2753"/>
                <Baseline points="173,2785 214,2785 259,2782 304,2779 349,2776 394,2776 438,2776 483,2773 528,2770 573,2770 618,2770 662,2770 707,2770 752,2767 797,2770 841,2773 886,2773 931,2773 976,2773 1021,2770 1065,2767 1110,2767 1155,2770"/>
                <Word id="r_10_tl_50_w1" custom="readingOrder {index:0;}">
                    <Coords points="167,2741 167,2801 361,2801 361,2741"/>
                    <TextEquiv>
                        <Unicode>Präsident,</Unicode>
                    </TextEquiv>
                </Word>
                <Word id="r_10_tl_50_w2" custom="readingOrder {index:1;}">
                    <Coords points="393,2736 393,2796 443,2796 443,2736"/>
                    <TextEquiv>
                        <Unicode>die</Unicode>
                    </TextEquiv>
                </Word>
                <Word id="r_10_tl_50_w3" custom="readingOrder {index:2;}">
                    <Coords points="469,2730 469,2790 582,2790 582,2730"/>
                    <TextEquiv>
                        <Unicode>beyden</Unicode>
                    </TextEquiv>
                </Word>
                <Word id="r_10_tl_50_w4" custom="readingOrder {index:3;}">
                    <Coords points="620,2729 620,2789 947,2789 947,2729"/>
                    <TextEquiv>
                        <Unicode>Staatssecretairs,</Unicode>
                    </TextEquiv>
                </Word>
                <Word id="r_10_tl_50_w5" custom="readingOrder {index:4;}">
                    <Coords points="979,2731 979,2791 1028,2791 1028,2731"/>
                    <TextEquiv>
                        <Unicode>der</Unicode>
                    </TextEquiv>
                </Word>
                <Word id="r_10_tl_50_w6" custom="readingOrder {index:5;}">
                    <Coords points="1060,2727 1060,2787 1147,2787 1147,2727"/>
                    <TextEquiv>
                        <Unicode>Graf</Unicode>
                    </TextEquiv>
                </Word>
                <TextEquiv>
                    <Unicode>Präsident, die beyden Staatssecretairs, der Graf</Unicode>
                </TextEquiv>
            </TextLine>
            <TextLine id="r_10_tl_51" custom="readingOrder {index:50;}">
                <Coords points="159,2848 1155,2831 1135,2778 159,2808"/>
                <Baseline points="173,2833 176,2833 220,2833 265,2833 310,2833 355,2830 400,2824 444,2824 489,2821 534,2821 579,2821 623,2821 668,2821 713,2818 758,2818 803,2821 847,2821 892,2824 937,2824 982,2821 1027,2818 1071,2818 1116,2815 1161,2812"/>
                <Word id="r_10_tl_51_w1" custom="readingOrder {index:0;}">
                    <Coords points="165,2793 165,2853 220,2853 220,2793"/>
                    <TextEquiv>
                        <Unicode>von</Unicode>
                    </TextEquiv>
                </Word>
                <Word id="r_10_tl_51_w2" custom="readingOrder {index:1;}">
                    <Coords points="249,2792 249,2852 393,2852 393,2792"/>
                    <TextEquiv>
                        <Unicode>Egmont</Unicode>
                    </TextEquiv>
                </Word>
                <Word id="r_10_tl_51_w3" custom="readingOrder {index:2;}">
                    <Coords points="416,2784 416,2844 471,2844 471,2784"/>
                    <TextEquiv>
                        <Unicode>und</Unicode>
                    </TextEquiv>
                </Word>
                <Word id="r_10_tl_51_w4" custom="readingOrder {index:3;}">
                    <Coords points="505,2781 505,2841 700,2841 700,2781"/>
                    <TextEquiv>
                        <Unicode>verschiedne</Unicode>
                    </TextEquiv>
                </Word>
                <Word id="r_10_tl_51_w5" custom="readingOrder {index:4;}">
                    <Coords points="728,2779 728,2839 829,2839 829,2779"/>
                    <TextEquiv>
                        <Unicode>andre</Unicode>
                    </TextEquiv>
                </Word>
                <Word id="r_10_tl_51_w6" custom="readingOrder {index:5;}">
                    <Coords points="863,2784 863,2844 1002,2844 1002,2784"/>
                    <TextEquiv>
                        <Unicode>Glieder</Unicode>
                    </TextEquiv>
                </Word>
                <Word id="r_10_tl_51_w7" custom="readingOrder {index:6;}">
                    <Coords points="1030,2778 1030,2838 1080,2838 1080,2778"/>
                    <TextEquiv>
                        <Unicode>des</Unicode>
                    </TextEquiv>
                </Word>
                <Word id="r_10_tl_51_w8" custom="readingOrder {index:7;}">
                    <Coords points="1108,2773 1108,2833 1158,2833 1158,2773"/>
                    <TextEquiv>
                        <Unicode>ge¬</Unicode>
                    </TextEquiv>
                </Word>
                <TextEquiv>
                    <Unicode>von Egmont und verschiedne andre Glieder des ge¬</Unicode>
                </TextEquiv>
            </TextLine>
            <TextLine id="r_10_tl_52" custom="readingOrder {index:51;}">
                <Coords points="156,2904 1147,2886 1147,2833 1064,2823 156,2848"/>
                <Baseline points="170,2887 211,2887 256,2887 301,2887 346,2881 391,2881 435,2878 480,2875 525,2875 570,2878 615,2875 659,2875 704,2872 749,2872 794,2872 838,2875 883,2875 928,2878 973,2878 1018,2875 1062,2872 1107,2869 1152,2869"/>
                <Word id="r_10_tl_52_w1" custom="readingOrder {index:0;}">
                    <Coords points="165,2847 165,2907 299,2907 299,2847"/>
                    <TextEquiv>
                        <Unicode>heimten</Unicode>
                    </TextEquiv>
                </Word>
                <Word id="r_10_tl_52_w2" custom="readingOrder {index:1;}">
                    <Coords points="326,2841 326,2901 434,2901 434,2841"/>
                    <TextEquiv>
                        <Unicode>Raths</Unicode>
                    </TextEquiv>
                </Word>
                <Word id="r_10_tl_52_w3" custom="readingOrder {index:2;}">
                    <Coords points="455,2837 455,2897 673,2897 673,2837"/>
                    <TextEquiv>
                        <Unicode>gegenwärtig</Unicode>
                    </TextEquiv>
                </Word>
                <Word id="r_10_tl_52_w4" custom="readingOrder {index:3;}">
                    <Coords points="699,2832 699,2892 827,2892 827,2832"/>
                    <TextEquiv>
                        <Unicode>waren.</Unicode>
                    </TextEquiv>
                </Word>
                <Word id="r_10_tl_52_w5" custom="readingOrder {index:4;}">
                    <Coords points="886,2836 886,2896 937,2896 937,2836"/>
                    <TextEquiv>
                        <Unicode>An</Unicode>
                    </TextEquiv>
                </Word>
                <Word id="r_10_tl_52_w6" custom="readingOrder {index:5;}">
                    <Coords points="970,2832 970,2892 1136,2892 1136,2832"/>
                    <TextEquiv>
                        <Unicode>demselben</Unicode>
                    </TextEquiv>
                </Word>
                <TextEquiv>
                    <Unicode>heimten Raths gegenwärtig waren. An demselben</Unicode>
                </TextEquiv>
            </TextLine>
            <TextEquiv>
                <Unicode></Unicode>
            </TextEquiv>
        </TextRegion>
        <TextRegion id="r_11" custom="readingOrder {index:1;}">
            <Coords points="1171,353 2201,353 2201,2941 1171,2941"/>
            <TextLine id="r_11_tl_1" custom="readingOrder {index:0;}">
                <Coords points="1180,410 2164,415 2164,352 2058,342 1180,350"/>
                <Baseline points="1194,394 1238,400 1283,400 1328,400 1373,400 1418,400 1462,400 1507,400 1552,397 1597,400 1642,400 1686,403 1731,403 1776,403 1821,400 1865,400 1910,397 1955,397 2000,397 2045,394 2089,394 2134,397 2170,394"/>
                <Word id="r_11_tl_1_w1" custom="readingOrder {index:0;}">
                    <Coords points="1187,358 1187,418 1273,418 1273,358"/>
                    <TextEquiv>
                        <Unicode>Tage</Unicode>
                    </TextEquiv>
                </Word>
                <Word id="r_11_tl_1_w2" custom="readingOrder {index:1;}">
                    <Coords points="1302,360 1302,420 1428,420 1428,360"/>
                    <TextEquiv>
                        <Unicode>erschien</Unicode>
                    </TextEquiv>
                </Word>
                <Word id="r_11_tl_1_w3" custom="readingOrder {index:2;}">
                    <Coords points="1464,360 1464,420 1532,420 1532,360"/>
                    <TextEquiv>
                        <Unicode>auch</Unicode>
                    </TextEquiv>
                </Word>
                <Word id="r_11_tl_1_w4" custom="readingOrder {index:3;}">
                    <Coords points="1562,360 1562,420 1647,420 1647,360"/>
                    <TextEquiv>
                        <Unicode>Herr</Unicode>
                    </TextEquiv>
                </Word>
                <Word id="r_11_tl_1_w5" custom="readingOrder {index:4;}">
                    <Coords points="1677,363 1677,423 1809,423 1809,363"/>
                    <TextEquiv>
                        <Unicode>William</Unicode>
                    </TextEquiv>
                </Word>
                <Word id="r_11_tl_1_w6" custom="readingOrder {index:5;}">
                    <Coords points="1856,358 1856,418 1930,418 1930,358"/>
                    <TextEquiv>
                        <Unicode>Pitt</Unicode>
                    </TextEquiv>
                </Word>
                <Word id="r_11_tl_1_w7" custom="readingOrder {index:6;}">
                    <Coords points="1954,356 1954,416 2068,416 2068,356"/>
                    <TextEquiv>
                        <Unicode>wieder</Unicode>
                    </TextEquiv>
                </Word>
                <Word id="r_11_tl_1_w8" custom="readingOrder {index:7;}">
                    <Coords points="2098,356 2098,416 2143,416 2143,356"/>
                    <TextEquiv>
                        <Unicode>bey</Unicode>
                    </TextEquiv>
                </Word>
                <TextEquiv>
                    <Unicode>Tage erschien auch Herr William Pitt wieder bey</Unicode>
                </TextEquiv>
            </TextLine>
            <TextLine id="r_11_tl_2" custom="readingOrder {index:1;}">
                <Coords points="1180,458 1542,448 1631,483 1681,453 2164,455 2164,415 2088,403 1180,410"/>
                <Baseline points="1194,447 1230,447 1274,447 1319,447 1364,447 1409,450 1453,447 1498,447 1543,444 1588,444 1633,447 1677,447 1722,447 1767,447 1812,447 1857,447 1901,447 1946,447 1991,444 2036,444 2080,444 2125,441 2170,441"/>
                <Word id="r_11_tl_2_w1" custom="readingOrder {index:0;}">
                    <Coords points="1186,407 1186,467 1287,467 1287,407"/>
                    <TextEquiv>
                        <Unicode>Hofe,</Unicode>
                    </TextEquiv>
                </Word>
                <Word id="r_11_tl_2_w2" custom="readingOrder {index:1;}">
                    <Coords points="1315,407 1315,467 1358,467 1358,407"/>
                    <TextEquiv>
                        <Unicode>wo</Unicode>
                    </TextEquiv>
                </Word>
                <Word id="r_11_tl_2_w3" custom="readingOrder {index:2;}">
                    <Coords points="1380,409 1380,469 1449,469 1449,409"/>
                    <TextEquiv>
                        <Unicode>man</Unicode>
                    </TextEquiv>
                </Word>
                <Word id="r_11_tl_2_w4" custom="readingOrder {index:3;}">
                    <Coords points="1477,406 1477,466 1525,466 1525,406"/>
                    <TextEquiv>
                        <Unicode>ihn</Unicode>
                    </TextEquiv>
                </Word>
                <Word id="r_11_tl_2_w5" custom="readingOrder {index:4;}">
                    <Coords points="1552,404 1552,464 1606,464 1606,404"/>
                    <TextEquiv>
                        <Unicode>seit</Unicode>
                    </TextEquiv>
                </Word>
                <Word id="r_11_tl_2_w6" custom="readingOrder {index:5;}">
                    <Coords points="1628,407 1628,467 1670,467 1670,407"/>
                    <TextEquiv>
                        <Unicode>dem</Unicode>
                    </TextEquiv>
                </Word>
                <Word id="r_11_tl_2_w7" custom="readingOrder {index:6;}">
                    <Coords points="1720,407 1720,467 1973,467 1973,407"/>
                    <TextEquiv>
                        <Unicode>letztverwichnen</Unicode>
                    </TextEquiv>
                </Word>
                <Word id="r_11_tl_2_w8" custom="readingOrder {index:7;}">
                    <Coords points="2006,403 2006,463 2156,463 2156,403"/>
                    <TextEquiv>
                        <Unicode>Septem¬</Unicode>
                    </TextEquiv>
                </Word>
                <TextEquiv>
                    <Unicode>Hofe, wo man ihn seit dem letztverwichnen Septem¬</Unicode>
                </TextEquiv>
            </TextLine>
            <TextLine id="r_11_tl_3" custom="readingOrder {index:2;}">
                <Coords points="1175,506 2154,503 2154,460 2111,450 1175,460"/>
                <Baseline points="1188,492 1218,495 1262,495 1307,495 1352,495 1397,495 1442,495 1486,495 1531,492 1576,492 1621,492 1665,492 1710,492 1755,495 1800,495 1845,495 1889,495 1934,492 1979,492 2024,492 2068,489 2113,489 2158,489"/>
                <Word id="r_11_tl_3_w1" custom="readingOrder {index:0;}">
                    <Coords points="1187,454 1187,514 1237,514 1237,454"/>
                    <TextEquiv>
                        <Unicode>ber</Unicode>
                    </TextEquiv>
                </Word>
                <Word id="r_11_tl_3_w2" custom="readingOrder {index:1;}">
                    <Coords points="1261,455 1261,515 1340,515 1340,455"/>
                    <TextEquiv>
                        <Unicode>nicht</Unicode>
                    </TextEquiv>
                </Word>
                <Word id="r_11_tl_3_w3" custom="readingOrder {index:2;}">
                    <Coords points="1369,455 1369,515 1487,515 1487,455"/>
                    <TextEquiv>
                        <Unicode>gesehen</Unicode>
                    </TextEquiv>
                </Word>
                <Word id="r_11_tl_3_w4" custom="readingOrder {index:3;}">
                    <Coords points="1516,452 1516,512 1618,512 1618,452"/>
                    <TextEquiv>
                        <Unicode>hatte.</Unicode>
                    </TextEquiv>
                </Word>
                <Word id="r_11_tl_3_w5" custom="readingOrder {index:4;}">
                    <Coords points="1664,452 1664,512 1714,512 1714,452"/>
                    <TextEquiv>
                        <Unicode>Er</Unicode>
                    </TextEquiv>
                </Word>
                <Word id="r_11_tl_3_w6" custom="readingOrder {index:5;}">
                    <Coords points="1738,455 1738,515 1822,515 1822,455"/>
                    <TextEquiv>
                        <Unicode>hatte</Unicode>
                    </TextEquiv>
                </Word>
                <Word id="r_11_tl_3_w7" custom="readingOrder {index:6;}">
                    <Coords points="1845,455 1845,515 1890,515 1890,455"/>
                    <TextEquiv>
                        <Unicode>die</Unicode>
                    </TextEquiv>
                </Word>
                <Word id="r_11_tl_3_w8" custom="readingOrder {index:7;}">
                    <Coords points="1914,452 1914,512 1998,512 1998,452"/>
                    <TextEquiv>
                        <Unicode>Ehre</Unicode>
                    </TextEquiv>
                </Word>
                <Word id="r_11_tl_3_w9" custom="readingOrder {index:8;}">
                    <Coords points="2015,451 2015,511 2060,511 2060,451"/>
                    <TextEquiv>
                        <Unicode>sich</Unicode>
                    </TextEquiv>
                </Word>
                <Word id="r_11_tl_3_w10" custom="readingOrder {index:9;}">
                    <Coords points="2089,449 2089,509 2151,509 2151,449"/>
                    <TextEquiv>
                        <Unicode>eine</Unicode>
                    </TextEquiv>
                </Word>
                <TextEquiv>
                    <Unicode>ber nicht gesehen hatte. Er hatte die Ehre sich eine</Unicode>
                </TextEquiv>
            </TextLine>
            <TextLine id="r_11_tl_4" custom="readingOrder {index:3;}">
                <Coords points="1173,566 2151,556 2154,506 1175,506"/>
                <Baseline points="1188,546 1221,543 1265,543 1310,543 1355,543 1400,543 1444,540 1489,540 1534,540 1579,540 1624,540 1668,540 1713,540 1758,540 1803,543 1848,543 1892,543 1937,543 1982,543 2027,540 2071,540 2116,540 2161,537"/>
                <Word id="r_11_tl_4_w1" custom="readingOrder {index:0;}">
                    <Coords points="1178,503 1178,563 1333,563 1333,503"/>
                    <TextEquiv>
                        <Unicode>geraume</Unicode>
                    </TextEquiv>
                </Word>
                <Word id="r_11_tl_4_w2" custom="readingOrder {index:1;}">
                    <Coords points="1359,503 1359,563 1426,563 1426,503"/>
                    <TextEquiv>
                        <Unicode>Zeit</Unicode>
                    </TextEquiv>
                </Word>
                <Word id="r_11_tl_4_w3" custom="readingOrder {index:2;}">
                    <Coords points="1442,500 1442,560 1499,560 1499,500"/>
                    <TextEquiv>
                        <Unicode>mit</Unicode>
                    </TextEquiv>
                </Word>
                <Word id="r_11_tl_4_w4" custom="readingOrder {index:3;}">
                    <Coords points="1525,500 1525,560 1571,560 1571,500"/>
                    <TextEquiv>
                        <Unicode>dem</Unicode>
                    </TextEquiv>
                </Word>
                <Word id="r_11_tl_4_w5" custom="readingOrder {index:4;}">
                    <Coords points="1608,500 1608,560 1737,560 1737,500"/>
                    <TextEquiv>
                        <Unicode>Könige</Unicode>
                    </TextEquiv>
                </Word>
                <Word id="r_11_tl_4_w6" custom="readingOrder {index:5;}">
                    <Coords points="1754,500 1754,560 1779,560 1779,500"/>
                    <TextEquiv>
                        <Unicode>zu</Unicode>
                    </TextEquiv>
                </Word>
                <Word id="r_11_tl_4_w7" custom="readingOrder {index:6;}">
                    <Coords points="1800,503 1800,563 2007,563 2007,503"/>
                    <TextEquiv>
                        <Unicode>unterreden,</Unicode>
                    </TextEquiv>
                </Word>
                <Word id="r_11_tl_4_w8" custom="readingOrder {index:7;}">
                    <Coords points="2028,500 2028,560 2152,560 2152,500"/>
                    <TextEquiv>
                        <Unicode>worauf</Unicode>
                    </TextEquiv>
                </Word>
                <TextEquiv>
                    <Unicode>geraume Zeit mit dem Könige zu unterreden, worauf</Unicode>
                </TextEquiv>
            </TextLine>
            <TextLine id="r_11_tl_5" custom="readingOrder {index:4;}">
                <Coords points="1180,604 2159,594 2159,551 2016,538 1180,566"/>
                <Baseline points="1194,588 1224,591 1268,591 1313,591 1358,591 1403,591 1447,591 1492,588 1537,588 1582,588 1627,588 1671,588 1716,588 1761,588 1806,588 1851,591 1895,591 1940,591 1985,588 2030,588 2074,588 2119,585 2164,585"/>
                <Word id="r_11_tl_5_w1" custom="readingOrder {index:0;}">
                    <Coords points="1185,548 1185,608 1216,608 1216,548"/>
                    <TextEquiv>
                        <Unicode>er</Unicode>
                    </TextEquiv>
                </Word>
                <Word id="r_11_tl_5_w2" custom="readingOrder {index:1;}">
                    <Coords points="1243,551 1243,611 1311,611 1311,551"/>
                    <TextEquiv>
                        <Unicode>nach</Unicode>
                    </TextEquiv>
                </Word>
                <Word id="r_11_tl_5_w3" custom="readingOrder {index:2;}">
                    <Coords points="1344,551 1344,611 1438,611 1438,551"/>
                    <TextEquiv>
                        <Unicode>seinem</Unicode>
                    </TextEquiv>
                </Word>
                <Word id="r_11_tl_5_w4" custom="readingOrder {index:3;}">
                    <Coords points="1476,548 1476,608 1618,608 1618,548"/>
                    <TextEquiv>
                        <Unicode>Landgut</Unicode>
                    </TextEquiv>
                </Word>
                <Word id="r_11_tl_5_w5" custom="readingOrder {index:4;}">
                    <Coords points="1645,548 1645,608 1755,608 1755,548"/>
                    <TextEquiv>
                        <Unicode>Hagis</Unicode>
                    </TextEquiv>
                </Word>
                <Word id="r_11_tl_5_w6" custom="readingOrder {index:5;}">
                    <Coords points="1782,551 1782,611 1935,611 1935,551"/>
                    <TextEquiv>
                        <Unicode>abgieng.</Unicode>
                    </TextEquiv>
                </Word>
                <Word id="r_11_tl_5_w7" custom="readingOrder {index:6;}">
                    <Coords points="1983,548 1983,608 2072,608 2072,548"/>
                    <TextEquiv>
                        <Unicode>Seit</Unicode>
                    </TextEquiv>
                </Word>
                <Word id="r_11_tl_5_w8" custom="readingOrder {index:7;}">
                    <Coords points="2094,545 2094,605 2157,605 2157,545"/>
                    <TextEquiv>
                        <Unicode>die¬</Unicode>
                    </TextEquiv>
                </Word>
                <TextEquiv>
                    <Unicode>er nach seinem Landgut Hagis abgieng. Seit die¬</Unicode>
                </TextEquiv>
            </TextLine>
            <TextLine id="r_11_tl_6" custom="readingOrder {index:5;}">
                <Coords points="1180,652 2166,644 2166,604 2088,589 1183,604"/>
                <Baseline points="1197,638 1233,635 1277,638 1322,638 1367,638 1412,638 1456,635 1501,635 1546,635 1591,632 1636,635 1680,632 1725,632 1770,632 1815,635 1859,635 1904,632 1949,632 1994,632 2039,632 2083,635 2128,632 2173,632"/>
                <Word id="r_11_tl_6_w1" custom="readingOrder {index:0;}">
                    <Coords points="1185,597 1185,657 1231,657 1231,597"/>
                    <TextEquiv>
                        <Unicode>ser</Unicode>
                    </TextEquiv>
                </Word>
                <Word id="r_11_tl_6_w2" custom="readingOrder {index:1;}">
                    <Coords points="1252,598 1252,658 1324,658 1324,598"/>
                    <TextEquiv>
                        <Unicode>Zeit</Unicode>
                    </TextEquiv>
                </Word>
                <Word id="r_11_tl_6_w3" custom="readingOrder {index:2;}">
                    <Coords points="1340,598 1340,658 1452,658 1452,598"/>
                    <TextEquiv>
                        <Unicode>spricht</Unicode>
                    </TextEquiv>
                </Word>
                <Word id="r_11_tl_6_w4" custom="readingOrder {index:3;}">
                    <Coords points="1479,595 1479,655 1545,655 1545,595"/>
                    <TextEquiv>
                        <Unicode>man</Unicode>
                    </TextEquiv>
                </Word>
                <Word id="r_11_tl_6_w5" custom="readingOrder {index:4;}">
                    <Coords points="1582,593 1582,653 1659,653 1659,593"/>
                    <TextEquiv>
                        <Unicode>stark</Unicode>
                    </TextEquiv>
                </Word>
                <Word id="r_11_tl_6_w6" custom="readingOrder {index:5;}">
                    <Coords points="1685,592 1685,652 1741,652 1741,592"/>
                    <TextEquiv>
                        <Unicode>von</Unicode>
                    </TextEquiv>
                </Word>
                <Word id="r_11_tl_6_w7" custom="readingOrder {index:6;}">
                    <Coords points="1778,595 1778,655 1860,655 1860,595"/>
                    <TextEquiv>
                        <Unicode>einer</Unicode>
                    </TextEquiv>
                </Word>
                <Word id="r_11_tl_6_w8" custom="readingOrder {index:7;}">
                    <Coords points="1886,592 1886,652 2143,652 2143,592"/>
                    <TextEquiv>
                        <Unicode>bevorstehenden</Unicode>
                    </TextEquiv>
                </Word>
                <TextEquiv>
                    <Unicode>ser Zeit spricht man stark von einer bevorstehenden</Unicode>
                </TextEquiv>
            </TextLine>
            <TextLine id="r_11_tl_7" custom="readingOrder {index:6;}">
                <Coords points="1180,697 2159,692 2159,647 1180,652"/>
                <Baseline points="1194,683 1224,686 1268,683 1313,686 1358,686 1403,686 1447,686 1492,683 1537,683 1582,683 1627,680 1671,680 1716,680 1761,677 1806,677 1851,677 1895,677 1940,680 1985,680 2030,680 2074,680 2119,680 2164,680"/>
                <Word id="r_11_tl_7_w1" custom="readingOrder {index:0;}">
                    <Coords points="1185,645 1185,705 1421,705 1421,645"/>
                    <TextEquiv>
                        <Unicode>Veranderung</Unicode>
                    </TextEquiv>
                </Word>
                <Word id="r_11_tl_7_w2" custom="readingOrder {index:1;}">
                    <Coords points="1446,645 1446,705 1472,705 1472,645"/>
                    <TextEquiv>
                        <Unicode>im</Unicode>
                    </TextEquiv>
                </Word>
                <Word id="r_11_tl_7_w3" custom="readingOrder {index:2;}">
                    <Coords points="1517,640 1517,700 1723,700 1723,640"/>
                    <TextEquiv>
                        <Unicode>Ministerio.</Unicode>
                    </TextEquiv>
                </Word>
                <Word id="r_11_tl_7_w4" custom="readingOrder {index:3;}">
                    <Coords points="1770,637 1770,697 1845,697 1845,637"/>
                    <TextEquiv>
                        <Unicode>Der</Unicode>
                    </TextEquiv>
                </Word>
                <Word id="r_11_tl_7_w5" custom="readingOrder {index:4;}">
                    <Coords points="1875,640 1875,700 2152,700 2152,640"/>
                    <TextEquiv>
                        <Unicode>Staatssecretair</Unicode>
                    </TextEquiv>
                </Word>
                <TextEquiv>
                    <Unicode>Veranderung im Ministerio. Der Staatssecretair</Unicode>
                </TextEquiv>
            </TextLine>
            <TextLine id="r_11_tl_8" custom="readingOrder {index:7;}">
                <Coords points="1180,745 2159,735 2139,689 1180,697"/>
                <Baseline points="1194,734 1224,731 1268,731 1313,731 1358,734 1403,734 1447,734 1492,731 1537,731 1582,731 1627,728 1671,728 1716,728 1761,725 1806,725 1851,725 1895,725 1940,725 1985,725 2030,725 2074,725 2119,728 2164,725"/>
                <Word id="r_11_tl_8_w1" custom="readingOrder {index:0;}">
                    <Coords points="1185,691 1185,751 1280,751 1280,691"/>
                    <TextEquiv>
                        <Unicode>Graf</Unicode>
                    </TextEquiv>
                </Word>
                <Word id="r_11_tl_8_w2" custom="readingOrder {index:1;}">
                    <Coords points="1301,691 1301,751 1353,751 1353,691"/>
                    <TextEquiv>
                        <Unicode>von</Unicode>
                    </TextEquiv>
                </Word>
                <Word id="r_11_tl_8_w3" custom="readingOrder {index:2;}">
                    <Coords points="1380,693 1380,753 1523,753 1523,693"/>
                    <TextEquiv>
                        <Unicode>Hallisax</Unicode>
                    </TextEquiv>
                </Word>
                <Word id="r_11_tl_8_w4" custom="readingOrder {index:3;}">
                    <Coords points="1550,691 1550,751 1586,751 1586,691"/>
                    <TextEquiv>
                        <Unicode>ist</Unicode>
                    </TextEquiv>
                </Word>
                <Word id="r_11_tl_8_w5" custom="readingOrder {index:4;}">
                    <Coords points="1613,688 1613,748 1665,748 1665,688"/>
                    <TextEquiv>
                        <Unicode>bey</Unicode>
                    </TextEquiv>
                </Word>
                <Word id="r_11_tl_8_w6" custom="readingOrder {index:5;}">
                    <Coords points="1698,687 1698,747 1750,747 1750,687"/>
                    <TextEquiv>
                        <Unicode>dem</Unicode>
                    </TextEquiv>
                </Word>
                <Word id="r_11_tl_8_w7" custom="readingOrder {index:6;}">
                    <Coords points="1798,685 1798,745 1946,745 1946,685"/>
                    <TextEquiv>
                        <Unicode>Gerichte</Unicode>
                    </TextEquiv>
                </Word>
                <Word id="r_11_tl_8_w8" custom="readingOrder {index:7;}">
                    <Coords points="1973,685 1973,745 1998,745 1998,685"/>
                    <TextEquiv>
                        <Unicode>zu</Unicode>
                    </TextEquiv>
                </Word>
                <Word id="r_11_tl_8_w9" custom="readingOrder {index:8;}">
                    <Coords points="2036,686 2036,746 2157,746 2157,686"/>
                    <TextEquiv>
                        <Unicode>Guild¬</Unicode>
                    </TextEquiv>
                </Word>
                <TextEquiv>
                    <Unicode>Graf von Hallisax ist bey dem Gerichte zu Guild¬</Unicode>
                </TextEquiv>
            </TextLine>
            <TextLine id="r_11_tl_9" custom="readingOrder {index:8;}">
                <Coords points="1180,800 2154,790 2156,747 2119,737 1183,742"/>
                <Baseline points="1194,782 1221,782 1265,782 1310,782 1355,779 1400,779 1444,779 1489,779 1534,779 1579,779 1624,776 1668,779 1713,776 1758,773 1803,776 1848,776 1892,773 1937,773 1982,773 2027,773 2071,770 2116,773 2161,773"/>
                <Word id="r_11_tl_9_w1" custom="readingOrder {index:0;}">
                    <Coords points="1186,742 1186,802 1257,802 1257,742"/>
                    <TextEquiv>
                        <Unicode>hall</Unicode>
                    </TextEquiv>
                </Word>
                <Word id="r_11_tl_9_w2" custom="readingOrder {index:1;}">
                    <Coords points="1274,742 1274,802 1296,802 1296,742"/>
                    <TextEquiv>
                        <Unicode>in</Unicode>
                    </TextEquiv>
                </Word>
                <Word id="r_11_tl_9_w3" custom="readingOrder {index:2;}">
                    <Coords points="1324,739 1324,799 1390,799 1390,739"/>
                    <TextEquiv>
                        <Unicode>eine</Unicode>
                    </TextEquiv>
                </Word>
                <Word id="r_11_tl_9_w4" custom="readingOrder {index:3;}">
                    <Coords points="1412,739 1412,799 1584,799 1584,739"/>
                    <TextEquiv>
                        <Unicode>Geldbusse</Unicode>
                    </TextEquiv>
                </Word>
                <Word id="r_11_tl_9_w5" custom="readingOrder {index:4;}">
                    <Coords points="1606,736 1606,796 1661,796 1661,736"/>
                    <TextEquiv>
                        <Unicode>von</Unicode>
                    </TextEquiv>
                </Word>
                <Word id="r_11_tl_9_w6" custom="readingOrder {index:5;}">
                    <Coords points="1684,735 1684,795 1744,795 1744,735"/>
                    <TextEquiv>
                        <Unicode>500</Unicode>
                    </TextEquiv>
                </Word>
                <Word id="r_11_tl_9_w7" custom="readingOrder {index:6;}">
                    <Coords points="1778,736 1778,796 1888,796 1888,736"/>
                    <TextEquiv>
                        <Unicode>Pfund</Unicode>
                    </TextEquiv>
                </Word>
                <Word id="r_11_tl_9_w8" custom="readingOrder {index:7;}">
                    <Coords points="1911,733 1911,793 2065,793 2065,733"/>
                    <TextEquiv>
                        <Unicode>Sterling</Unicode>
                    </TextEquiv>
                </Word>
                <Word id="r_11_tl_9_w9" custom="readingOrder {index:8;}">
                    <Coords points="2088,733 2088,793 2159,793 2159,733"/>
                    <TextEquiv>
                        <Unicode>ver=</Unicode>
                    </TextEquiv>
                </Word>
                <TextEquiv>
                    <Unicode>hall in eine Geldbusse von 500 Pfund Sterling ver=</Unicode>
                </TextEquiv>
            </TextLine>
            <TextLine id="r_11_tl_10" custom="readingOrder {index:9;}">
                <Coords points="1180,843 2159,835 2134,785 1180,798"/>
                <Baseline points="1194,826 1224,829 1268,826 1313,826 1358,826 1403,824 1447,826 1492,824 1537,824 1582,824 1627,824 1671,824 1716,824 1761,824 1806,824 1851,821 1895,821 1940,821 1985,821 2030,821 2074,821 2119,821 2164,824"/>
                <Word id="r_11_tl_10_w1" custom="readingOrder {index:0;}">
                    <Coords points="1185,787 1185,847 1320,847 1320,787"/>
                    <TextEquiv>
                        <Unicode>urtheilt</Unicode>
                    </TextEquiv>
                </Word>
                <Word id="r_11_tl_10_w2" custom="readingOrder {index:1;}">
                    <Coords points="1346,784 1346,844 1491,844 1491,784"/>
                    <TextEquiv>
                        <Unicode>worden,</Unicode>
                    </TextEquiv>
                </Word>
                <Word id="r_11_tl_10_w3" custom="readingOrder {index:2;}">
                    <Coords points="1518,784 1518,844 1592,844 1592,784"/>
                    <TextEquiv>
                        <Unicode>weil</Unicode>
                    </TextEquiv>
                </Word>
                <Word id="r_11_tl_10_w4" custom="readingOrder {index:3;}">
                    <Coords points="1618,784 1618,844 1643,844 1643,784"/>
                    <TextEquiv>
                        <Unicode>er</Unicode>
                    </TextEquiv>
                </Word>
                <Word id="r_11_tl_10_w5" custom="readingOrder {index:4;}">
                    <Coords points="1669,784 1669,844 1714,844 1714,784"/>
                    <TextEquiv>
                        <Unicode>die</Unicode>
                    </TextEquiv>
                </Word>
                <Word id="r_11_tl_10_w6" custom="readingOrder {index:5;}">
                    <Coords points="1734,782 1734,842 1910,842 1910,782"/>
                    <TextEquiv>
                        <Unicode>ergangene</Unicode>
                    </TextEquiv>
                </Word>
                <Word id="r_11_tl_10_w7" custom="readingOrder {index:6;}">
                    <Coords points="1936,781 1936,841 2072,841 2072,781"/>
                    <TextEquiv>
                        <Unicode>Citation</Unicode>
                    </TextEquiv>
                </Word>
                <Word id="r_11_tl_10_w8" custom="readingOrder {index:7;}">
                    <Coords points="2103,781 2103,841 2152,841 2152,781"/>
                    <TextEquiv>
                        <Unicode>zur</Unicode>
                    </TextEquiv>
                </Word>
                <TextEquiv>
                    <Unicode>urtheilt worden, weil er die ergangene Citation zur</Unicode>
                </TextEquiv>
            </TextLine>
            <TextLine id="r_11_tl_11" custom="readingOrder {index:10;}">
                <Coords points="1183,878 2164,878 2164,840 2088,828 1183,840"/>
                <Baseline points="1197,877 1230,871 1274,871 1319,874 1364,874 1409,871 1453,871 1498,871 1543,874 1588,871 1633,874 1677,871 1722,871 1767,871 1812,871 1857,868 1901,868 1946,868 1991,868 2036,868 2080,865 2125,868 2170,871"/>
                <Word id="r_11_tl_11_w1" custom="readingOrder {index:0;}">
                    <Coords points="1188,832 1188,892 1399,892 1399,832"/>
                    <TextEquiv>
                        <Unicode>Erscheinung</Unicode>
                    </TextEquiv>
                </Word>
                <Word id="r_11_tl_11_w2" custom="readingOrder {index:1;}">
                    <Coords points="1432,831 1432,891 1483,891 1483,831"/>
                    <TextEquiv>
                        <Unicode>vor</Unicode>
                    </TextEquiv>
                </Word>
                <Word id="r_11_tl_11_w3" custom="readingOrder {index:2;}">
                    <Coords points="1515,832 1515,892 1607,892 1607,832"/>
                    <TextEquiv>
                        <Unicode>diesem</Unicode>
                    </TextEquiv>
                </Word>
                <Word id="r_11_tl_11_w4" custom="readingOrder {index:3;}">
                    <Coords points="1659,831 1659,891 1794,891 1794,831"/>
                    <TextEquiv>
                        <Unicode>Gericht</Unicode>
                    </TextEquiv>
                </Word>
                <Word id="r_11_tl_11_w5" custom="readingOrder {index:4;}">
                    <Coords points="1820,829 1820,889 1846,889 1846,829"/>
                    <TextEquiv>
                        <Unicode>in</Unicode>
                    </TextEquiv>
                </Word>
                <Word id="r_11_tl_11_w6" custom="readingOrder {index:5;}">
                    <Coords points="1883,828 1883,888 1934,888 1934,828"/>
                    <TextEquiv>
                        <Unicode>der</Unicode>
                    </TextEquiv>
                </Word>
                <Word id="r_11_tl_11_w7" custom="readingOrder {index:6;}">
                    <Coords points="1966,826 1966,886 2146,886 2146,826"/>
                    <TextEquiv>
                        <Unicode>Wilkeschen</Unicode>
                    </TextEquiv>
                </Word>
                <TextEquiv>
                    <Unicode>Erscheinung vor diesem Gericht in der Wilkeschen</Unicode>
                </TextEquiv>
            </TextLine>
            <TextLine id="r_11_tl_12" custom="readingOrder {index:11;}">
                <Coords points="1178,931 2156,934 2159,876 1719,903 1180,881"/>
                <Baseline points="1194,919 1224,916 1268,919 1313,919 1358,922 1403,919 1447,919 1492,919 1537,919 1582,919 1627,919 1671,919 1716,919 1761,913 1806,919 1851,916 1895,916 1940,916 1985,916 2030,916 2074,916 2119,916 2164,916"/>
                <Word id="r_11_tl_12_w1" custom="readingOrder {index:0;}">
                    <Coords points="1184,877 1184,937 1297,937 1297,877"/>
                    <TextEquiv>
                        <Unicode>Sache</Unicode>
                    </TextEquiv>
                </Word>
                <Word id="r_11_tl_12_w2" custom="readingOrder {index:1;}">
                    <Coords points="1327,881 1327,941 1405,941 1405,881"/>
                    <TextEquiv>
                        <Unicode>nicht</Unicode>
                    </TextEquiv>
                </Word>
                <Word id="r_11_tl_12_w3" custom="readingOrder {index:2;}">
                    <Coords points="1429,879 1429,939 1610,939 1610,879"/>
                    <TextEquiv>
                        <Unicode>respectiret</Unicode>
                    </TextEquiv>
                </Word>
                <Word id="r_11_tl_12_w4" custom="readingOrder {index:3;}">
                    <Coords points="1634,879 1634,939 1707,939 1707,879"/>
                    <TextEquiv>
                        <Unicode>hat.</Unicode>
                    </TextEquiv>
                </Word>
                <Word id="r_11_tl_12_w5" custom="readingOrder {index:4;}">
                    <Coords points="1753,876 1753,936 1826,936 1826,876"/>
                    <TextEquiv>
                        <Unicode>Der</Unicode>
                    </TextEquiv>
                </Word>
                <Word id="r_11_tl_12_w6" custom="readingOrder {index:5;}">
                    <Coords points="1855,876 1855,936 2008,936 2008,876"/>
                    <TextEquiv>
                        <Unicode>Admiral</Unicode>
                    </TextEquiv>
                </Word>
                <Word id="r_11_tl_12_w7" custom="readingOrder {index:6;}">
                    <Coords points="2032,876 2032,936 2156,936 2156,876"/>
                    <TextEquiv>
                        <Unicode>Keppel</Unicode>
                    </TextEquiv>
                </Word>
                <TextEquiv>
                    <Unicode>Sache nicht respectiret hat. Der Admiral Keppel</Unicode>
                </TextEquiv>
            </TextLine>
            <TextLine id="r_11_tl_13" custom="readingOrder {index:12;}">
                <Coords points="1175,984 2154,974 2154,934 2018,918 1175,931"/>
                <Baseline points="1188,970 1221,970 1265,970 1310,970 1355,970 1400,970 1444,970 1489,967 1534,970 1579,970 1624,967 1668,967 1713,967 1758,964 1803,967 1848,967 1892,967 1937,964 1982,964 2027,964 2071,964 2116,964 2161,967"/>
                <Word id="r_11_tl_13_w1" custom="readingOrder {index:0;}">
                    <Coords points="1181,930 1181,990 1223,990 1223,930"/>
                    <TextEquiv>
                        <Unicode>ist</Unicode>
                    </TextEquiv>
                </Word>
                <Word id="r_11_tl_13_w2" custom="readingOrder {index:1;}">
                    <Coords points="1240,930 1240,990 1354,990 1354,930"/>
                    <TextEquiv>
                        <Unicode>endlich</Unicode>
                    </TextEquiv>
                </Word>
                <Word id="r_11_tl_13_w3" custom="readingOrder {index:2;}">
                    <Coords points="1381,930 1381,990 1413,990 1413,930"/>
                    <TextEquiv>
                        <Unicode>am</Unicode>
                    </TextEquiv>
                </Word>
                <Word id="r_11_tl_13_w4" custom="readingOrder {index:3;}">
                    <Coords points="1452,927 1452,987 1538,987 1538,927"/>
                    <TextEquiv>
                        <Unicode>26ten</Unicode>
                    </TextEquiv>
                </Word>
                <Word id="r_11_tl_13_w5" custom="readingOrder {index:4;}">
                    <Coords points="1571,927 1571,987 1663,987 1663,927"/>
                    <TextEquiv>
                        <Unicode>dieses</Unicode>
                    </TextEquiv>
                </Word>
                <Word id="r_11_tl_13_w6" custom="readingOrder {index:5;}">
                    <Coords points="1691,926 1691,986 1750,986 1750,926"/>
                    <TextEquiv>
                        <Unicode>mit</Unicode>
                    </TextEquiv>
                </Word>
                <Word id="r_11_tl_13_w7" custom="readingOrder {index:6;}">
                    <Coords points="1767,926 1767,986 1815,986 1815,926"/>
                    <TextEquiv>
                        <Unicode>dem</Unicode>
                    </TextEquiv>
                </Word>
                <Word id="r_11_tl_13_w8" custom="readingOrder {index:7;}">
                    <Coords points="1859,924 1859,984 2081,984 2081,924"/>
                    <TextEquiv>
                        <Unicode>Kriegsschiffe</Unicode>
                    </TextEquiv>
                </Word>
                <Word id="r_11_tl_13_w9" custom="readingOrder {index:8;}">
                    <Coords points="2103,924 2103,984 2151,984 2151,924"/>
                    <TextEquiv>
                        <Unicode>der</Unicode>
                    </TextEquiv>
                </Word>
                <TextEquiv>
                    <Unicode>ist endlich am 26ten dieses mit dem Kriegsschiffe der</Unicode>
                </TextEquiv>
            </TextLine>
            <TextLine id="r_11_tl_14" custom="readingOrder {index:13;}">
                <Coords points="1180,1029 2166,1022 2144,974 1180,979"/>
                <Baseline points="1194,1021 1233,1021 1277,1021 1322,1021 1367,1018 1412,1021 1456,1018 1501,1018 1546,1018 1591,1018 1636,1018 1680,1018 1725,1018 1770,1018 1815,1015 1859,1015 1904,1015 1949,1012 1994,1015 2039,1015 2083,1015 2128,1015 2173,1012"/>
                <Word id="r_11_tl_14_w1" custom="readingOrder {index:0;}">
                    <Coords points="1185,981 1185,1041 1349,1041 1349,981"/>
                    <TextEquiv>
                        <Unicode>Vaillant,</Unicode>
                    </TextEquiv>
                </Word>
                <Word id="r_11_tl_14_w2" custom="readingOrder {index:1;}">
                    <Coords points="1376,980 1376,1040 1431,1040 1431,980"/>
                    <TextEquiv>
                        <Unicode>aus</Unicode>
                    </TextEquiv>
                </Word>
                <Word id="r_11_tl_14_w3" custom="readingOrder {index:2;}">
                    <Coords points="1458,978 1458,1038 1504,1038 1504,978"/>
                    <TextEquiv>
                        <Unicode>der</Unicode>
                    </TextEquiv>
                </Word>
                <Word id="r_11_tl_14_w4" custom="readingOrder {index:3;}">
                    <Coords points="1525,978 1525,1038 1684,1038 1684,978"/>
                    <TextEquiv>
                        <Unicode>Havana,</Unicode>
                    </TextEquiv>
                </Word>
                <Word id="r_11_tl_14_w5" custom="readingOrder {index:4;}">
                    <Coords points="1706,978 1706,1038 1813,1038 1813,978"/>
                    <TextEquiv>
                        <Unicode>zuletzt</Unicode>
                    </TextEquiv>
                </Word>
                <Word id="r_11_tl_14_w6" custom="readingOrder {index:5;}">
                    <Coords points="1835,975 1835,1035 1901,1035 1901,975"/>
                    <TextEquiv>
                        <Unicode>aber</Unicode>
                    </TextEquiv>
                </Word>
                <Word id="r_11_tl_14_w7" custom="readingOrder {index:6;}">
                    <Coords points="1933,972 1933,1032 1989,1032 1989,972"/>
                    <TextEquiv>
                        <Unicode>von</Unicode>
                    </TextEquiv>
                </Word>
                <Word id="r_11_tl_14_w8" custom="readingOrder {index:7;}">
                    <Coords points="2025,975 2025,1035 2159,1035 2159,975"/>
                    <TextEquiv>
                        <Unicode>Jamai¬</Unicode>
                    </TextEquiv>
                </Word>
                <TextEquiv>
                    <Unicode>Vaillant, aus der Havana, zuletzt aber von Jamai¬</Unicode>
                </TextEquiv>
            </TextLine>
            <TextLine id="r_11_tl_15" custom="readingOrder {index:14;}">
                <Coords points="1175,1085 1892,1095 2146,1079 2169,1032 1178,1034"/>
                <Baseline points="1188,1068 1230,1068 1274,1068 1319,1065 1364,1068 1409,1068 1453,1068 1498,1068 1543,1068 1588,1068 1633,1068 1677,1068 1722,1068 1767,1068 1812,1065 1857,1062 1901,1062 1946,1062 1991,1065 2036,1065 2080,1065 2125,1062 2170,1062"/>
                <Word id="r_11_tl_15_w1" custom="readingOrder {index:0;}">
                    <Coords points="1181,1028 1181,1088 1212,1088 1212,1028"/>
                    <TextEquiv>
                        <Unicode>ca</Unicode>
                    </TextEquiv>
                </Word>
                <Word id="r_11_tl_15_w2" custom="readingOrder {index:1;}">
                    <Coords points="1235,1028 1235,1088 1261,1088 1261,1028"/>
                    <TextEquiv>
                        <Unicode>zu</Unicode>
                    </TextEquiv>
                </Word>
                <Word id="r_11_tl_15_w3" custom="readingOrder {index:2;}">
                    <Coords points="1289,1028 1289,1088 1483,1088 1483,1028"/>
                    <TextEquiv>
                        <Unicode>Portsmuth</Unicode>
                    </TextEquiv>
                </Word>
                <Word id="r_11_tl_15_w4" custom="readingOrder {index:3;}">
                    <Coords points="1511,1028 1511,1088 1754,1088 1754,1028"/>
                    <TextEquiv>
                        <Unicode>angekommen.</Unicode>
                    </TextEquiv>
                </Word>
                <Word id="r_11_tl_15_w5" custom="readingOrder {index:4;}">
                    <Coords points="1804,1024 1804,1084 1847,1084 1847,1024"/>
                    <TextEquiv>
                        <Unicode>Er</Unicode>
                    </TextEquiv>
                </Word>
                <Word id="r_11_tl_15_w6" custom="readingOrder {index:5;}">
                    <Coords points="1875,1022 1875,1082 1906,1082 1906,1022"/>
                    <TextEquiv>
                        <Unicode>ist</Unicode>
                    </TextEquiv>
                </Word>
                <Word id="r_11_tl_15_w7" custom="readingOrder {index:6;}">
                    <Coords points="1929,1022 1929,1082 1983,1082 1983,1022"/>
                    <TextEquiv>
                        <Unicode>von</Unicode>
                    </TextEquiv>
                </Word>
                <Word id="r_11_tl_15_w8" custom="readingOrder {index:7;}">
                    <Coords points="2010,1025 2010,1085 2058,1085 2058,1025"/>
                    <TextEquiv>
                        <Unicode>dem</Unicode>
                    </TextEquiv>
                </Word>
                <Word id="r_11_tl_15_w9" custom="readingOrder {index:8;}">
                    <Coords points="2097,1022 2097,1082 2161,1082 2161,1022"/>
                    <TextEquiv>
                        <Unicode>Kö=</Unicode>
                    </TextEquiv>
                </Word>
                <TextEquiv>
                    <Unicode>ca zu Portsmuth angekommen. Er ist von dem Kö=</Unicode>
                </TextEquiv>
            </TextLine>
            <TextLine id="r_11_tl_16" custom="readingOrder {index:15;}">
                <Coords points="1175,1127 2161,1125 2161,1077 2086,1072 1175,1085"/>
                <Baseline points="1188,1119 1227,1116 1271,1116 1316,1116 1361,1116 1406,1119 1450,1119 1495,1119 1540,1119 1585,1119 1630,1119 1674,1116 1719,1116 1764,1116 1809,1116 1854,1116 1898,1116 1943,1113 1988,1113 2033,1113 2077,1113 2122,1113 2167,1110"/>
                <Word id="r_11_tl_16_w1" custom="readingOrder {index:0;}">
                    <Coords points="1181,1076 1181,1136 1258,1136 1258,1076"/>
                    <TextEquiv>
                        <Unicode>nige</Unicode>
                    </TextEquiv>
                </Word>
                <Word id="r_11_tl_16_w2" custom="readingOrder {index:1;}">
                    <Coords points="1280,1076 1280,1136 1346,1136 1346,1076"/>
                    <TextEquiv>
                        <Unicode>sehr</Unicode>
                    </TextEquiv>
                </Word>
                <Word id="r_11_tl_16_w3" custom="readingOrder {index:2;}">
                    <Coords points="1374,1079 1374,1139 1495,1139 1495,1079"/>
                    <TextEquiv>
                        <Unicode>gnädig</Unicode>
                    </TextEquiv>
                </Word>
                <Word id="r_11_tl_16_w4" custom="readingOrder {index:3;}">
                    <Coords points="1524,1079 1524,1139 1711,1139 1711,1079"/>
                    <TextEquiv>
                        <Unicode>empfangen</Unicode>
                    </TextEquiv>
                </Word>
                <Word id="r_11_tl_16_w5" custom="readingOrder {index:4;}">
                    <Coords points="1739,1076 1739,1136 1888,1136 1888,1076"/>
                    <TextEquiv>
                        <Unicode>worden.</Unicode>
                    </TextEquiv>
                </Word>
                <Word id="r_11_tl_16_w6" custom="readingOrder {index:5;}">
                    <Coords points="1955,1073 1955,1133 2031,1133 2031,1073"/>
                    <TextEquiv>
                        <Unicode>Vor</Unicode>
                    </TextEquiv>
                </Word>
                <Word id="r_11_tl_16_w7" custom="readingOrder {index:6;}">
                    <Coords points="2059,1073 2059,1133 2153,1133 2153,1073"/>
                    <TextEquiv>
                        <Unicode>seiner</Unicode>
                    </TextEquiv>
                </Word>
                <TextEquiv>
                    <Unicode>nige sehr gnädig empfangen worden. Vor seiner</Unicode>
                </TextEquiv>
            </TextLine>
            <TextLine id="r_11_tl_17" custom="readingOrder {index:16;}">
                <Coords points="1175,1173 2166,1180 2151,1122 1175,1127"/>
                <Baseline points="1188,1167 1230,1167 1274,1164 1319,1164 1364,1164 1409,1167 1453,1170 1498,1170 1543,1167 1588,1170 1633,1167 1677,1167 1722,1167 1767,1167 1812,1164 1857,1164 1901,1161 1946,1164 1991,1164 2036,1161 2080,1161 2125,1161 2170,1161"/>
                <Word id="r_11_tl_17_w1" custom="readingOrder {index:0;}">
                    <Coords points="1182,1125 1182,1185 1311,1185 1311,1125"/>
                    <TextEquiv>
                        <Unicode>Abreise</Unicode>
                    </TextEquiv>
                </Word>
                <Word id="r_11_tl_17_w2" custom="readingOrder {index:1;}">
                    <Coords points="1335,1124 1335,1184 1388,1184 1388,1124"/>
                    <TextEquiv>
                        <Unicode>von</Unicode>
                    </TextEquiv>
                </Word>
                <Word id="r_11_tl_17_w3" custom="readingOrder {index:2;}">
                    <Coords points="1419,1130 1419,1190 1565,1190 1565,1130"/>
                    <TextEquiv>
                        <Unicode>Jamaica</Unicode>
                    </TextEquiv>
                </Word>
                <Word id="r_11_tl_17_w4" custom="readingOrder {index:3;}">
                    <Coords points="1590,1127 1590,1187 1648,1187 1648,1127"/>
                    <TextEquiv>
                        <Unicode>hat</Unicode>
                    </TextEquiv>
                </Word>
                <Word id="r_11_tl_17_w5" custom="readingOrder {index:4;}">
                    <Coords points="1666,1127 1666,1187 1713,1187 1713,1127"/>
                    <TextEquiv>
                        <Unicode>der</Unicode>
                    </TextEquiv>
                </Word>
                <Word id="r_11_tl_17_w6" custom="readingOrder {index:5;}">
                    <Coords points="1738,1125 1738,1185 1849,1185 1849,1125"/>
                    <TextEquiv>
                        <Unicode>Ritter</Unicode>
                    </TextEquiv>
                </Word>
                <Word id="r_11_tl_17_w7" custom="readingOrder {index:6;}">
                    <Coords points="1867,1124 1867,1184 2056,1184 2056,1124"/>
                    <TextEquiv>
                        <Unicode>Burnaby,</Unicode>
                    </TextEquiv>
                </Word>
                <Word id="r_11_tl_17_w8" custom="readingOrder {index:7;}">
                    <Coords points="2086,1121 2086,1181 2162,1181 2162,1121"/>
                    <TextEquiv>
                        <Unicode>wel¬</Unicode>
                    </TextEquiv>
                </Word>
                <TextEquiv>
                    <Unicode>Abreise von Jamaica hat der Ritter Burnaby, wel¬</Unicode>
                </TextEquiv>
            </TextLine>
            <TextLine id="r_11_tl_18" custom="readingOrder {index:17;}">
                <Coords points="1183,1225 2161,1220 2161,1178 2078,1168 1183,1175"/>
                <Baseline points="1197,1215 1224,1215 1268,1215 1313,1215 1358,1215 1403,1215 1447,1215 1492,1215 1537,1215 1582,1215 1627,1215 1671,1212 1716,1212 1761,1209 1806,1212 1851,1209 1895,1209 1940,1209 1985,1209 2030,1209 2074,1209 2119,1209 2164,1209"/>
                <Word id="r_11_tl_18_w1" custom="readingOrder {index:0;}">
                    <Coords points="1183,1175 1183,1235 1247,1235 1247,1175"/>
                    <TextEquiv>
                        <Unicode>cher</Unicode>
                    </TextEquiv>
                </Word>
                <Word id="r_11_tl_18_w2" custom="readingOrder {index:1;}">
                    <Coords points="1268,1175 1268,1235 1479,1235 1479,1175"/>
                    <TextEquiv>
                        <Unicode>gegenwärtig</Unicode>
                    </TextEquiv>
                </Word>
                <Word id="r_11_tl_18_w3" custom="readingOrder {index:2;}">
                    <Coords points="1505,1175 1505,1235 1595,1235 1595,1175"/>
                    <TextEquiv>
                        <Unicode>unfre</Unicode>
                    </TextEquiv>
                </Word>
                <Word id="r_11_tl_18_w4" custom="readingOrder {index:3;}">
                    <Coords points="1615,1172 1615,1232 1746,1232 1746,1172"/>
                    <TextEquiv>
                        <Unicode>Escadre</Unicode>
                    </TextEquiv>
                </Word>
                <Word id="r_11_tl_18_w5" custom="readingOrder {index:4;}">
                    <Coords points="1767,1170 1767,1230 1897,1230 1897,1170"/>
                    <TextEquiv>
                        <Unicode>daselbst</Unicode>
                    </TextEquiv>
                </Word>
                <Word id="r_11_tl_18_w6" custom="readingOrder {index:5;}">
                    <Coords points="1918,1169 1918,1229 2159,1229 2159,1169"/>
                    <TextEquiv>
                        <Unicode>commandiret,</Unicode>
                    </TextEquiv>
                </Word>
                <TextEquiv>
                    <Unicode>cher gegenwärtig unfre Escadre daselbst commandiret,</Unicode>
                </TextEquiv>
            </TextLine>
            <TextLine id="r_11_tl_19" custom="readingOrder {index:18;}">
                <Coords points="1165,1278 2166,1271 2166,1220 2119,1215 1168,1228"/>
                <Baseline points="1182,1262 1188,1262 1233,1262 1277,1265 1322,1262 1367,1259 1412,1262 1456,1262 1501,1262 1546,1262 1591,1259 1636,1259 1680,1259 1725,1256 1770,1256 1815,1253 1859,1253 1904,1253 1949,1253 1994,1253 2039,1253 2083,1253 2128,1253 2173,1253"/>
                <Word id="r_11_tl_19_w1" custom="readingOrder {index:0;}">
                    <Coords points="1175,1222 1175,1282 1231,1282 1231,1222"/>
                    <TextEquiv>
                        <Unicode>das</Unicode>
                    </TextEquiv>
                </Word>
                <Word id="r_11_tl_19_w2" custom="readingOrder {index:1;}">
                    <Coords points="1263,1219 1263,1279 1465,1279 1465,1219"/>
                    <TextEquiv>
                        <Unicode>Kriegsschiff</Unicode>
                    </TextEquiv>
                </Word>
                <Word id="r_11_tl_19_w3" custom="readingOrder {index:2;}">
                    <Coords points="1486,1219 1486,1279 1729,1279 1729,1219"/>
                    <TextEquiv>
                        <Unicode>Dreadnought</Unicode>
                    </TextEquiv>
                </Word>
                <Word id="r_11_tl_19_w4" custom="readingOrder {index:3;}">
                    <Coords points="1750,1215 1750,1275 1801,1275 1801,1215"/>
                    <TextEquiv>
                        <Unicode>von</Unicode>
                    </TextEquiv>
                </Word>
                <Word id="r_11_tl_19_w5" custom="readingOrder {index:4;}">
                    <Coords points="1828,1213 1828,1273 1863,1273 1863,1213"/>
                    <TextEquiv>
                        <Unicode>60</Unicode>
                    </TextEquiv>
                </Word>
                <Word id="r_11_tl_19_w6" custom="readingOrder {index:5;}">
                    <Coords points="1890,1213 1890,1273 2040,1273 2040,1213"/>
                    <TextEquiv>
                        <Unicode>Canonen</Unicode>
                    </TextEquiv>
                </Word>
                <Word id="r_11_tl_19_w7" custom="readingOrder {index:6;}">
                    <Coords points="2077,1213 2077,1273 2159,1273 2159,1213"/>
                    <TextEquiv>
                        <Unicode>nebst</Unicode>
                    </TextEquiv>
                </Word>
                <TextEquiv>
                    <Unicode>das Kriegsschiff Dreadnought von 60 Canonen nebst</Unicode>
                </TextEquiv>
            </TextLine>
            <TextLine id="r_11_tl_20" custom="readingOrder {index:19;}">
                <Coords points="1168,1308 1361,1334 2159,1308 2161,1271 2086,1261 1170,1278"/>
                <Baseline points="1182,1307 1224,1307 1268,1310 1313,1307 1358,1307 1403,1307 1447,1307 1492,1304 1537,1304 1582,1304 1627,1304 1671,1301 1716,1301 1761,1301 1806,1301 1851,1298 1895,1295 1940,1295 1985,1295 2030,1295 2074,1298 2119,1298 2164,1301"/>
                <Word id="r_11_tl_20_w1" custom="readingOrder {index:0;}">
                    <Coords points="1177,1267 1177,1327 1263,1327 1263,1267"/>
                    <TextEquiv>
                        <Unicode>einer</Unicode>
                    </TextEquiv>
                </Word>
                <Word id="r_11_tl_20_w2" custom="readingOrder {index:1;}">
                    <Coords points="1282,1267 1282,1327 1427,1327 1427,1267"/>
                    <TextEquiv>
                        <Unicode>Fregatte</Unicode>
                    </TextEquiv>
                </Word>
                <Word id="r_11_tl_20_w3" custom="readingOrder {index:2;}">
                    <Coords points="1447,1264 1447,1324 1634,1324 1634,1264"/>
                    <TextEquiv>
                        <Unicode>abgesandt,</Unicode>
                    </TextEquiv>
                </Word>
                <Word id="r_11_tl_20_w4" custom="readingOrder {index:3;}">
                    <Coords points="1659,1261 1659,1321 1692,1321 1692,1261"/>
                    <TextEquiv>
                        <Unicode>um</Unicode>
                    </TextEquiv>
                </Word>
                <Word id="r_11_tl_20_w5" custom="readingOrder {index:4;}">
                    <Coords points="1736,1261 1736,1321 1760,1321 1760,1261"/>
                    <TextEquiv>
                        <Unicode>in</Unicode>
                    </TextEquiv>
                </Word>
                <Word id="r_11_tl_20_w6" custom="readingOrder {index:5;}">
                    <Coords points="1789,1260 1789,1320 1837,1320 1837,1260"/>
                    <TextEquiv>
                        <Unicode>dem</Unicode>
                    </TextEquiv>
                </Word>
                <Word id="r_11_tl_20_w7" custom="readingOrder {index:6;}">
                    <Coords points="1871,1255 1871,1315 1967,1315 1967,1255"/>
                    <TextEquiv>
                        <Unicode>Golfo</Unicode>
                    </TextEquiv>
                </Word>
                <Word id="r_11_tl_20_w8" custom="readingOrder {index:7;}">
                    <Coords points="1992,1255 1992,1315 2049,1315 2049,1255"/>
                    <TextEquiv>
                        <Unicode>von</Unicode>
                    </TextEquiv>
                </Word>
                <Word id="r_11_tl_20_w9" custom="readingOrder {index:8;}">
                    <Coords points="2069,1258 2069,1318 2160,1318 2160,1258"/>
                    <TextEquiv>
                        <Unicode>Hon¬</Unicode>
                    </TextEquiv>
                </Word>
                <TextEquiv>
                    <Unicode>einer Fregatte abgesandt, um in dem Golfo von Hon¬</Unicode>
                </TextEquiv>
            </TextLine>
            <TextLine id="r_11_tl_21" custom="readingOrder {index:20;}">
                <Coords points="1170,1364 2166,1354 2166,1308 1170,1311"/>
                <Baseline points="1185,1349 1188,1352 1233,1352 1277,1349 1322,1352 1367,1352 1412,1349 1456,1349 1501,1346 1546,1346 1591,1346 1636,1346 1680,1346 1725,1343 1770,1346 1815,1346 1859,1343 1904,1343 1949,1343 1994,1340 2039,1340 2083,1343 2128,1343 2173,1343"/>
                <Word id="r_11_tl_21_w1" custom="readingOrder {index:0;}">
                    <Coords points="1175,1312 1175,1372 1275,1372 1275,1312"/>
                    <TextEquiv>
                        <Unicode>duras</Unicode>
                    </TextEquiv>
                </Word>
                <Word id="r_11_tl_21_w2" custom="readingOrder {index:1;}">
                    <Coords points="1302,1312 1302,1372 1349,1372 1349,1312"/>
                    <TextEquiv>
                        <Unicode>die</Unicode>
                    </TextEquiv>
                </Word>
                <Word id="r_11_tl_21_w3" custom="readingOrder {index:2;}">
                    <Coords points="1366,1309 1366,1369 1513,1369 1513,1309"/>
                    <TextEquiv>
                        <Unicode>englische</Unicode>
                    </TextEquiv>
                </Word>
                <Word id="r_11_tl_21_w4" custom="readingOrder {index:3;}">
                    <Coords points="1535,1306 1535,1366 1661,1366 1661,1306"/>
                    <TextEquiv>
                        <Unicode>Schiffe</Unicode>
                    </TextEquiv>
                </Word>
                <Word id="r_11_tl_21_w5" custom="readingOrder {index:4;}">
                    <Coords points="1678,1305 1678,1365 1703,1365 1703,1305"/>
                    <TextEquiv>
                        <Unicode>zu</Unicode>
                    </TextEquiv>
                </Word>
                <Word id="r_11_tl_21_w6" custom="readingOrder {index:5;}">
                    <Coords points="1730,1306 1730,1366 1857,1366 1857,1306"/>
                    <TextEquiv>
                        <Unicode>decken,</Unicode>
                    </TextEquiv>
                </Word>
                <Word id="r_11_tl_21_w7" custom="readingOrder {index:6;}">
                    <Coords points="1889,1303 1889,1363 1995,1363 1995,1303"/>
                    <TextEquiv>
                        <Unicode>welche</Unicode>
                    </TextEquiv>
                </Word>
                <Word id="r_11_tl_21_w8" custom="readingOrder {index:7;}">
                    <Coords points="2027,1303 2027,1363 2158,1363 2158,1303"/>
                    <TextEquiv>
                        <Unicode>daselbst</Unicode>
                    </TextEquiv>
                </Word>
                <TextEquiv>
                    <Unicode>duras die englische Schiffe zu decken, welche daselbst</Unicode>
                </TextEquiv>
            </TextLine>
            <TextLine id="r_11_tl_22" custom="readingOrder {index:21;}">
                <Coords points="1180,1409 2154,1402 2154,1364 2018,1349 1180,1359"/>
                <Baseline points="1194,1394 1221,1394 1265,1394 1310,1394 1355,1394 1400,1394 1444,1394 1489,1394 1534,1394 1579,1391 1624,1391 1668,1391 1713,1391 1758,1391 1803,1391 1848,1391 1892,1391 1937,1388 1982,1388 2027,1388 2071,1388 2116,1391 2161,1391"/>
                <Word id="r_11_tl_22_w1" custom="readingOrder {index:0;}">
                    <Coords points="1180,1354 1180,1414 1354,1414 1354,1354"/>
                    <TextEquiv>
                        <Unicode>Färbeholz</Unicode>
                    </TextEquiv>
                </Word>
                <Word id="r_11_tl_22_w2" custom="readingOrder {index:1;}">
                    <Coords points="1375,1354 1375,1414 1462,1414 1462,1354"/>
                    <TextEquiv>
                        <Unicode>fällen</Unicode>
                    </TextEquiv>
                </Word>
                <Word id="r_11_tl_22_w3" custom="readingOrder {index:2;}">
                    <Coords points="1489,1354 1489,1414 1545,1414 1545,1354"/>
                    <TextEquiv>
                        <Unicode>und</Unicode>
                    </TextEquiv>
                </Word>
                <Word id="r_11_tl_22_w4" custom="readingOrder {index:3;}">
                    <Coords points="1571,1351 1571,1411 1653,1411 1653,1351"/>
                    <TextEquiv>
                        <Unicode>laden</Unicode>
                    </TextEquiv>
                </Word>
                <Word id="r_11_tl_22_w5" custom="readingOrder {index:4;}">
                    <Coords points="1684,1351 1684,1411 1812,1411 1812,1351"/>
                    <TextEquiv>
                        <Unicode>wollen.</Unicode>
                    </TextEquiv>
                </Word>
                <Word id="r_11_tl_22_w6" custom="readingOrder {index:5;}">
                    <Coords points="1854,1350 1854,1410 1941,1410 1941,1350"/>
                    <TextEquiv>
                        <Unicode>Man</Unicode>
                    </TextEquiv>
                </Word>
                <Word id="r_11_tl_22_w7" custom="readingOrder {index:6;}">
                    <Coords points="1967,1348 1967,1408 2064,1408 2064,1348"/>
                    <TextEquiv>
                        <Unicode>wirbt</Unicode>
                    </TextEquiv>
                </Word>
                <Word id="r_11_tl_22_w8" custom="readingOrder {index:7;}">
                    <Coords points="2081,1350 2081,1410 2147,1410 2147,1350"/>
                    <TextEquiv>
                        <Unicode>jetzo</Unicode>
                    </TextEquiv>
                </Word>
                <TextEquiv>
                    <Unicode>Färbeholz fällen und laden wollen. Man wirbt jetzo</Unicode>
                </TextEquiv>
            </TextLine>
            <TextLine id="r_11_tl_23" custom="readingOrder {index:22;}">
                <Coords points="1175,1454 2159,1457 2159,1402 2111,1399 1175,1409"/>
                <Baseline points="1188,1436 1233,1436 1277,1436 1322,1439 1367,1439 1412,1439 1456,1439 1501,1439 1546,1439 1591,1439 1636,1439 1680,1439 1725,1439 1770,1436 1815,1436 1859,1436 1904,1436 1949,1439 1994,1436 2039,1436 2083,1436 2128,1439 2164,1439"/>
                <Word id="r_11_tl_23_w1" custom="readingOrder {index:0;}">
                    <Coords points="1181,1396 1181,1456 1263,1456 1263,1396"/>
                    <TextEquiv>
                        <Unicode>1600</Unicode>
                    </TextEquiv>
                </Word>
                <Word id="r_11_tl_23_w2" custom="readingOrder {index:1;}">
                    <Coords points="1302,1399 1302,1459 1456,1459 1456,1399"/>
                    <TextEquiv>
                        <Unicode>Rekruten</Unicode>
                    </TextEquiv>
                </Word>
                <Word id="r_11_tl_23_w3" custom="readingOrder {index:2;}">
                    <Coords points="1490,1399 1490,1459 1517,1459 1517,1399"/>
                    <TextEquiv>
                        <Unicode>zu</Unicode>
                    </TextEquiv>
                </Word>
                <Word id="r_11_tl_23_w4" custom="readingOrder {index:3;}">
                    <Coords points="1551,1399 1551,1459 1738,1459 1738,1399"/>
                    <TextEquiv>
                        <Unicode>Mariniers</Unicode>
                    </TextEquiv>
                </Word>
                <Word id="r_11_tl_23_w5" custom="readingOrder {index:4;}">
                    <Coords points="1766,1396 1766,1456 1820,1456 1820,1396"/>
                    <TextEquiv>
                        <Unicode>für</Unicode>
                    </TextEquiv>
                </Word>
                <Word id="r_11_tl_23_w6" custom="readingOrder {index:5;}">
                    <Coords points="1849,1396 1849,1456 1892,1456 1892,1396"/>
                    <TextEquiv>
                        <Unicode>die</Unicode>
                    </TextEquiv>
                </Word>
                <Word id="r_11_tl_23_w7" custom="readingOrder {index:6;}">
                    <Coords points="1915,1396 1915,1456 2157,1456 2157,1396"/>
                    <TextEquiv>
                        <Unicode>Kriegsschiffe,</Unicode>
                    </TextEquiv>
                </Word>
                <TextEquiv>
                    <Unicode>1600 Rekruten zu Mariniers für die Kriegsschiffe,</Unicode>
                </TextEquiv>
            </TextLine>
            <TextLine id="r_11_tl_24" custom="readingOrder {index:23;}">
                <Coords points="1170,1490 2161,1500 2161,1457 2099,1447 1170,1452"/>
                <Baseline points="1185,1483 1230,1483 1274,1483 1319,1483 1364,1486 1409,1483 1453,1483 1498,1483 1543,1486 1588,1483 1633,1486 1677,1486 1722,1486 1767,1483 1812,1483 1857,1483 1901,1483 1946,1483 1991,1483 2036,1483 2080,1483 2125,1486 2167,1489"/>
                <Word id="r_11_tl_24_w1" custom="readingOrder {index:0;}">
                    <Coords points="1180,1443 1180,1503 1287,1503 1287,1443"/>
                    <TextEquiv>
                        <Unicode>welche</Unicode>
                    </TextEquiv>
                </Word>
                <Word id="r_11_tl_24_w2" custom="readingOrder {index:1;}">
                    <Coords points="1319,1444 1319,1504 1370,1504 1370,1444"/>
                    <TextEquiv>
                        <Unicode>zum</Unicode>
                    </TextEquiv>
                </Word>
                <Word id="r_11_tl_24_w3" custom="readingOrder {index:2;}">
                    <Coords points="1417,1443 1417,1503 1545,1503 1545,1443"/>
                    <TextEquiv>
                        <Unicode>kreutzen</Unicode>
                    </TextEquiv>
                </Word>
                <Word id="r_11_tl_24_w4" custom="readingOrder {index:3;}">
                    <Coords points="1582,1443 1582,1503 1607,1503 1607,1443"/>
                    <TextEquiv>
                        <Unicode>in</Unicode>
                    </TextEquiv>
                </Word>
                <Word id="r_11_tl_24_w5" custom="readingOrder {index:4;}">
                    <Coords points="1644,1446 1644,1506 1700,1506 1700,1446"/>
                    <TextEquiv>
                        <Unicode>alle</Unicode>
                    </TextEquiv>
                </Word>
                <Word id="r_11_tl_24_w6" custom="readingOrder {index:5;}">
                    <Coords points="1722,1445 1722,1505 1736,1505 1736,1445"/>
                    <TextEquiv>
                        <Unicode>4</Unicode>
                    </TextEquiv>
                </Word>
                <Word id="r_11_tl_24_w7" custom="readingOrder {index:6;}">
                    <Coords points="1773,1443 1773,1503 1958,1503 1958,1443"/>
                    <TextEquiv>
                        <Unicode>Welttheile</Unicode>
                    </TextEquiv>
                </Word>
                <Word id="r_11_tl_24_w8" custom="readingOrder {index:7;}">
                    <Coords points="1990,1443 1990,1503 2143,1503 2143,1443"/>
                    <TextEquiv>
                        <Unicode>ausgehen</Unicode>
                    </TextEquiv>
                </Word>
                <TextEquiv>
                    <Unicode>welche zum kreutzen in alle 4 Welttheile ausgehen</Unicode>
                </TextEquiv>
            </TextLine>
            <TextLine id="r_11_tl_25" custom="readingOrder {index:24;}">
                <Coords points="1175,1550 2159,1547 2141,1497 1175,1495"/>
                <Baseline points="1188,1534 1233,1534 1277,1531 1322,1531 1367,1528 1412,1531 1456,1531 1501,1531 1546,1531 1591,1534 1636,1534 1680,1534 1725,1534 1770,1531 1815,1531 1859,1531 1904,1531 1949,1534 1994,1534 2039,1534 2083,1534 2128,1534 2164,1534"/>
                <Word id="r_11_tl_25_w1" custom="readingOrder {index:0;}">
                    <Coords points="1181,1493 1181,1553 1288,1553 1288,1493"/>
                    <TextEquiv>
                        <Unicode>sollen.</Unicode>
                    </TextEquiv>
                </Word>
                <Word id="r_11_tl_25_w2" custom="readingOrder {index:1;}">
                    <Coords points="1337,1488 1337,1548 1407,1548 1407,1488"/>
                    <TextEquiv>
                        <Unicode>Die</Unicode>
                    </TextEquiv>
                </Word>
                <Word id="r_11_tl_25_w3" custom="readingOrder {index:2;}">
                    <Coords points="1429,1491 1429,1551 1509,1551 1509,1491"/>
                    <TextEquiv>
                        <Unicode>Höfe</Unicode>
                    </TextEquiv>
                </Word>
                <Word id="r_11_tl_25_w4" custom="readingOrder {index:3;}">
                    <Coords points="1537,1492 1537,1552 1590,1552 1590,1492"/>
                    <TextEquiv>
                        <Unicode>von</Unicode>
                    </TextEquiv>
                </Word>
                <Word id="r_11_tl_25_w5" custom="readingOrder {index:4;}">
                    <Coords points="1618,1494 1618,1554 1790,1554 1790,1494"/>
                    <TextEquiv>
                        <Unicode>Versailles</Unicode>
                    </TextEquiv>
                </Word>
                <Word id="r_11_tl_25_w6" custom="readingOrder {index:5;}">
                    <Coords points="1823,1491 1823,1551 1882,1551 1882,1491"/>
                    <TextEquiv>
                        <Unicode>und</Unicode>
                    </TextEquiv>
                </Word>
                <Word id="r_11_tl_25_w7" custom="readingOrder {index:6;}">
                    <Coords points="1909,1494 1909,1554 2054,1554 2054,1494"/>
                    <TextEquiv>
                        <Unicode>Madritt</Unicode>
                    </TextEquiv>
                </Word>
                <Word id="r_11_tl_25_w8" custom="readingOrder {index:7;}">
                    <Coords points="2077,1494 2077,1554 2157,1554 2157,1494"/>
                    <TextEquiv>
                        <Unicode>sind,</Unicode>
                    </TextEquiv>
                </Word>
                <TextEquiv>
                    <Unicode>sollen. Die Höfe von Versailles und Madritt sind,</Unicode>
                </TextEquiv>
            </TextLine>
            <TextLine id="r_11_tl_26" custom="readingOrder {index:25;}">
                <Coords points="1168,1583 2164,1600 2136,1542 1168,1553"/>
                <Baseline points="1182,1579 1227,1579 1271,1579 1316,1579 1361,1579 1406,1582 1450,1582 1495,1582 1540,1582 1585,1582 1630,1582 1674,1582 1719,1582 1764,1579 1809,1582 1854,1582 1898,1579 1943,1579 1988,1579 2033,1579 2077,1582 2122,1582 2167,1582 2170,1582"/>
                <Word id="r_11_tl_26_w1" custom="readingOrder {index:0;}">
                    <Coords points="1173,1539 1173,1599 1235,1599 1235,1539"/>
                    <TextEquiv>
                        <Unicode>wie</Unicode>
                    </TextEquiv>
                </Word>
                <Word id="r_11_tl_26_w2" custom="readingOrder {index:1;}">
                    <Coords points="1256,1539 1256,1599 1313,1599 1313,1539"/>
                    <TextEquiv>
                        <Unicode>wir</Unicode>
                    </TextEquiv>
                </Word>
                <Word id="r_11_tl_26_w3" custom="readingOrder {index:2;}">
                    <Coords points="1339,1542 1339,1602 1552,1602 1552,1542"/>
                    <TextEquiv>
                        <Unicode>vernehmen,</Unicode>
                    </TextEquiv>
                </Word>
                <Word id="r_11_tl_26_w4" custom="readingOrder {index:3;}">
                    <Coords points="1589,1542 1589,1602 1662,1602 1662,1542"/>
                    <TextEquiv>
                        <Unicode>über</Unicode>
                    </TextEquiv>
                </Word>
                <Word id="r_11_tl_26_w5" custom="readingOrder {index:4;}">
                    <Coords points="1694,1542 1694,1602 1740,1602 1740,1542"/>
                    <TextEquiv>
                        <Unicode>die</Unicode>
                    </TextEquiv>
                </Word>
                <Word id="r_11_tl_26_w6" custom="readingOrder {index:5;}">
                    <Coords points="1767,1542 1767,1602 1860,1602 1860,1542"/>
                    <TextEquiv>
                        <Unicode>neuen</Unicode>
                    </TextEquiv>
                </Word>
                <Word id="r_11_tl_26_w7" custom="readingOrder {index:6;}">
                    <Coords points="1897,1539 1897,1599 2151,1599 2151,1539"/>
                    <TextEquiv>
                        <Unicode>Verbindungen</Unicode>
                    </TextEquiv>
                </Word>
                <TextEquiv>
                    <Unicode>wie wir vernehmen, über die neuen Verbindungen</Unicode>
                </TextEquiv>
            </TextLine>
            <TextLine id="r_11_tl_27" custom="readingOrder {index:26;}">
                <Coords points="1175,1651 2166,1651 2166,1600 2129,1590 1175,1593"/>
                <Baseline points="1188,1633 1230,1627 1274,1630 1319,1630 1364,1630 1409,1630 1453,1630 1498,1630 1543,1630 1588,1630 1633,1630 1677,1630 1722,1630 1767,1630 1812,1630 1857,1630 1901,1630 1946,1630 1991,1630 2036,1630 2080,1630 2125,1630 2170,1630"/>
                <Word id="r_11_tl_27_w1" custom="readingOrder {index:0;}">
                    <Coords points="1181,1588 1181,1648 1320,1648 1320,1588"/>
                    <TextEquiv>
                        <Unicode>zwischen</Unicode>
                    </TextEquiv>
                </Word>
                <Word id="r_11_tl_27_w2" custom="readingOrder {index:1;}">
                    <Coords points="1348,1590 1348,1650 1455,1650 1455,1590"/>
                    <TextEquiv>
                        <Unicode>unserm</Unicode>
                    </TextEquiv>
                </Word>
                <Word id="r_11_tl_27_w3" custom="readingOrder {index:2;}">
                    <Coords points="1494,1590 1494,1650 1553,1650 1553,1590"/>
                    <TextEquiv>
                        <Unicode>und</Unicode>
                    </TextEquiv>
                </Word>
                <Word id="r_11_tl_27_w4" custom="readingOrder {index:3;}">
                    <Coords points="1580,1590 1580,1650 1628,1650 1628,1590"/>
                    <TextEquiv>
                        <Unicode>dem</Unicode>
                    </TextEquiv>
                </Word>
                <Word id="r_11_tl_27_w5" custom="readingOrder {index:4;}">
                    <Coords points="1667,1590 1667,1650 1861,1650 1861,1590"/>
                    <TextEquiv>
                        <Unicode>Lissabonner</Unicode>
                    </TextEquiv>
                </Word>
                <Word id="r_11_tl_27_w6" custom="readingOrder {index:5;}">
                    <Coords points="1883,1590 1883,1650 1969,1650 1969,1590"/>
                    <TextEquiv>
                        <Unicode>Hofe</Unicode>
                    </TextEquiv>
                </Word>
                <Word id="r_11_tl_27_w7" custom="readingOrder {index:6;}">
                    <Coords points="1991,1590 1991,1650 2072,1650 2072,1590"/>
                    <TextEquiv>
                        <Unicode>nicht</Unicode>
                    </TextEquiv>
                </Word>
                <Word id="r_11_tl_27_w8" custom="readingOrder {index:7;}">
                    <Coords points="2089,1590 2089,1650 2153,1650 2153,1590"/>
                    <TextEquiv>
                        <Unicode>sehr</Unicode>
                    </TextEquiv>
                </Word>
                <TextEquiv>
                    <Unicode>zwischen unserm und dem Lissabonner Hofe nicht sehr</Unicode>
                </TextEquiv>
            </TextLine>
            <TextLine id="r_11_tl_28" custom="readingOrder {index:27;}">
                <Coords points="1175,1696 2169,1691 2169,1643 1175,1648"/>
                <Baseline points="1188,1683 1191,1683 1236,1680 1280,1677 1325,1680 1370,1680 1415,1680 1459,1680 1504,1680 1549,1680 1594,1680 1639,1680 1683,1680 1728,1680 1773,1680 1818,1680 1862,1680 1907,1677 1952,1677 1997,1677 2042,1680 2086,1677 2131,1680 2176,1677"/>
                <Word id="r_11_tl_28_w1" custom="readingOrder {index:0;}">
                    <Coords points="1180,1637 1180,1697 1359,1697 1359,1637"/>
                    <TextEquiv>
                        <Unicode>zufrieden.</Unicode>
                    </TextEquiv>
                </Word>
                <Word id="r_11_tl_28_w2" custom="readingOrder {index:1;}">
                    <Coords points="1407,1640 1407,1700 1481,1700 1481,1640"/>
                    <TextEquiv>
                        <Unicode>Der</Unicode>
                    </TextEquiv>
                </Word>
                <Word id="r_11_tl_28_w3" custom="readingOrder {index:2;}">
                    <Coords points="1508,1640 1508,1700 1739,1700 1739,1640"/>
                    <TextEquiv>
                        <Unicode>Ambassadeur</Unicode>
                    </TextEquiv>
                </Word>
                <Word id="r_11_tl_28_w4" custom="readingOrder {index:3;}">
                    <Coords points="1767,1640 1767,1700 1813,1700 1813,1640"/>
                    <TextEquiv>
                        <Unicode>des</Unicode>
                    </TextEquiv>
                </Word>
                <Word id="r_11_tl_28_w5" custom="readingOrder {index:4;}">
                    <Coords points="1846,1637 1846,1697 2067,1697 2067,1637"/>
                    <TextEquiv>
                        <Unicode>erstgedachten</Unicode>
                    </TextEquiv>
                </Word>
                <Word id="r_11_tl_28_w6" custom="readingOrder {index:5;}">
                    <Coords points="2094,1639 2094,1699 2162,1699 2162,1639"/>
                    <TextEquiv>
                        <Unicode>Ho¬</Unicode>
                    </TextEquiv>
                </Word>
                <TextEquiv>
                    <Unicode>zufrieden. Der Ambassadeur des erstgedachten Ho¬</Unicode>
                </TextEquiv>
            </TextLine>
            <TextLine id="r_11_tl_29" custom="readingOrder {index:28;}">
                <Coords points="1180,1746 2164,1739 2164,1693 2086,1681 1180,1696"/>
                <Baseline points="1194,1731 1230,1728 1274,1728 1319,1731 1364,1728 1409,1731 1453,1728 1498,1731 1543,1731 1588,1731 1633,1731 1677,1731 1722,1731 1767,1731 1812,1731 1857,1728 1901,1728 1946,1728 1991,1731 2036,1728 2080,1731 2125,1731 2170,1725"/>
                <Word id="r_11_tl_29_w1" custom="readingOrder {index:0;}">
                    <Coords points="1181,1690 1181,1750 1226,1750 1226,1690"/>
                    <TextEquiv>
                        <Unicode>fes</Unicode>
                    </TextEquiv>
                </Word>
                <Word id="r_11_tl_29_w2" custom="readingOrder {index:1;}">
                    <Coords points="1250,1689 1250,1749 1341,1749 1341,1689"/>
                    <TextEquiv>
                        <Unicode>Graf</Unicode>
                    </TextEquiv>
                </Word>
                <Word id="r_11_tl_29_w3" custom="readingOrder {index:2;}">
                    <Coords points="1359,1689 1359,1749 1410,1749 1410,1689"/>
                    <TextEquiv>
                        <Unicode>von</Unicode>
                    </TextEquiv>
                </Word>
                <Word id="r_11_tl_29_w4" custom="readingOrder {index:3;}">
                    <Coords points="1435,1691 1435,1751 1572,1751 1572,1691"/>
                    <TextEquiv>
                        <Unicode>Guerchy</Unicode>
                    </TextEquiv>
                </Word>
                <Word id="r_11_tl_29_w5" custom="readingOrder {index:4;}">
                    <Coords points="1602,1691 1602,1751 1653,1751 1653,1691"/>
                    <TextEquiv>
                        <Unicode>hat</Unicode>
                    </TextEquiv>
                </Word>
                <Word id="r_11_tl_29_w6" custom="readingOrder {index:5;}">
                    <Coords points="1677,1691 1677,1751 1700,1751 1700,1691"/>
                    <TextEquiv>
                        <Unicode>in</Unicode>
                    </TextEquiv>
                </Word>
                <Word id="r_11_tl_29_w7" custom="readingOrder {index:6;}">
                    <Coords points="1729,1691 1729,1751 1826,1751 1826,1691"/>
                    <TextEquiv>
                        <Unicode>diesen</Unicode>
                    </TextEquiv>
                </Word>
                <Word id="r_11_tl_29_w8" custom="readingOrder {index:7;}">
                    <Coords points="1850,1688 1850,1748 1948,1748 1948,1688"/>
                    <TextEquiv>
                        <Unicode>Tagen</Unicode>
                    </TextEquiv>
                </Word>
                <Word id="r_11_tl_29_w9" custom="readingOrder {index:8;}">
                    <Coords points="1977,1690 1977,1750 2034,1750 2034,1690"/>
                    <TextEquiv>
                        <Unicode>mit</Unicode>
                    </TextEquiv>
                </Word>
                <Word id="r_11_tl_29_w10" custom="readingOrder {index:9;}">
                    <Coords points="2058,1691 2058,1751 2138,1751 2138,1691"/>
                    <TextEquiv>
                        <Unicode>einem</Unicode>
                    </TextEquiv>
                </Word>
                <TextEquiv>
                    <Unicode>fes Graf von Guerchy hat in diesen Tagen mit einem</Unicode>
                </TextEquiv>
            </TextLine>
            <TextLine id="r_11_tl_30" custom="readingOrder {index:29;}">
                <Coords points="1178,1799 2169,1799 2136,1739 1178,1746"/>
                <Baseline points="1191,1782 1236,1782 1280,1779 1325,1782 1370,1782 1415,1782 1459,1782 1504,1782 1549,1782 1594,1782 1639,1782 1683,1782 1728,1779 1773,1782 1818,1782 1862,1782 1907,1779 1952,1779 1997,1779 2042,1782 2086,1782 2131,1782 2173,1782"/>
                <Word id="r_11_tl_30_w1" custom="readingOrder {index:0;}">
                    <Coords points="1185,1740 1185,1800 1323,1800 1323,1740"/>
                    <TextEquiv>
                        <Unicode>Courier</Unicode>
                    </TextEquiv>
                </Word>
                <Word id="r_11_tl_30_w2" custom="readingOrder {index:1;}">
                    <Coords points="1352,1742 1352,1802 1392,1802 1392,1742"/>
                    <TextEquiv>
                        <Unicode>ein</Unicode>
                    </TextEquiv>
                </Word>
                <Word id="r_11_tl_30_w3" custom="readingOrder {index:2;}">
                    <Coords points="1433,1742 1433,1802 1617,1802 1617,1742"/>
                    <TextEquiv>
                        <Unicode>Memorial</Unicode>
                    </TextEquiv>
                </Word>
                <Word id="r_11_tl_30_w4" custom="readingOrder {index:3;}">
                    <Coords points="1646,1742 1646,1802 1704,1802 1704,1742"/>
                    <TextEquiv>
                        <Unicode>von</Unicode>
                    </TextEquiv>
                </Word>
                <Word id="r_11_tl_30_w5" custom="readingOrder {index:4;}">
                    <Coords points="1751,1742 1751,1802 1842,1802 1842,1742"/>
                    <TextEquiv>
                        <Unicode>seinem</Unicode>
                    </TextEquiv>
                </Word>
                <Word id="r_11_tl_30_w6" custom="readingOrder {index:5;}">
                    <Coords points="1889,1739 1889,1799 1975,1799 1975,1739"/>
                    <TextEquiv>
                        <Unicode>Hofe</Unicode>
                    </TextEquiv>
                </Word>
                <Word id="r_11_tl_30_w7" custom="readingOrder {index:6;}">
                    <Coords points="2005,1742 2005,1802 2160,1802 2160,1742"/>
                    <TextEquiv>
                        <Unicode>erhalten,</Unicode>
                    </TextEquiv>
                </Word>
                <TextEquiv>
                    <Unicode>Courier ein Memorial von seinem Hofe erhalten,</Unicode>
                </TextEquiv>
            </TextLine>
            <TextLine id="r_11_tl_31" custom="readingOrder {index:30;}">
                <Coords points="1180,1837 2166,1839 2166,1797 2129,1789 1180,1799"/>
                <Baseline points="1194,1830 1233,1830 1277,1830 1322,1833 1367,1830 1412,1830 1456,1833 1501,1833 1546,1833 1591,1833 1636,1833 1680,1833 1725,1833 1770,1833 1815,1830 1859,1830 1904,1830 1949,1830 1994,1830 2039,1830 2083,1827 2128,1830 2173,1827"/>
                <Word id="r_11_tl_31_w1" custom="readingOrder {index:0;}">
                    <Coords points="1186,1790 1186,1850 1314,1850 1314,1790"/>
                    <TextEquiv>
                        <Unicode>welches</Unicode>
                    </TextEquiv>
                </Word>
                <Word id="r_11_tl_31_w2" custom="readingOrder {index:1;}">
                    <Coords points="1348,1790 1348,1850 1374,1850 1374,1790"/>
                    <TextEquiv>
                        <Unicode>er</Unicode>
                    </TextEquiv>
                </Word>
                <Word id="r_11_tl_31_w3" custom="readingOrder {index:2;}">
                    <Coords points="1401,1792 1401,1852 1509,1852 1509,1792"/>
                    <TextEquiv>
                        <Unicode>seitdem</Unicode>
                    </TextEquiv>
                </Word>
                <Word id="r_11_tl_31_w4" custom="readingOrder {index:3;}">
                    <Coords points="1559,1793 1559,1853 1612,1853 1612,1793"/>
                    <TextEquiv>
                        <Unicode>dem</Unicode>
                    </TextEquiv>
                </Word>
                <Word id="r_11_tl_31_w5" custom="readingOrder {index:4;}">
                    <Coords points="1656,1793 1656,1853 1801,1853 1801,1793"/>
                    <TextEquiv>
                        <Unicode>unsrigen</Unicode>
                    </TextEquiv>
                </Word>
                <Word id="r_11_tl_31_w6" custom="readingOrder {index:5;}">
                    <Coords points="1834,1790 1834,1850 2023,1850 2023,1790"/>
                    <TextEquiv>
                        <Unicode>zugestellet.</Unicode>
                    </TextEquiv>
                </Word>
                <Word id="r_11_tl_31_w7" custom="readingOrder {index:6;}">
                    <Coords points="2083,1789 2083,1849 2158,1849 2158,1789"/>
                    <TextEquiv>
                        <Unicode>Der</Unicode>
                    </TextEquiv>
                </Word>
                <TextEquiv>
                    <Unicode>welches er seitdem dem unsrigen zugestellet. Der</Unicode>
                </TextEquiv>
            </TextLine>
            <TextLine id="r_11_tl_32" custom="readingOrder {index:31;}">
                <Coords points="1183,1885 2169,1895 2169,1842 2068,1834 1183,1837"/>
                <Baseline points="1197,1880 1241,1874 1286,1874 1331,1874 1376,1874 1421,1874 1465,1874 1510,1877 1555,1877 1600,1877 1645,1877 1689,1874 1734,1877 1779,1877 1824,1877 1868,1877 1913,1877 1958,1877 2003,1877 2048,1880 2092,1877 2137,1877 2176,1880"/>
                <Word id="r_11_tl_32_w1" custom="readingOrder {index:0;}">
                    <Coords points="1183,1834 1183,1894 1312,1894 1312,1834"/>
                    <TextEquiv>
                        <Unicode>Inhalt</Unicode>
                    </TextEquiv>
                </Word>
                <Word id="r_11_tl_32_w2" custom="readingOrder {index:1;}">
                    <Coords points="1334,1834 1334,1894 1474,1894 1474,1834"/>
                    <TextEquiv>
                        <Unicode>desselben</Unicode>
                    </TextEquiv>
                </Word>
                <Word id="r_11_tl_32_w3" custom="readingOrder {index:2;}">
                    <Coords points="1508,1837 1508,1897 1545,1897 1545,1837"/>
                    <TextEquiv>
                        <Unicode>ist</Unicode>
                    </TextEquiv>
                </Word>
                <Word id="r_11_tl_32_w4" custom="readingOrder {index:3;}">
                    <Coords points="1573,1837 1573,1897 1621,1897 1621,1837"/>
                    <TextEquiv>
                        <Unicode>bis</Unicode>
                    </TextEquiv>
                </Word>
                <Word id="r_11_tl_32_w5" custom="readingOrder {index:4;}">
                    <Coords points="1648,1834 1648,1894 1701,1894 1701,1834"/>
                    <TextEquiv>
                        <Unicode>itzo</Unicode>
                    </TextEquiv>
                </Word>
                <Word id="r_11_tl_32_w6" custom="readingOrder {index:5;}">
                    <Coords points="1735,1837 1735,1897 1777,1897 1777,1837"/>
                    <TextEquiv>
                        <Unicode>ein</Unicode>
                    </TextEquiv>
                </Word>
                <Word id="r_11_tl_32_w7" custom="readingOrder {index:6;}">
                    <Coords points="1805,1837 1805,1897 2021,1897 2021,1837"/>
                    <TextEquiv>
                        <Unicode>Geheimniß.</Unicode>
                    </TextEquiv>
                </Word>
                <Word id="r_11_tl_32_w8" custom="readingOrder {index:7;}">
                    <Coords points="2064,1837 2064,1897 2156,1897 2156,1837"/>
                    <TextEquiv>
                        <Unicode>Nach</Unicode>
                    </TextEquiv>
                </Word>
                <TextEquiv>
                    <Unicode>Inhalt desselben ist bis itzo ein Geheimniß. Nach</Unicode>
                </TextEquiv>
            </TextLine>
            <TextLine id="r_11_tl_33" custom="readingOrder {index:32;}">
                <Coords points="1178,1925 2169,1943 2144,1887 1178,1890"/>
                <Baseline points="1191,1910 1236,1916 1280,1913 1325,1916 1370,1916 1415,1919 1459,1916 1504,1919 1549,1919 1594,1919 1639,1919 1683,1919 1728,1922 1773,1922 1818,1922 1862,1919 1907,1922 1952,1919 1997,1922 2042,1922 2086,1922 2131,1925 2176,1925"/>
                <Word id="r_11_tl_33_w1" custom="readingOrder {index:0;}">
                    <Coords points="1185,1872 1185,1932 1233,1932 1233,1872"/>
                    <TextEquiv>
                        <Unicode>dem</Unicode>
                    </TextEquiv>
                </Word>
                <Word id="r_11_tl_33_w2" custom="readingOrder {index:1;}">
                    <Coords points="1277,1876 1277,1936 1445,1936 1445,1876"/>
                    <TextEquiv>
                        <Unicode>Schaden,</Unicode>
                    </TextEquiv>
                </Word>
                <Word id="r_11_tl_33_w3" custom="readingOrder {index:2;}">
                    <Coords points="1463,1879 1463,1939 1586,1939 1586,1879"/>
                    <TextEquiv>
                        <Unicode>welchen</Unicode>
                    </TextEquiv>
                </Word>
                <Word id="r_11_tl_33_w4" custom="readingOrder {index:3;}">
                    <Coords points="1618,1879 1618,1939 1670,1939 1670,1879"/>
                    <TextEquiv>
                        <Unicode>das</Unicode>
                    </TextEquiv>
                </Word>
                <Word id="r_11_tl_33_w5" custom="readingOrder {index:4;}">
                    <Coords points="1693,1881 1693,1941 1944,1941 1944,1881"/>
                    <TextEquiv>
                        <Unicode>Donnerwetter</Unicode>
                    </TextEquiv>
                </Word>
                <Word id="r_11_tl_33_w6" custom="readingOrder {index:5;}">
                    <Coords points="1971,1882 1971,1942 2023,1942 2023,1882"/>
                    <TextEquiv>
                        <Unicode>vom</Unicode>
                    </TextEquiv>
                </Word>
                <Word id="r_11_tl_33_w7" custom="readingOrder {index:6;}">
                    <Coords points="2068,1883 2068,1943 2155,1943 2155,1883"/>
                    <TextEquiv>
                        <Unicode>18ten</Unicode>
                    </TextEquiv>
                </Word>
                <TextEquiv>
                    <Unicode>dem Schaden, welchen das Donnerwetter vom 18ten</Unicode>
                </TextEquiv>
            </TextLine>
            <TextLine id="r_11_tl_34" custom="readingOrder {index:33;}">
                <Coords points="1175,1970 2172,1988 2172,1940 2124,1932 1175,1927"/>
                <Baseline points="1188,1955 1233,1955 1277,1958 1322,1958 1367,1958 1412,1961 1456,1961 1501,1964 1546,1961 1591,1964 1636,1964 1680,1964 1725,1964 1770,1967 1815,1967 1859,1967 1904,1967 1949,1967 1994,1967 2039,1970 2083,1970 2128,1973 2173,1976 2179,1976"/>
                <Word id="r_11_tl_34_w1" custom="readingOrder {index:0;}">
                    <Coords points="1181,1915 1181,1975 1280,1975 1280,1915"/>
                    <TextEquiv>
                        <Unicode>dieses</Unicode>
                    </TextEquiv>
                </Word>
                <Word id="r_11_tl_34_w2" custom="readingOrder {index:1;}">
                    <Coords points="1314,1918 1314,1978 1346,1978 1346,1918"/>
                    <TextEquiv>
                        <Unicode>an</Unicode>
                    </TextEquiv>
                </Word>
                <Word id="r_11_tl_34_w3" custom="readingOrder {index:2;}">
                    <Coords points="1380,1920 1380,1980 1429,1980 1429,1920"/>
                    <TextEquiv>
                        <Unicode>dem</Unicode>
                    </TextEquiv>
                </Word>
                <Word id="r_11_tl_34_w4" custom="readingOrder {index:3;}">
                    <Coords points="1468,1923 1468,1983 1539,1983 1539,1923"/>
                    <TextEquiv>
                        <Unicode>St.</Unicode>
                    </TextEquiv>
                </Word>
                <Word id="r_11_tl_34_w5" custom="readingOrder {index:4;}">
                    <Coords points="1562,1924 1562,1984 1683,1984 1683,1924"/>
                    <TextEquiv>
                        <Unicode>Brides</Unicode>
                    </TextEquiv>
                </Word>
                <Word id="r_11_tl_34_w6" custom="readingOrder {index:5;}">
                    <Coords points="1722,1927 1722,1987 1832,1987 1832,1927"/>
                    <TextEquiv>
                        <Unicode>Thurm</Unicode>
                    </TextEquiv>
                </Word>
                <Word id="r_11_tl_34_w7" custom="readingOrder {index:6;}">
                    <Coords points="1877,1927 1877,1987 2070,1987 2070,1927"/>
                    <TextEquiv>
                        <Unicode>verursachet</Unicode>
                    </TextEquiv>
                </Word>
                <Word id="r_11_tl_34_w8" custom="readingOrder {index:7;}">
                    <Coords points="2092,1933 2092,1993 2164,1993 2164,1933"/>
                    <TextEquiv>
                        <Unicode>hat,</Unicode>
                    </TextEquiv>
                </Word>
                <TextEquiv>
                    <Unicode>dieses an dem St. Brides Thurm verursachet hat,</Unicode>
                </TextEquiv>
            </TextLine>
            <TextLine id="r_11_tl_35" custom="readingOrder {index:34;}">
                <Coords points="1175,2021 2172,2026 2146,1980 1175,1963"/>
                <Baseline points="1188,2003 1233,2003 1277,2003 1322,2003 1367,2003 1412,2006 1456,2006 1501,2009 1546,2006 1591,2006 1636,2009 1680,2009 1725,2012 1770,2012 1815,2009 1859,2009 1904,2012 1949,2012 1994,2012 2039,2012 2083,2012 2128,2015 2173,2015 2179,2018"/>
                <Word id="r_11_tl_35_w1" custom="readingOrder {index:0;}">
                    <Coords points="1180,1963 1180,2023 1279,2023 1279,1963"/>
                    <TextEquiv>
                        <Unicode>haben</Unicode>
                    </TextEquiv>
                </Word>
                <Word id="r_11_tl_35_w2" custom="readingOrder {index:1;}">
                    <Coords points="1310,1963 1310,2023 1355,2023 1355,1963"/>
                    <TextEquiv>
                        <Unicode>die</Unicode>
                    </TextEquiv>
                </Word>
                <Word id="r_11_tl_35_w3" custom="readingOrder {index:2;}">
                    <Coords points="1375,1967 1375,2027 1672,2027 1672,1967"/>
                    <TextEquiv>
                        <Unicode>Kirchenvorsteher</Unicode>
                    </TextEquiv>
                </Word>
                <Word id="r_11_tl_35_w4" custom="readingOrder {index:3;}">
                    <Coords points="1698,1972 1698,2032 1753,2032 1753,1972"/>
                    <TextEquiv>
                        <Unicode>und</Unicode>
                    </TextEquiv>
                </Word>
                <Word id="r_11_tl_35_w5" custom="readingOrder {index:4;}">
                    <Coords points="1783,1969 1783,2029 1828,2029 1828,1969"/>
                    <TextEquiv>
                        <Unicode>die</Unicode>
                    </TextEquiv>
                </Word>
                <Word id="r_11_tl_35_w6" custom="readingOrder {index:5;}">
                    <Coords points="1844,1972 1844,2032 2060,2032 2060,1972"/>
                    <TextEquiv>
                        <Unicode>vornehmsten</Unicode>
                    </TextEquiv>
                </Word>
                <Word id="r_11_tl_35_w7" custom="readingOrder {index:6;}">
                    <Coords points="2090,1974 2090,2034 2165,2034 2165,1974"/>
                    <TextEquiv>
                        <Unicode>Ein¬</Unicode>
                    </TextEquiv>
                </Word>
                <TextEquiv>
                    <Unicode>haben die Kirchenvorsteher und die vornehmsten Ein¬</Unicode>
                </TextEquiv>
            </TextLine>
            <TextLine id="r_11_tl_36" custom="readingOrder {index:35;}">
                <Coords points="1175,2109 2169,2124 2169,2073 2126,2068 1175,2066"/>
                <Baseline points="1188,2095 1233,2095 1277,2095 1322,2092 1367,2095 1412,2095 1456,2098 1501,2095 1546,2095 1591,2095 1636,2095 1680,2095 1725,2098 1770,2098 1815,2098 1859,2098 1904,2101 1949,2098 1994,2101 2039,2101 2083,2101 2128,2104 2173,2107 2176,2107"/>
                <Word id="r_11_tl_36_w1" custom="readingOrder {index:0;}">
                    <Coords points="1180,2055 1180,2115 1248,2115 1248,2055"/>
                    <TextEquiv>
                        <Unicode>let,</Unicode>
                    </TextEquiv>
                </Word>
                <Word id="r_11_tl_36_w2" custom="readingOrder {index:1;}">
                    <Coords points="1270,2053 1270,2113 1322,2113 1322,2053"/>
                    <TextEquiv>
                        <Unicode>bey</Unicode>
                    </TextEquiv>
                </Word>
                <Word id="r_11_tl_36_w3" custom="readingOrder {index:2;}">
                    <Coords points="1344,2055 1344,2115 1470,2115 1470,2055"/>
                    <TextEquiv>
                        <Unicode>welcher</Unicode>
                    </TextEquiv>
                </Word>
                <Word id="r_11_tl_36_w4" custom="readingOrder {index:3;}">
                    <Coords points="1497,2055 1497,2115 1671,2115 1671,2055"/>
                    <TextEquiv>
                        <Unicode>beschlossen</Unicode>
                    </TextEquiv>
                </Word>
                <Word id="r_11_tl_36_w5" custom="readingOrder {index:4;}">
                    <Coords points="1703,2058 1703,2118 1835,2118 1835,2058"/>
                    <TextEquiv>
                        <Unicode>wurde,</Unicode>
                    </TextEquiv>
                </Word>
                <Word id="r_11_tl_36_w6" custom="readingOrder {index:5;}">
                    <Coords points="1867,2060 1867,2120 1919,2120 1919,2060"/>
                    <TextEquiv>
                        <Unicode>daß</Unicode>
                    </TextEquiv>
                </Word>
                <Word id="r_11_tl_36_w7" custom="readingOrder {index:6;}">
                    <Coords points="1957,2058 1957,2118 1967,2118 1967,2058"/>
                    <TextEquiv>
                        <Unicode>2</Unicode>
                    </TextEquiv>
                </Word>
                <Word id="r_11_tl_36_w8" custom="readingOrder {index:7;}">
                    <Coords points="1999,2061 1999,2121 2157,2121 2157,2061"/>
                    <TextEquiv>
                        <Unicode>geschickte</Unicode>
                    </TextEquiv>
                </Word>
                <TextEquiv>
                    <Unicode>let, bey welcher beschlossen wurde, daß 2 geschickte</Unicode>
                </TextEquiv>
            </TextLine>
            <TextLine id="r_11_tl_37" custom="readingOrder {index:36;}">
                <Coords points="1183,2159 2166,2174 2166,2119 2106,2111 1183,2106"/>
                <Baseline points="1197,2143 1241,2143 1286,2143 1331,2143 1376,2140 1421,2143 1465,2143 1510,2143 1555,2143 1600,2143 1645,2146 1689,2143 1734,2146 1779,2146 1824,2146 1868,2146 1913,2143 1958,2146 2003,2149 2048,2149 2092,2152 2137,2152 2173,2152"/>
                <Word id="r_11_tl_37_w1" custom="readingOrder {index:0;}">
                    <Coords points="1184,2103 1184,2163 1393,2163 1393,2103"/>
                    <TextEquiv>
                        <Unicode>Baumeister</Unicode>
                    </TextEquiv>
                </Word>
                <Word id="r_11_tl_37_w2" custom="readingOrder {index:1;}">
                    <Coords points="1416,2103 1416,2163 1466,2163 1466,2103"/>
                    <TextEquiv>
                        <Unicode>das</Unicode>
                    </TextEquiv>
                </Word>
                <Word id="r_11_tl_37_w3" custom="readingOrder {index:2;}">
                    <Coords points="1495,2103 1495,2163 1591,2163 1591,2103"/>
                    <TextEquiv>
                        <Unicode>ganze</Unicode>
                    </TextEquiv>
                </Word>
                <Word id="r_11_tl_37_w4" custom="readingOrder {index:3;}">
                    <Coords points="1614,2106 1614,2166 1897,2166 1897,2106"/>
                    <TextEquiv>
                        <Unicode>Kirchengebäude</Unicode>
                    </TextEquiv>
                </Word>
                <Word id="r_11_tl_37_w5" custom="readingOrder {index:4;}">
                    <Coords points="1926,2107 1926,2167 2022,2167 2022,2107"/>
                    <TextEquiv>
                        <Unicode>genau</Unicode>
                    </TextEquiv>
                </Word>
                <Word id="r_11_tl_37_w6" custom="readingOrder {index:5;}">
                    <Coords points="2056,2112 2056,2172 2168,2172 2168,2112"/>
                    <TextEquiv>
                        <Unicode>besich¬</Unicode>
                    </TextEquiv>
                </Word>
                <TextEquiv>
                    <Unicode>Baumeister das ganze Kirchengebäude genau besich¬</Unicode>
                </TextEquiv>
            </TextLine>
            <TextLine id="r_11_tl_38" custom="readingOrder {index:37;}">
                <Coords points="1175,2199 2166,2219 2166,2174 2058,2156 1175,2166"/>
                <Baseline points="1188,2191 1233,2191 1277,2191 1322,2194 1367,2191 1412,2188 1456,2191 1501,2191 1546,2194 1591,2194 1636,2191 1680,2197 1725,2197 1770,2197 1815,2197 1859,2197 1904,2197 1949,2197 1994,2197 2039,2200 2083,2200 2128,2203 2173,2200 2176,2197"/>
                <Word id="r_11_tl_38_w1" custom="readingOrder {index:0;}">
                    <Coords points="1183,2151 1183,2211 1260,2211 1260,2151"/>
                    <TextEquiv>
                        <Unicode>tigen</Unicode>
                    </TextEquiv>
                </Word>
                <Word id="r_11_tl_38_w2" custom="readingOrder {index:1;}">
                    <Coords points="1291,2152 1291,2212 1410,2212 1410,2152"/>
                    <TextEquiv>
                        <Unicode>sollten.</Unicode>
                    </TextEquiv>
                </Word>
                <Word id="r_11_tl_38_w3" custom="readingOrder {index:2;}">
                    <Coords points="1459,2151 1459,2211 1531,2211 1531,2151"/>
                    <TextEquiv>
                        <Unicode>Bis</Unicode>
                    </TextEquiv>
                </Word>
                <Word id="r_11_tl_38_w4" custom="readingOrder {index:3;}">
                    <Coords points="1555,2152 1555,2212 1663,2212 1663,2152"/>
                    <TextEquiv>
                        <Unicode>solches</Unicode>
                    </TextEquiv>
                </Word>
                <Word id="r_11_tl_38_w5" custom="readingOrder {index:4;}">
                    <Coords points="1688,2157 1688,2217 1873,2217 1873,2157"/>
                    <TextEquiv>
                        <Unicode>geschehen,</Unicode>
                    </TextEquiv>
                </Word>
                <Word id="r_11_tl_38_w6" custom="readingOrder {index:5;}">
                    <Coords points="1898,2157 1898,2217 1958,2217 1958,2157"/>
                    <TextEquiv>
                        <Unicode>und</Unicode>
                    </TextEquiv>
                </Word>
                <Word id="r_11_tl_38_w7" custom="readingOrder {index:6;}">
                    <Coords points="1988,2159 1988,2219 2060,2219 2060,2159"/>
                    <TextEquiv>
                        <Unicode>man</Unicode>
                    </TextEquiv>
                </Word>
                <Word id="r_11_tl_38_w8" custom="readingOrder {index:7;}">
                    <Coords points="2097,2162 2097,2222 2162,2222 2162,2162"/>
                    <TextEquiv>
                        <Unicode>ver¬</Unicode>
                    </TextEquiv>
                </Word>
                <TextEquiv>
                    <Unicode>tigen sollten. Bis solches geschehen, und man ver¬</Unicode>
                </TextEquiv>
            </TextLine>
            <TextLine id="r_11_tl_39" custom="readingOrder {index:38;}">
                <Coords points="1190,2262 2164,2260 2164,2209 1190,2202"/>
                <Baseline points="1203,2242 1247,2239 1292,2239 1337,2239 1382,2239 1427,2239 1471,2239 1516,2242 1561,2242 1606,2245 1650,2245 1695,2245 1740,2248 1785,2248 1830,2245 1874,2245 1919,2245 1964,2245 2009,2248 2054,2251 2098,2251 2143,2254 2170,2251"/>
                <Word id="r_11_tl_39_w1" custom="readingOrder {index:0;}">
                    <Coords points="1185,2199 1185,2259 1291,2259 1291,2199"/>
                    <TextEquiv>
                        <Unicode>sichert</Unicode>
                    </TextEquiv>
                </Word>
                <Word id="r_11_tl_39_w2" custom="readingOrder {index:1;}">
                    <Coords points="1315,2199 1315,2259 1373,2259 1373,2199"/>
                    <TextEquiv>
                        <Unicode>ist,</Unicode>
                    </TextEquiv>
                </Word>
                <Word id="r_11_tl_39_w3" custom="readingOrder {index:2;}">
                    <Coords points="1410,2199 1410,2259 1462,2259 1462,2199"/>
                    <TextEquiv>
                        <Unicode>daß</Unicode>
                    </TextEquiv>
                </Word>
                <Word id="r_11_tl_39_w4" custom="readingOrder {index:3;}">
                    <Coords points="1493,2202 1493,2262 1539,2262 1539,2202"/>
                    <TextEquiv>
                        <Unicode>die</Unicode>
                    </TextEquiv>
                </Word>
                <Word id="r_11_tl_39_w5" custom="readingOrder {index:4;}">
                    <Coords points="1569,2205 1569,2265 1681,2265 1681,2205"/>
                    <TextEquiv>
                        <Unicode>Kirche</Unicode>
                    </TextEquiv>
                </Word>
                <Word id="r_11_tl_39_w6" custom="readingOrder {index:5;}">
                    <Coords points="1712,2208 1712,2268 1818,2268 1818,2208"/>
                    <TextEquiv>
                        <Unicode>keinen</Unicode>
                    </TextEquiv>
                </Word>
                <Word id="r_11_tl_39_w7" custom="readingOrder {index:6;}">
                    <Coords points="1848,2205 1848,2265 1971,2265 1971,2205"/>
                    <TextEquiv>
                        <Unicode>weitern</Unicode>
                    </TextEquiv>
                </Word>
                <Word id="r_11_tl_39_w8" custom="readingOrder {index:7;}">
                    <Coords points="2008,2211 2008,2271 2154,2271 2154,2211"/>
                    <TextEquiv>
                        <Unicode>Schaden</Unicode>
                    </TextEquiv>
                </Word>
                <TextEquiv>
                    <Unicode>sichert ist, daß die Kirche keinen weitern Schaden</Unicode>
                </TextEquiv>
            </TextLine>
            <TextLine id="r_11_tl_40" custom="readingOrder {index:39;}">
                <Coords points="1178,2310 2169,2320 2166,2260 1175,2257"/>
                <Baseline points="1191,2295 1236,2289 1280,2286 1325,2286 1370,2286 1415,2286 1459,2286 1504,2289 1549,2292 1594,2292 1639,2295 1683,2298 1728,2295 1773,2298 1818,2295 1862,2295 1907,2295 1952,2295 1997,2295 2042,2298 2086,2301 2131,2301 2173,2301"/>
                <Word id="r_11_tl_40_w1" custom="readingOrder {index:0;}">
                    <Coords points="1182,2246 1182,2306 1395,2306 1395,2246"/>
                    <TextEquiv>
                        <Unicode>genommen,</Unicode>
                    </TextEquiv>
                </Word>
                <Word id="r_11_tl_40_w2" custom="readingOrder {index:1;}">
                    <Coords points="1419,2246 1419,2306 1477,2306 1477,2246"/>
                    <TextEquiv>
                        <Unicode>hat</Unicode>
                    </TextEquiv>
                </Word>
                <Word id="r_11_tl_40_w3" custom="readingOrder {index:2;}">
                    <Coords points="1503,2251 1503,2311 1573,2311 1573,2251"/>
                    <TextEquiv>
                        <Unicode>auch</Unicode>
                    </TextEquiv>
                </Word>
                <Word id="r_11_tl_40_w4" custom="readingOrder {index:3;}">
                    <Coords points="1603,2253 1603,2313 1632,2313 1632,2253"/>
                    <TextEquiv>
                        <Unicode>in</Unicode>
                    </TextEquiv>
                </Word>
                <Word id="r_11_tl_40_w5" custom="readingOrder {index:4;}">
                    <Coords points="1662,2255 1662,2315 1815,2315 1815,2255"/>
                    <TextEquiv>
                        <Unicode>derselben</Unicode>
                    </TextEquiv>
                </Word>
                <Word id="r_11_tl_40_w6" custom="readingOrder {index:5;}">
                    <Coords points="1852,2255 1852,2315 1911,2315 1911,2255"/>
                    <TextEquiv>
                        <Unicode>kein</Unicode>
                    </TextEquiv>
                </Word>
                <Word id="r_11_tl_40_w7" custom="readingOrder {index:6;}">
                    <Coords points="1941,2258 1941,2318 2165,2318 2165,2258"/>
                    <TextEquiv>
                        <Unicode>Gottesdienst</Unicode>
                    </TextEquiv>
                </Word>
                <TextEquiv>
                    <Unicode>genommen, hat auch in derselben kein Gottesdienst</Unicode>
                </TextEquiv>
            </TextLine>
            <TextLine id="r_11_tl_41" custom="readingOrder {index:40;}">
                <Coords points="1180,2355 2126,2373 2172,2370 2172,2320 1178,2310"/>
                <Baseline points="1194,2343 1238,2334 1283,2334 1328,2334 1373,2331 1418,2334 1462,2337 1507,2340 1552,2340 1597,2343 1642,2343 1686,2343 1731,2346 1776,2346 1821,2346 1865,2346 1910,2346 1955,2349 2000,2346 2045,2349 2089,2352 2134,2352 2179,2358"/>
                <Word id="r_11_tl_41_w1" custom="readingOrder {index:0;}">
                    <Coords points="1184,2294 1184,2354 1325,2354 1325,2294"/>
                    <TextEquiv>
                        <Unicode>gehalten</Unicode>
                    </TextEquiv>
                </Word>
                <Word id="r_11_tl_41_w2" custom="readingOrder {index:1;}">
                    <Coords points="1354,2293 1354,2353 1472,2353 1472,2293"/>
                    <TextEquiv>
                        <Unicode>werden</Unicode>
                    </TextEquiv>
                </Word>
                <Word id="r_11_tl_41_w3" custom="readingOrder {index:2;}">
                    <Coords points="1513,2301 1513,2361 1642,2361 1642,2301"/>
                    <TextEquiv>
                        <Unicode>dürfen.</Unicode>
                    </TextEquiv>
                </Word>
                <Word id="r_11_tl_41_w4" custom="readingOrder {index:3;}">
                    <Coords points="1711,2306 1711,2366 1772,2366 1772,2306"/>
                    <TextEquiv>
                        <Unicode>Ein</Unicode>
                    </TextEquiv>
                </Word>
                <Word id="r_11_tl_41_w5" custom="readingOrder {index:4;}">
                    <Coords points="1813,2306 1813,2366 1954,2366 1954,2306"/>
                    <TextEquiv>
                        <Unicode>schweres</Unicode>
                    </TextEquiv>
                </Word>
                <Word id="r_11_tl_41_w6" custom="readingOrder {index:5;}">
                    <Coords points="1989,2311 1989,2371 2169,2371 2169,2311"/>
                    <TextEquiv>
                        <Unicode>Gewitter,</Unicode>
                    </TextEquiv>
                </Word>
                <TextEquiv>
                    <Unicode>gehalten werden dürfen. Ein schweres Gewitter,</Unicode>
                </TextEquiv>
            </TextLine>
            <TextLine id="r_11_tl_42" custom="readingOrder {index:41;}">
                <Coords points="153,2426 2172,2408 2172,2370 1990,2345 153,2363"/>
                <Baseline points="167,2403 179,2403 223,2403 268,2403 313,2403 358,2400 403,2400 447,2400 492,2397 537,2397 582,2394 626,2394 671,2391 716,2388 761,2391 806,2388 850,2391 895,2388 940,2388 985,2385 1030,2385 1074,2382 1119,2382 1164,2382 1188,2382 1233,2385 1277,2382 1322,2379 1367,2382 1412,2382 1456,2388 1501,2388 1546,2391 1591,2391 1636,2394 1680,2394 1725,2397 1770,2397 1815,2397 1859,2397 1904,2400 1949,2400 1994,2400 2039,2400 2083,2400 2128,2400 2173,2400 2179,2400"/>
                <Word id="r_11_tl_42_w1" custom="readingOrder {index:0;}">
                    <Coords points="160,2363 160,2423 239,2423 239,2363"/>
                    <TextEquiv>
                        <Unicode>liche</Unicode>
                    </TextEquiv>
                </Word>
                <Word id="r_11_tl_42_w2" custom="readingOrder {index:1;}">
                    <Coords points="267,2362 267,2422 382,2422 382,2362"/>
                    <TextEquiv>
                        <Unicode>Folgen</Unicode>
                    </TextEquiv>
                </Word>
                <Word id="r_11_tl_42_w3" custom="readingOrder {index:2;}">
                    <Coords points="419,2357 419,2417 569,2417 569,2357"/>
                    <TextEquiv>
                        <Unicode>gewesen.</Unicode>
                    </TextEquiv>
                </Word>
                <Word id="r_11_tl_42_w4" custom="readingOrder {index:3;}">
                    <Coords points="623,2352 623,2412 685,2412 685,2352"/>
                    <TextEquiv>
                        <Unicode>In</Unicode>
                    </TextEquiv>
                </Word>
                <Word id="r_11_tl_42_w5" custom="readingOrder {index:4;}">
                    <Coords points="712,2349 712,2409 765,2409 765,2349"/>
                    <TextEquiv>
                        <Unicode>der</Unicode>
                    </TextEquiv>
                </Word>
                <Word id="r_11_tl_42_w6" custom="readingOrder {index:5;}">
                    <Coords points="792,2349 792,2409 961,2409 961,2349"/>
                    <TextEquiv>
                        <Unicode>Provence</Unicode>
                    </TextEquiv>
                </Word>
                <Word id="r_11_tl_42_w7" custom="readingOrder {index:6;}">
                    <Coords points="988,2342 988,2402 1148,2402 1148,2342"/>
                    <TextEquiv>
                        <Unicode>herrschet</Unicode>
                    </TextEquiv>
                </Word>
                <Word id="r_11_tl_42_w8" custom="readingOrder {index:7;}">
                    <Coords points="1175,2344 1175,2404 1308,2404 1308,2344"/>
                    <TextEquiv>
                        <Unicode>welches</Unicode>
                    </TextEquiv>
                </Word>
                <Word id="r_11_tl_42_w9" custom="readingOrder {index:8;}">
                    <Coords points="1336,2341 1336,2401 1370,2401 1370,2341"/>
                    <TextEquiv>
                        <Unicode>am</Unicode>
                    </TextEquiv>
                </Word>
                <Word id="r_11_tl_42_w10" custom="readingOrder {index:9;}">
                    <Coords points="1416,2348 1416,2408 1521,2408 1521,2348"/>
                    <TextEquiv>
                        <Unicode>23sten</Unicode>
                    </TextEquiv>
                </Word>
                <Word id="r_11_tl_42_w11" custom="readingOrder {index:10;}">
                    <Coords points="1558,2351 1558,2411 1619,2411 1619,2351"/>
                    <TextEquiv>
                        <Unicode>mit</Unicode>
                    </TextEquiv>
                </Word>
                <Word id="r_11_tl_42_w12" custom="readingOrder {index:11;}">
                    <Coords points="1647,2354 1647,2414 1735,2414 1735,2354"/>
                    <TextEquiv>
                        <Unicode>einem</Unicode>
                    </TextEquiv>
                </Word>
                <Word id="r_11_tl_42_w13" custom="readingOrder {index:12;}">
                    <Coords points="1781,2357 1781,2417 1895,2417 1895,2357"/>
                    <TextEquiv>
                        <Unicode>starken</Unicode>
                    </TextEquiv>
                </Word>
                <Word id="r_11_tl_42_w14" custom="readingOrder {index:13;}">
                    <Coords points="1923,2360 1923,2420 2163,2420 2163,2360"/>
                    <TextEquiv>
                        <Unicode>Hadelschauge</Unicode>
                    </TextEquiv>
                </Word>
                <TextEquiv>
                    <Unicode>liche Folgen gewesen. In der Provence herrschet welches am 23sten mit einem starken Hadelschauge</Unicode>
                </TextEquiv>
            </TextLine>
            <TextLine id="r_11_tl_43" custom="readingOrder {index:42;}">
                <Coords points="1175,2448 2041,2486 2169,2466 2169,2408 1990,2431 1173,2393"/>
                <Baseline points="1188,2430 1233,2433 1277,2430 1322,2430 1367,2430 1412,2433 1456,2436 1501,2436 1546,2439 1591,2442 1636,2445 1680,2448 1725,2448 1770,2448 1815,2448 1859,2448 1904,2448 1949,2448 1994,2448 2039,2451 2083,2448 2128,2451 2173,2448 2176,2448"/>
                <Word id="r_11_tl_43_w1" custom="readingOrder {index:0;}">
                    <Coords points="1181,2391 1181,2451 1328,2451 1328,2391"/>
                    <TextEquiv>
                        <Unicode>begleitet</Unicode>
                    </TextEquiv>
                </Word>
                <Word id="r_11_tl_43_w2" custom="readingOrder {index:1;}">
                    <Coords points="1348,2391 1348,2451 1440,2451 1440,2391"/>
                    <TextEquiv>
                        <Unicode>war,</Unicode>
                    </TextEquiv>
                </Word>
                <Word id="r_11_tl_43_w3" custom="readingOrder {index:2;}">
                    <Coords points="1472,2396 1472,2456 1527,2456 1527,2396"/>
                    <TextEquiv>
                        <Unicode>hat</Unicode>
                    </TextEquiv>
                </Word>
                <Word id="r_11_tl_43_w4" custom="readingOrder {index:3;}">
                    <Coords points="1553,2401 1553,2461 1626,2461 1626,2401"/>
                    <TextEquiv>
                        <Unicode>noch</Unicode>
                    </TextEquiv>
                </Word>
                <Word id="r_11_tl_43_w5" custom="readingOrder {index:4;}">
                    <Coords points="1657,2408 1657,2468 1787,2468 1787,2408"/>
                    <TextEquiv>
                        <Unicode>größern</Unicode>
                    </TextEquiv>
                </Word>
                <Word id="r_11_tl_43_w6" custom="readingOrder {index:5;}">
                    <Coords points="1819,2408 1819,2468 1997,2468 1997,2408"/>
                    <TextEquiv>
                        <Unicode>Schaden,</Unicode>
                    </TextEquiv>
                </Word>
                <Word id="r_11_tl_43_w7" custom="readingOrder {index:6;}">
                    <Coords points="2024,2410 2024,2470 2072,2470 2072,2410"/>
                    <TextEquiv>
                        <Unicode>als</Unicode>
                    </TextEquiv>
                </Word>
                <Word id="r_11_tl_43_w8" custom="readingOrder {index:7;}">
                    <Coords points="2104,2410 2104,2470 2158,2470 2158,2410"/>
                    <TextEquiv>
                        <Unicode>das</Unicode>
                    </TextEquiv>
                </Word>
                <TextEquiv>
                    <Unicode>begleitet war, hat noch größern Schaden, als das</Unicode>
                </TextEquiv>
            </TextLine>
            <TextLine id="r_11_tl_44" custom="readingOrder {index:43;}">
                <Coords points="1457,2549 1515,2536 1568,2559 1653,2546 1756,2562 1787,2541 1807,2559 1910,2557 1910,2484 1847,2489 1804,2471 1782,2486 1691,2484 1613,2521 1457,2496"/>
                <Baseline points="1471,2534 1516,2534 1561,2537 1606,2540 1650,2543 1695,2543 1740,2543 1785,2543 1830,2540 1874,2540 1916,2540"/>
                <Word id="r_11_tl_44_w1" custom="readingOrder {index:0;}">
                    <Coords points="1470,2495 1470,2555 1608,2555 1608,2495"/>
                    <TextEquiv>
                        <Unicode>Riga,</Unicode>
                    </TextEquiv>
                </Word>
                <Word id="r_11_tl_44_w2" custom="readingOrder {index:1;}">
                    <Coords points="1632,2503 1632,2563 1686,2563 1686,2503"/>
                    <TextEquiv>
                        <Unicode>den</Unicode>
                    </TextEquiv>
                </Word>
                <Word id="r_11_tl_44_w3" custom="readingOrder {index:2;}">
                    <Coords points="1718,2503 1718,2563 1778,2563 1778,2503"/>
                    <TextEquiv>
                        <Unicode>11.</Unicode>
                    </TextEquiv>
                </Word>
                <Word id="r_11_tl_44_w4" custom="readingOrder {index:3;}">
                    <Coords points="1803,2500 1803,2560 1902,2560 1902,2500"/>
                    <TextEquiv>
                        <Unicode>Jun.</Unicode>
                    </TextEquiv>
                </Word>
                <TextEquiv>
                    <Unicode>Riga, den 11. Jun.</Unicode>
                </TextEquiv>
            </TextLine>
            <TextLine id="r_11_tl_45" custom="readingOrder {index:44;}">
                <Coords points="1243,2592 2172,2609 2169,2539 1960,2521 1867,2557 1565,2557 1404,2504 1241,2516"/>
                <Baseline points="1254,2572 1301,2573 1346,2573 1391,2576 1436,2576 1480,2582 1525,2582 1570,2588 1615,2588 1659,2591 1704,2591 1749,2591 1794,2588 1839,2588 1883,2585 1928,2585 1973,2585 2018,2588 2063,2588 2107,2591 2152,2591 2176,2591"/>
                <Word id="r_11_tl_45_w1" custom="readingOrder {index:0;}">
                    <Coords points="1247,2532 1247,2592 1327,2592 1327,2532"/>
                    <TextEquiv>
                        <Unicode>Jhro</Unicode>
                    </TextEquiv>
                </Word>
                <Word id="r_11_tl_45_w2" custom="readingOrder {index:1;}">
                    <Coords points="1352,2536 1352,2596 1497,2596 1497,2536"/>
                    <TextEquiv>
                        <Unicode>Kaiserl.</Unicode>
                    </TextEquiv>
                </Word>
                <Word id="r_11_tl_45_w3" custom="readingOrder {index:2;}">
                    <Coords points="1515,2546 1515,2606 1603,2606 1603,2546"/>
                    <TextEquiv>
                        <Unicode>Maj.</Unicode>
                    </TextEquiv>
                </Word>
                <Word id="r_11_tl_45_w4" custom="readingOrder {index:3;}">
                    <Coords points="1628,2550 1628,2610 1684,2610 1684,2550"/>
                    <TextEquiv>
                        <Unicode>sind</Unicode>
                    </TextEquiv>
                </Word>
                <Word id="r_11_tl_45_w5" custom="readingOrder {index:4;}">
                    <Coords points="1718,2551 1718,2611 1765,2611 1765,2551"/>
                    <TextEquiv>
                        <Unicode>den</Unicode>
                    </TextEquiv>
                </Word>
                <Word id="r_11_tl_45_w6" custom="readingOrder {index:5;}">
                    <Coords points="1791,2548 1791,2608 1879,2608 1879,2548"/>
                    <TextEquiv>
                        <Unicode>20ten</Unicode>
                    </TextEquiv>
                </Word>
                <Word id="r_11_tl_45_w7" custom="readingOrder {index:6;}">
                    <Coords points="1904,2545 1904,2605 1993,2605 1993,2545"/>
                    <TextEquiv>
                        <Unicode>Jun.</Unicode>
                    </TextEquiv>
                </Word>
                <Word id="r_11_tl_45_w8" custom="readingOrder {index:7;}">
                    <Coords points="2018,2548 2018,2608 2050,2608 2050,2548"/>
                    <TextEquiv>
                        <Unicode>sk.</Unicode>
                    </TextEquiv>
                </Word>
                <Word id="r_11_tl_45_w9" custom="readingOrder {index:8;}">
                    <Coords points="2067,2549 2067,2609 2090,2609 2090,2549"/>
                    <TextEquiv>
                        <Unicode>v.</Unicode>
                    </TextEquiv>
                </Word>
                <Word id="r_11_tl_45_w10" custom="readingOrder {index:9;}">
                    <Coords points="2107,2551 2107,2611 2163,2611 2163,2551"/>
                    <TextEquiv>
                        <Unicode>au=</Unicode>
                    </TextEquiv>
                </Word>
                <TextEquiv>
                    <Unicode>Jhro Kaiserl. Maj. sind den 20ten Jun. sk. v. au=</Unicode>
                </TextEquiv>
            </TextLine>
            <TextLine id="r_11_tl_46" custom="readingOrder {index:45;}">
                <Coords points="1180,2635 1417,2629 1583,2660 1905,2655 1998,2627 1963,2592 1714,2594 1671,2619 1180,2579"/>
                <Baseline points="1194,2618 1224,2621 1268,2621 1313,2621 1358,2624 1403,2624 1447,2630 1492,2630 1537,2633 1582,2636 1627,2636 1671,2639 1716,2639 1761,2633 1806,2633 1851,2630 1895,2633 1943,2635 1943,2635 1976,2618 2003,2615"/>
                <Word id="r_11_tl_46_w1" custom="readingOrder {index:0;}">
                    <Coords points="1190,2581 1190,2641 1392,2641 1392,2581"/>
                    <TextEquiv>
                        <Unicode>Petersburg</Unicode>
                    </TextEquiv>
                </Word>
                <Word id="r_11_tl_46_w2" custom="readingOrder {index:1;}">
                    <Coords points="1420,2592 1420,2652 1648,2652 1648,2592"/>
                    <TextEquiv>
                        <Unicode>aufgebrochen</Unicode>
                    </TextEquiv>
                </Word>
                <Word id="r_11_tl_46_w3" custom="readingOrder {index:2;}">
                    <Coords points="1683,2599 1683,2659 1743,2659 1743,2599"/>
                    <TextEquiv>
                        <Unicode>und</Unicode>
                    </TextEquiv>
                </Word>
                <Word id="r_11_tl_46_w4" custom="readingOrder {index:3;}">
                    <Coords points="1771,2593 1771,2653 1824,2653 1824,2593"/>
                    <TextEquiv>
                        <Unicode>den</Unicode>
                    </TextEquiv>
                </Word>
                <Word id="r_11_tl_46_w5" custom="readingOrder {index:4;}">
                    <Coords points="1859,2593 1859,2653 1946,2653 1946,2593"/>
                    <TextEquiv>
                        <Unicode>24te,</Unicode>
                    </TextEquiv>
                </Word>
                <TextEquiv>
                    <Unicode>Petersburg aufgebrochen und den 24te,</Unicode>
                </TextEquiv>
            </TextLine>
            <TextLine id="r_11_tl_47" custom="readingOrder {index:46;}">
                <Coords points="1930,2657 1958,2645 2003,2655 2056,2647 2068,2655 2086,2642 2169,2657 2169,2609 2146,2609 2136,2599 2106,2602 2091,2617 2058,2599 2026,2607 2010,2592 1968,2622 1943,2597 1930,2597"/>
                <Baseline points="1943,2635 1991,2642 2036,2639 2080,2639 2125,2642 2170,2642 2176,2639"/>
                <Word id="r_11_tl_47_w1" custom="readingOrder {index:0;}">
                    <Coords points="1931,2595 1931,2655 1942,2655 1942,2595"/>
                    <TextEquiv>
                        <Unicode>„</Unicode>
                    </TextEquiv>
                </Word>
                <Word id="r_11_tl_47_w2" custom="readingOrder {index:1;}">
                    <Coords points="1984,2599 1984,2659 2078,2659 2078,2599"/>
                    <TextEquiv>
                        <Unicode>Jun.</Unicode>
                    </TextEquiv>
                </Word>
                <Word id="r_11_tl_47_w3" custom="readingOrder {index:2;}">
                    <Coords points="2107,2602 2107,2662 2160,2662 2160,2602"/>
                    <TextEquiv>
                        <Unicode>bey</Unicode>
                    </TextEquiv>
                </Word>
                <TextEquiv>
                    <Unicode>„ Jun. bey</Unicode>
                </TextEquiv>
            </TextLine>
            <TextLine id="r_11_tl_48" custom="readingOrder {index:47;}">
                <Coords points="1175,2677 2179,2700 2179,2655 2101,2645 1175,2635"/>
                <Baseline points="1188,2669 1233,2669 1277,2672 1322,2672 1367,2672 1412,2672 1456,2678 1501,2681 1546,2683 1591,2683 1636,2683 1680,2683 1725,2683 1770,2681 1815,2678 1859,2678 1904,2681 1949,2681 1994,2683 2039,2683 2083,2686 2128,2686 2173,2686 2182,2686"/>
                <Word id="r_11_tl_48_w1" custom="readingOrder {index:0;}">
                    <Coords points="1181,2629 1181,2689 1297,2689 1297,2629"/>
                    <TextEquiv>
                        <Unicode>Reval</Unicode>
                    </TextEquiv>
                </Word>
                <Word id="r_11_tl_48_w2" custom="readingOrder {index:1;}">
                    <Coords points="1320,2636 1320,2696 1570,2696 1570,2636"/>
                    <TextEquiv>
                        <Unicode>angekommen,</Unicode>
                    </TextEquiv>
                </Word>
                <Word id="r_11_tl_48_w3" custom="readingOrder {index:2;}">
                    <Coords points="1592,2643 1592,2703 1642,2703 1642,2643"/>
                    <TextEquiv>
                        <Unicode>wo</Unicode>
                    </TextEquiv>
                </Word>
                <Word id="r_11_tl_48_w4" custom="readingOrder {index:3;}">
                    <Coords points="1665,2643 1665,2703 1731,2703 1731,2643"/>
                    <TextEquiv>
                        <Unicode>Sie</Unicode>
                    </TextEquiv>
                </Word>
                <Word id="r_11_tl_48_w5" custom="readingOrder {index:4;}">
                    <Coords points="1765,2639 1765,2699 1815,2699 1815,2639"/>
                    <TextEquiv>
                        <Unicode>den</Unicode>
                    </TextEquiv>
                </Word>
                <Word id="r_11_tl_48_w6" custom="readingOrder {index:5;}">
                    <Coords points="1854,2639 1854,2699 1921,2699 1921,2639"/>
                    <TextEquiv>
                        <Unicode>Tag</Unicode>
                    </TextEquiv>
                </Word>
                <Word id="r_11_tl_48_w7" custom="readingOrder {index:6;}">
                    <Coords points="1954,2643 1954,2703 2054,2703 2054,2643"/>
                    <TextEquiv>
                        <Unicode>drauf</Unicode>
                    </TextEquiv>
                </Word>
                <Word id="r_11_tl_48_w8" custom="readingOrder {index:7;}">
                    <Coords points="2077,2646 2077,2706 2159,2706 2159,2646"/>
                    <TextEquiv>
                        <Unicode>ihren</Unicode>
                    </TextEquiv>
                </Word>
                <TextEquiv>
                    <Unicode>Reval angekommen, wo Sie den Tag drauf ihren</Unicode>
                </TextEquiv>
            </TextLine>
            <TextLine id="r_11_tl_49" custom="readingOrder {index:48;}">
                <Coords points="1180,2730 2172,2740 2172,2700 2068,2690 1502,2710 1180,2680"/>
                <Baseline points="1194,2716 1238,2716 1283,2716 1328,2719 1373,2719 1418,2722 1462,2725 1507,2728 1552,2734 1597,2734 1642,2731 1686,2728 1731,2728 1776,2725 1821,2725 1865,2725 1910,2728 1955,2728 2000,2728 2045,2731 2089,2734 2134,2734 2179,2734 2182,2731"/>
                <Word id="r_11_tl_49_w1" custom="readingOrder {index:0;}">
                    <Coords points="1186,2676 1186,2736 1313,2736 1313,2676"/>
                    <TextEquiv>
                        <Unicode>Einzug</Unicode>
                    </TextEquiv>
                </Word>
                <Word id="r_11_tl_49_w2" custom="readingOrder {index:1;}">
                    <Coords points="1335,2682 1335,2742 1501,2742 1501,2682"/>
                    <TextEquiv>
                        <Unicode>gehalten,</Unicode>
                    </TextEquiv>
                </Word>
                <Word id="r_11_tl_49_w3" custom="readingOrder {index:2;}">
                    <Coords points="1534,2694 1534,2754 1589,2754 1589,2694"/>
                    <TextEquiv>
                        <Unicode>und</Unicode>
                    </TextEquiv>
                </Word>
                <Word id="r_11_tl_49_w4" custom="readingOrder {index:3;}">
                    <Coords points="1623,2690 1623,2750 1672,2750 1672,2690"/>
                    <TextEquiv>
                        <Unicode>die</Unicode>
                    </TextEquiv>
                </Word>
                <Word id="r_11_tl_49_w5" custom="readingOrder {index:4;}">
                    <Coords points="1700,2685 1700,2745 1899,2745 1899,2685"/>
                    <TextEquiv>
                        <Unicode>Staatsfeste</Unicode>
                    </TextEquiv>
                </Word>
                <Word id="r_11_tl_49_w6" custom="readingOrder {index:5;}">
                    <Coords points="1927,2688 1927,2748 1960,2748 1960,2688"/>
                    <TextEquiv>
                        <Unicode>zu</Unicode>
                    </TextEquiv>
                </Word>
                <Word id="r_11_tl_49_w7" custom="readingOrder {index:6;}">
                    <Coords points="1993,2693 1993,2753 2159,2753 2159,2693"/>
                    <TextEquiv>
                        <Unicode>celebriren</Unicode>
                    </TextEquiv>
                </Word>
                <TextEquiv>
                    <Unicode>Einzug gehalten, und die Staatsfeste zu celebriren</Unicode>
                </TextEquiv>
            </TextLine>
            <TextLine id="r_11_tl_50" custom="readingOrder {index:49;}">
                <Coords points="1180,2778 2172,2788 2172,2743 1180,2730"/>
                <Baseline points="1194,2764 1238,2767 1283,2767 1328,2767 1373,2767 1418,2773 1462,2776 1507,2779 1552,2782 1597,2782 1642,2779 1686,2776 1731,2776 1776,2776 1821,2776 1865,2776 1910,2776 1955,2776 2000,2776 2045,2776 2089,2776 2134,2779 2179,2779 2182,2776"/>
                <Word id="r_11_tl_50_w1" custom="readingOrder {index:0;}">
                    <Coords points="1186,2727 1186,2787 1328,2787 1328,2727"/>
                    <TextEquiv>
                        <Unicode>Willens</Unicode>
                    </TextEquiv>
                </Word>
                <Word id="r_11_tl_50_w2" custom="readingOrder {index:1;}">
                    <Coords points="1351,2729 1351,2789 1430,2789 1430,2729"/>
                    <TextEquiv>
                        <Unicode>sind.</Unicode>
                    </TextEquiv>
                </Word>
                <Word id="r_11_tl_50_w3" custom="readingOrder {index:2;}">
                    <Coords points="1482,2742 1482,2802 1640,2802 1640,2742"/>
                    <TextEquiv>
                        <Unicode>Künftige</Unicode>
                    </TextEquiv>
                </Word>
                <Word id="r_11_tl_50_w4" custom="readingOrder {index:3;}">
                    <Coords points="1664,2736 1664,2796 1777,2796 1777,2736"/>
                    <TextEquiv>
                        <Unicode>Woche</Unicode>
                    </TextEquiv>
                </Word>
                <Word id="r_11_tl_50_w5" custom="readingOrder {index:4;}">
                    <Coords points="1800,2736 1800,2796 1862,2796 1862,2736"/>
                    <TextEquiv>
                        <Unicode>also</Unicode>
                    </TextEquiv>
                </Word>
                <Word id="r_11_tl_50_w6" custom="readingOrder {index:5;}">
                    <Coords points="1885,2736 1885,2796 1981,2796 1981,2736"/>
                    <TextEquiv>
                        <Unicode>haben</Unicode>
                    </TextEquiv>
                </Word>
                <Word id="r_11_tl_50_w7" custom="readingOrder {index:6;}">
                    <Coords points="2016,2736 2016,2796 2078,2796 2078,2736"/>
                    <TextEquiv>
                        <Unicode>wir</Unicode>
                    </TextEquiv>
                </Word>
                <Word id="r_11_tl_50_w8" custom="readingOrder {index:7;}">
                    <Coords points="2107,2739 2107,2799 2163,2799 2163,2739"/>
                    <TextEquiv>
                        <Unicode>das</Unicode>
                    </TextEquiv>
                </Word>
                <TextEquiv>
                    <Unicode>Willens sind. Künftige Woche also haben wir das</Unicode>
                </TextEquiv>
            </TextLine>
            <TextLine id="r_11_tl_51" custom="readingOrder {index:50;}">
                <Coords points="1178,2823 1849,2866 2184,2848 2184,2788 1178,2775"/>
                <Baseline points="1191,2815 1236,2815 1280,2818 1325,2815 1370,2818 1415,2818 1459,2824 1504,2827 1549,2827 1594,2827 1639,2830 1683,2827 1728,2824 1773,2824 1818,2821 1842,2821 1857,2821 1901,2827 1946,2827 1991,2827 2036,2830 2080,2827 2125,2827 2170,2827 2191,2830"/>
                <Word id="r_11_tl_51_w1" custom="readingOrder {index:0;}">
                    <Coords points="1186,2775 1186,2835 1264,2835 1264,2775"/>
                    <TextEquiv>
                        <Unicode>hohe</Unicode>
                    </TextEquiv>
                </Word>
                <Word id="r_11_tl_51_w2" custom="readingOrder {index:1;}">
                    <Coords points="1295,2777 1295,2837 1415,2837 1415,2777"/>
                    <TextEquiv>
                        <Unicode>Glück,</Unicode>
                    </TextEquiv>
                </Word>
                <Word id="r_11_tl_51_w3" custom="readingOrder {index:2;}">
                    <Coords points="1435,2785 1435,2845 1531,2845 1531,2785"/>
                    <TextEquiv>
                        <Unicode>Dero</Unicode>
                    </TextEquiv>
                </Word>
                <Word id="r_11_tl_51_w4" custom="readingOrder {index:3;}">
                    <Coords points="1556,2787 1556,2847 1798,2847 1798,2787"/>
                    <TextEquiv>
                        <Unicode>allergnädigste</Unicode>
                    </TextEquiv>
                </Word>
                <Word id="r_11_tl_51_w5" custom="readingOrder {index:4;}">
                    <Coords points="1823,2784 1823,2844 1944,2844 1944,2784"/>
                    <TextEquiv>
                        <Unicode>Person</Unicode>
                    </TextEquiv>
                </Word>
                <Word id="r_11_tl_51_w6" custom="readingOrder {index:5;}">
                    <Coords points="1981,2787 1981,2847 2010,2847 2010,2787"/>
                    <TextEquiv>
                        <Unicode>in</Unicode>
                    </TextEquiv>
                </Word>
                <Word id="r_11_tl_51_w7" custom="readingOrder {index:6;}">
                    <Coords points="2054,2787 2054,2847 2156,2847 2156,2787"/>
                    <TextEquiv>
                        <Unicode>unsern</Unicode>
                    </TextEquiv>
                </Word>
                <TextEquiv>
                    <Unicode>hohe Glück, Dero allergnädigste Person in unsern</Unicode>
                </TextEquiv>
            </TextLine>
            <TextLine id="r_11_tl_52" custom="readingOrder {index:51;}">
                <Coords points="1178,2904 1241,2891 1283,2904 1374,2876 1522,2906 1678,2896 1676,2846 1618,2833 1462,2846 1389,2826 1175,2826"/>
                <Baseline points="1188,2872 1233,2872 1277,2872 1322,2872 1367,2872 1412,2875 1456,2878 1501,2878 1546,2881 1591,2881 1636,2881 1680,2875"/>
                <Word id="r_11_tl_52_w1" custom="readingOrder {index:0;}">
                    <Coords points="1184,2832 1184,2892 1412,2892 1412,2832"/>
                    <TextEquiv>
                        <Unicode>Ringmauren</Unicode>
                    </TextEquiv>
                </Word>
                <Word id="r_11_tl_52_w2" custom="readingOrder {index:1;}">
                    <Coords points="1445,2838 1445,2898 1470,2898 1470,2838"/>
                    <TextEquiv>
                        <Unicode>zu</Unicode>
                    </TextEquiv>
                </Word>
                <Word id="r_11_tl_52_w3" custom="readingOrder {index:2;}">
                    <Coords points="1503,2841 1503,2901 1668,2901 1668,2841"/>
                    <TextEquiv>
                        <Unicode>erblicken.</Unicode>
                    </TextEquiv>
                </Word>
                <TextEquiv>
                    <Unicode>Ringmauren zu erblicken.</Unicode>
                </TextEquiv>
            </TextLine>
            <TextEquiv>
                <Unicode></Unicode>
            </TextEquiv>
        </TextRegion>
    </Page>
</PcGts>
