2479 3508
197 364 226 424 te
263 363 274 423 —
340 363 463 423 Bleibe
494 363 541 423 ein
571 360 867 420 unvergängliches
898 363 1075 423 Denkmal
1099 360 1193 420 seines

462 409 536 469 Und
569 404 657 464 wenn
699 404 839 464 dereinst
872 407 960 467 deine
998 407 1193 467 Trummern

203 411 341 471 Ruhms

204 461 357 521 aufhören
389 458 542 518 werden,
564 455 664 515 seinen
691 455 822 515 Namen
849 458 897 518 der
918 455 1013 515 Welt
1029 458 1055 518 zu
1082 458 1203 518 zeigen,

204 511 225 571 so
253 509 334 569 wird
356 506 416 566 sein
443 503 568 563 Name,
585 500 638 560 der
661 502 742 562 nicht
764 505 915 565 vergehen
943 506 1040 566 kann,
1063 506 1111 566 für
1139 505 1192 565 dich

199 560 244 620 ein
270 554 387 614 ewiges
414 551 582 611 Denkmal
604 547 690 607 seyn.

290 598 365 658 Des
398 595 467 655 Lord
501 598 663 658 Kanzlers
696 598 814 658 John
853 598 1107 658 Puckering.

253 646 340 706 Liebe
366 645 418 705 für
449 643 500 703 das
527 646 708 706 Vaterland
744 646 806 706 und
838 649 883 709 die
915 649 1044 709 Gesetze
1070 649 1199 709 beseelte

201 694 306 754 meine
334 694 460 754 Brust:
488 692 582 752 Leben
620 694 657 754 ist
679 694 858 754 mühsam,
880 697 996 757 sterben
1034 697 1071 757 ist
1093 697 1203 757 Ruhe,

200 739 365 799 Gewalt,
391 741 541 801 Vorzüge
567 742 626 802 und
652 742 828 802 Wurden,
849 745 979 805 Kronen
1015 745 1075 805 und
1105 745 1195 805 Titel

204 786 265 846 sind
286 788 395 848 Dinge
421 786 467 846 die
489 789 691 849 verwelken:
717 791 779 851 sind
806 791 846 851 ein
868 792 961 852 Raub
992 792 1038 852 der
1054 792 1127 852 Zeit
1143 793 1194 853 und

198 835 248 895 des
274 834 400 894 Todes.
426 837 497 897 Die
518 838 649 898 Tugend
675 840 766 900 allein
792 840 893 900 macht
914 840 965 900 den
991 840 1097 900 Mann
1123 841 1198 901 aus.

272 882 376 942 Eines
404 885 531 945 tapfern
560 888 747 948 Junglings
781 887 920 947 Franz
948 888 1119 948 Holles.

244 933 330 993 Was
359 936 406 996 die
430 939 539 999 Natur
563 941 620 1001 und
651 941 754 1001 Kunst
778 940 905 1000 gegeben
941 939 1015 999 hat;
1039 939 1195 999 Jugend,

1241 359 1455 419 Schönheit,
1473 357 1616 417 Gewalt
1645 354 1655 414 —
1717 360 1788 420 oder
1811 363 1876 423 was
1904 363 1932 423 du
1960 363 2015 423 für
2038 359 2231 419 vortrefliche

1237 407 1479 467 Eigenschaften
1517 404 1565 464 der
1602 404 1723 464 Seelen
1766 410 1823 470 und
1861 410 1914 470 des
1946 407 2051 467 Leibes
2089 408 2236 468 besitzest,

1244 455 1477 515 Wissenschaft,
1493 452 1684 512 Tapferkeit
1700 455 1758 515 und
1786 455 1960 515 Verdienst
1982 455 1992 515 —
2051 457 2125 517 Das
2152 457 2225 517 alles

1235 503 1289 563 hat
1317 504 1408 564 dieser
1442 500 1616 560 18jährige
1638 503 1806 563 Jüngling
1840 506 1921 566 über
1949 506 1997 566 die
2025 504 2226 564 Erwartung

1237 551 1332 611 seines
1363 551 1469 611 Alters
1491 551 1520 611 an
1551 548 1601 608 den
1632 548 1698 608 Tag
1724 554 1866 614 geleget.
1912 554 2028 614 Stehe
2049 554 2145 614 nun,
2166 556 2226 616 und

1239 596 1295 656 lies
1321 598 1378 658 dich
1405 598 1492 658 selbst
1513 598 1538 658 in
1565 597 1657 657 diesem
1699 597 1844 657 Spiegel
1870 597 1880 657 —
1943 598 2020 658 Wie
2046 600 2118 660 bald
2150 601 2227 661 diese

1237 646 1427 706 vergehen,
1464 646 1526 706 und
1562 645 1624 705 wie
1660 646 1862 706 vergänglich
1898 643 1934 703 du
1976 646 2063 706 selbst
2100 649 2156 709 bist
2183 645 2192 705 —

1239 694 1364 754 Rechne
1390 694 1439 754 das
1470 694 1561 754 Leben
1586 693 1636 753 der
1662 694 1828 754 Menschen
1864 694 1934 754 nach
1970 691 2055 751 ihren
2086 695 2231 755 Thaten,

1234 742 1319 802 nicht
1340 742 1409 802 nach
1436 742 1526 802 ihren
1553 742 1664 802 Tagen
1702 737 1712 797 —
1777 741 1883 801 Nicht
1910 739 1952 799 die
1979 742 2143 802 Trägheit
2176 745 2228 805 des

1234 789 1344 849 Alters
1374 789 1500 849 sondern
1536 789 1581 849 die
1607 789 1813 849 Munterkeit
1839 789 1889 849 der
1915 787 2045 847 Jugend
2082 792 2227 852 verdient

1237 840 1288 900 den
1314 839 1438 899 Preis.
1465 839 1537 899 Den
1573 840 1666 900 12ten
1698 840 1790 900 Aug.
1812 839 1920 899 1622.
1973 837 2086 897 Kostet
2113 839 2138 899 in
2180 841 2226 901 der

1234 887 1445 947 Kanterschen
1472 888 1736 948 Buchhandlung
1773 888 1888 948 allhier
1921 888 1978 948 wie
2011 888 2079 948 auch
2111 888 2137 948 in
2174 889 2221 949 Er

1236 936 1306 996 bing
1334 936 1393 996 und
1421 939 1529 999 Mitau
1562 939 1573 999 2
1600 938 1638 998 fl.

460 1097 616 1157 Wien,
642 1098 694 1158 den
734 1100 791 1160 16.
819 1100 928 1160 May.

250 1150 334 1210 Man
361 1148 445 1208 sagt,
467 1146 524 1206 daß
551 1148 598 1208 die
620 1148 820 1208 unbebauten
847 1151 1042 1211 Landereyen
1074 1149 1100 1209 in
1127 1148 1195 1208 Un¬

194 1198 269 1258 gern
293 1197 327 1257 an
357 1196 403 1256 die
427 1193 636 1253 Invaliden,
660 1196 752 1256 deren
782 1196 915 1256 Anzahl
939 1197 1008 1257 sehr
1038 1196 1188 1256 zahlreich

190 1246 250 1306 ist,
272 1243 490 1303 ausgetheilet
513 1240 632 1300 werden
666 1240 775 1300 sollen,
803 1243 863 1303 und
891 1243 944 1303 daß
972 1243 1021 1303 sich
1049 1243 1119 1303 auch
1147 1241 1196 1301 be=

201 1291 278 1351 reits
303 1288 374 1348 über
393 1285 459 1345 600
484 1285 652 1345 freywillig
677 1288 731 1348 zur
750 1288 929 1348 Bebauung
961 1288 1111 1348 derselben
1136 1288 1189 1348 an¬

199 1339 333 1399 gegeben
359 1330 479 1390 haben.

385 1375 709 1435 Regensburg,
733 1375 784 1435 den
820 1375 883 1435 17.
907 1373 993 1433 May

245 1420 315 1480 Die
337 1422 650 1482 Wahlcapitulation
678 1422 785 1482 welche
813 1419 861 1479 der
883 1422 1050 1482 Römische
1078 1422 1180 1482 König

195 1473 446 1533 unterzeichnet,
467 1470 506 1530 ist
527 1470 592 1530 noch
623 1470 703 1530 nicht
723 1470 859 1530 bekannt
885 1470 1040 1530 gemacht.
1091 1470 1176 1530 Man

189 1527 227 1587 ist
250 1524 383 1584 begierig
411 1521 438 1581 zu
467 1518 594 1578 wissen,
623 1518 656 1578 ob
684 1520 839 1580 darinnen
868 1521 906 1581 ein
935 1521 1056 1581 Artikel
1074 1519 1179 1579 wegen

197 1575 247 1635 der
287 1572 388 1632 freyen
435 1571 730 1631 Religionsübung
776 1572 826 1632 der
867 1572 934 1632 drey
975 1572 1178 1632 Christlichen

196 1625 508 1685 Hauptreligionen,
547 1622 708 1682 enthalten
741 1620 810 1680 sey.
881 1622 994 1682 Alhier
1022 1622 1129 1682 kamen
1162 1622 1178 1682 3

199 1676 323 1736 Schiffe
346 1676 408 1736 mit
425 1673 510 1733 mehr
539 1673 584 1733 als
613 1673 703 1733 1000
738 1673 935 1733 Pfälzischen
970 1673 1178 1733 Emigranten

188 1730 246 1790 an,
273 1729 385 1789 welche
412 1724 459 1784 sich
486 1724 737 1784 vorgenommen
764 1724 790 1784 in
817 1724 939 1784 Ungern
966 1725 1163 1785 anzusetzen.

470 1772 611 1832 Cölln,
639 1772 688 1832 den
726 1772 786 1832 21.
814 1772 922 1832 May.

240 1822 284 1882 Am
331 1825 426 1885 14ten
462 1819 558 1879 dieses
589 1819 628 1879 ist
654 1817 679 1877 zu
716 1817 892 1877 Elwangen
928 1817 978 1877 der
1004 1817 1185 1877 regierende

188 1873 290 1933 Fürst
329 1870 474 1930 Johann
519 1864 621 1924 Anton
670 1864 702 1924 zu
740 1861 935 1921 Hohenlohe
968 1862 1184 1922 Pfedelbach,

193 1921 382 1981 Scholgster
416 1913 486 1973 beym
536 1909 665 1969 hiesigen
704 1906 774 1966 Dom
824 1906 866 1966 rc.
894 1906 954 1966 mit
982 1906 1068 1966 Tode
1095 1909 1192 1969 abge=

195 1972 338 2032 gangen.
387 1962 435 2022 Er
454 1957 519 2017 war
544 1957 592 2017 den
622 1957 688 2017 5ten
719 1954 827 2014 Aprill
845 1954 929 2014 1707
960 1957 1134 2017 gebohren.

457 2005 589 2065 Metz,
616 2005 668 2065 vom
717 2002 780 2062 21.
807 2005 912 2065 May.

242 2058 370 2118 Allhier
391 2054 489 2114 haben
515 2053 561 2113 die
587 2052 736 2112 Truppen
773 2052 829 2112 von
866 2052 917 2112 der
943 2051 1108 2111 Garnison
1139 2051 1185 2111 re¬

182 2108 337 2168 voltiret,
364 2106 421 2166 und
447 2103 509 2163 sind
536 2103 587 2163 zum
629 2103 728 2163 Theil
744 2102 806 2162 mit
828 2101 874 2161 dem
916 2100 1061 2160 Gewehr
1082 2100 1186 2160 deser¬

190 2157 282 2217 tiret.
329 2154 432 2214 Viele
454 2151 603 2211 derselben
640 2154 697 2214 hat
723 2154 790 2214 man
816 2152 986 2212 arretiret,
1013 2151 1074 2211 und
1111 2147 1188 2207 eini¬

193 2208 224 2268 ge
252 2207 351 2267 davon
379 2205 436 2265 sind
458 2205 701 2265 aufgehangen.
781 2202 866 2262 Man
893 2201 1025 2261 glaubt,
1052 2199 1104 2259 daß
1137 2199 1178 2259 die

195 2258 310 2318 letztere
335 2255 552 2315 Verordnung
577 2250 677 2310 wegen
709 2252 753 2312 der
779 2252 869 2312 neuen
900 2249 1171 2309 Kriegsubungen

187 2311 258 2371 dazu
291 2306 511 2366 Gelegenheit
534 2300 687 2360 gegeben.

449 2351 629 2411 Trient,
656 2348 709 2408 vom
757 2348 794 2408 9.
821 2349 932 2409 May.

237 2400 391 2460 Nachdem
438 2399 489 2459 der
515 2398 638 2458 Herzog
675 2396 726 2456 von
757 2394 880 2454 Yorck,
902 2396 1030 2456 welcher
1056 2392 1174 2452 vorher

193 2449 251 2509 alle
272 2449 468 2509 ansehnliche
495 2446 616 2506 Städte
643 2443 669 2503 im
706 2446 992 2506 Florentinischen,
1008 2443 1092 2503 nebst
1114 2442 1182 2502 Luc¬

190 2497 216 2557 ca
243 2497 407 2557 besuchet,
429 2497 481 2557 sich
503 2494 550 2554 bis
578 2493 630 2553 zum
678 2491 779 2551 28sten
811 2494 917 2554 Aprill
944 2494 970 2554 in
997 2494 1066 2554 Rom
1114 2489 1182 2549 auf=

189 2545 421 2605 aufgehalten,
448 2544 506 2604 und
538 2542 616 2602 keine
644 2540 712 2600 Lust
728 2539 844 2599 bezeigt
865 2543 918 2603 den
945 2542 1013 2602 Hof
1040 2542 1102 2602 und
1129 2539 1171 2599 die

189 2595 316 2655 Stadte
337 2593 390 2653 von
423 2590 587 2650 Neapolis
614 2590 640 2650 zu
667 2590 820 2650 besehen,
847 2593 873 2653 so
906 2593 942 2653 ist
969 2591 1101 2651 derselbe
1134 2587 1181 2647 be¬

189 2645 334 2705 meldeten
365 2641 471 2701 Tages
502 2638 572 2698 über
598 2638 749 2698 Bologna
780 2639 835 2699 und
866 2643 986 2703 Parma
1022 2638 1087 2698 nach
1113 2638 1178 2698 Ve=

185 2697 279 2757 nedig
303 2690 450 2750 gereiset.
498 2686 568 2746 Bey
598 2685 680 2745 einem
722 2687 828 2747 Ball,
858 2691 987 2751 welchen
1023 2688 1070 2748 der
1094 2685 1176 2745 Car¬

190 2747 281 2807 dinal
298 2742 417 2802 Albani
445 2736 471 2796 in
504 2736 602 2796 seinem
646 2736 905 2796 Sommerhause
939 2739 987 2799 dem
1026 2736 1171 2796 Herzoge

189 2796 350 2856 gegeben,
375 2790 435 2850 sind
472 2786 550 2846 über
580 2782 646 2842 600
684 2785 809 2845 Damen
846 2790 984 2850 zugegen
1021 2787 1171 2847 gewesen,

190 2845 252 2905 und
281 2844 325 2904 ein
359 2838 488 2898 Festin,
524 2835 641 2895 womit
664 2835 714 2895 der
749 2838 912 2898 Cardinal
941 2838 1070 2898 Corsini
1099 2837 1172 2897 Sr.

188 2897 329 2957 Königl.
347 2894 470 2954 Hoheit
488 2888 653 2948 regaliret,
672 2888 724 2948 hat
742 2888 824 2948 2000
860 2891 959 2951 Rhlr.
978 2890 1124 2950 gekostet.

1415 1100 1727 1160 Copenhagen,
1752 1100 1806 1160 den
1843 1103 1902 1163 14.
1927 1100 2035 1160 May.

1276 1143 1344 1203 Die
1372 1148 1642 1208 Vestungswerke
1664 1148 1722 1208 von
1749 1148 1961 1208 Glücksstadt
1983 1146 2073 1206 sollen
2105 1148 2136 1208 an
2174 1145 2221 1205 der

1229 1196 1394 1256 Landseite
1420 1196 1621 1256 geschleifet,
1659 1196 1710 1256 die
1736 1196 1927 1256 Regierung
1959 1196 2010 1256 von
2047 1193 2119 1253 dort
2150 1196 2217 1256 nach

1234 1240 1424 1300 Schleswig
1446 1240 1600 1300 verleget,
1611 1240 1791 1300 imgleichen
1823 1240 1865 1300 die
1881 1240 2226 1300 Befestigungswerke

1228 1285 1287 1345 von
1312 1285 1552 1345 Friedrichsort
1573 1285 1734 1345 demoliret
1755 1285 1897 1345 werden.

1433 1330 1711 1390 Stockholm,
1739 1333 1794 1393 vom
1843 1333 1881 1393 8.
1909 1333 2018 1393 May.

1278 1373 1321 1433 Zu
1349 1375 1537 1435 Befolgung
1559 1375 1614 1435 des
1637 1377 1691 1437 von
1731 1378 1780 1438 dem
1825 1381 2045 1441 französischen
2073 1381 2139 1441 Hof
2167 1384 2222 1444 ge¬

1230 1419 1384 1479 schehenen
1426 1422 1641 1482 Ansinnens;
1673 1425 1734 1485 wie
1771 1428 1904 1488 nämlich
1946 1425 1992 1485 die
2029 1430 2219 1490 Tractaten¬

1222 1467 1344 1527 mäßige
1371 1470 1498 1530 Anzahl
1520 1472 1573 1532 von
1605 1473 1753 1533 Truppen
1780 1475 1838 1535 auf
1865 1476 1913 1536 dem
1962 1476 2115 1536 deutschen
2148 1476 2221 1536 Bo¬

1221 1515 1270 1575 den
1307 1518 1442 1578 complet
1468 1521 1609 1581 gehalten
1645 1524 1766 1584 werden
1807 1524 1887 1584 soll,
1923 1524 2004 1584 wird
2040 1526 2110 1586 man
2146 1527 2191 1587 dem

1228 1569 1363 1629 Verlaut
1387 1572 1460 1632 nach
1494 1572 1539 1632 die
1563 1574 1721 1634 Garnison
1761 1575 1789 1635 zu
1829 1578 2011 1638 Stralsund
2045 1578 2209 1638 nächstens

1228 1619 1283 1679 mit
1313 1619 1396 1679 1000
1425 1623 1531 1683 Mann
1565 1625 1767 1685 verstärken.

1472 1675 1635 1735 Paris,
1666 1676 1726 1736 vom
1776 1679 1836 1739 21.
1861 1679 1970 1739 May.

1275 1717 1340 1777 Die
1364 1724 1561 1784 sogenannte
1580 1725 1824 1785 Einpfropfung
1854 1728 1901 1788 der
1926 1730 2074 1790 Blattern
2105 1730 2223 1790 kömmt

1225 1767 1283 1827 von
1310 1770 1378 1830 Tag
1405 1772 1430 1832 zu
1463 1774 1525 1834 Tag
1553 1775 1668 1835 wieder
1695 1778 1779 1838 mehr
1801 1780 1827 1840 in
1859 1779 1906 1839 den
1933 1781 2128 1841 Schwung,
2144 1780 2217 1840 ohn¬

1223 1817 1365 1877 geachtet
1385 1819 1459 1879 alles
1484 1819 1606 1879 dessen,
1632 1824 1700 1884 was
1725 1825 1768 1885 die
1793 1825 1906 1885 Aerzte
1926 1827 1985 1887 und
2020 1828 2073 1888 das
2099 1827 2221 1887 Parla¬

1224 1860 1313 1920 ment
1340 1864 1451 1924 gethan
1488 1867 1625 1927 haben,
1663 1873 1742 1933 diese
1774 1876 1938 1936 glückliche
1970 1874 2150 1934 Erfindung
2182 1876 2213 1936 zu

1220 1907 1466 1967 unterdrücken.
1511 1915 1728 1975 Verschiedne
1748 1918 1832 1978 hohe
1857 1918 2019 1978 Personen
2050 1924 2212 1984 bedienten

1221 1951 1266 2011 sich
1298 1954 1452 2014 derselben
1478 1957 1637 2017 glücklich.
1694 1963 1767 2023 Die
1788 1963 1947 2023 Herzogin
1978 1966 2034 2026 von
2061 1969 2215 2029 Choiseul

1217 2002 1327 2062 reisete
1347 2002 1397 2062 den
1428 2002 1518 2062 17ten
1549 2004 1603 2064 auf
1624 2005 1674 2065 ihr
1700 2008 1841 2068 Landgut
1861 2011 2037 2071 Chateloup
2068 2014 2118 2074 bey
2138 2017 2218 2077 Am¬

1222 2049 1327 2109 boise,
1352 2049 1442 2109 allwo
1463 2049 1498 2109 sie
1523 2049 1568 2109 sich
1594 2052 1679 2112 durch
1705 2052 1754 2112 den
1785 2055 1966 2115 berühmten
1996 2059 2202 2119 italienischen

1217 2096 1296 2156 Arzt
1328 2097 1433 2157 Gatti
1460 2097 1507 2157 die
1545 2100 1697 2160 Blattern
1740 2103 1940 2163 einpfropfen
1978 2106 2067 2166 laßen
2110 2109 2209 2169 wird.

1217 2145 1324 2205 Heute
1347 2145 1551 2205 Vormittage
1584 2150 1708 2210 wurden
1747 2154 1795 2214 die
1823 2155 1833 2215 2
1866 2155 2065 2215 Päbstlichen
2093 2159 2206 2219 Breve

1218 2193 1250 2253 an
1289 2193 1338 2253 den
1372 2193 1476 2253 König
1504 2200 1708 2260 Stanislaus
1742 2205 1797 2265 von
1825 2205 1951 2265 Pohlen
1991 2208 2051 2268 und
2079 2209 2117 2269 an
2151 2211 2200 2271 den

1218 2242 1403 2302 Erzbischof
1421 2245 1448 2305 zu
1483 2249 1584 2309 Paris
1607 2251 1635 2311 im
1675 2258 1877 2318 Parlament
1895 2258 2103 2318 angegeben..
2137 2261 2187 2321 Im

1216 2291 1309 2351 ersten
1348 2294 1480 2354 begehrt
1508 2296 1558 2356 der
1591 2301 1696 2361 Pabst
1718 2306 1773 2366 von
1812 2309 1861 2369 dem
1907 2311 2033 2371 Könige
2067 2312 2215 2372 Stanis¬

1216 2339 1288 2399 laus
1316 2341 1360 2401 die
1383 2342 1526 2402 Jesuiten
1555 2350 1582 2410 zu
1611 2354 1765 2414 schutzen,
1794 2358 1854 2418 und
1889 2360 1943 2420 das
1972 2360 2071 2420 andre
2099 2360 2209 2420 erhebt

1220 2387 1330 2447 unsern
1357 2391 1489 2451 Bischof
1511 2395 1563 2455 von
1595 2403 1790 2463 Beaumont
1817 2408 1917 2468 wegen
1954 2408 2055 2468 seines
2076 2409 2213 2469 Hirten=

1215 2437 1334 2497 briefes
1359 2440 1425 2500 sehr
1450 2443 1540 2503 hoch.
1595 2452 1685 2512 Man
1722 2456 1848 2516 berufte
1873 2455 2006 2515 hierauf
2031 2455 2078 2515 die
2109 2455 2199 2515 Gens

1219 2486 1250 2546 du
1283 2489 1371 2549 Roy,
1398 2492 1454 2552 und
1481 2496 1576 2556 stellte
1589 2501 1684 2561 ihnen
1711 2504 1755 2564 die
1782 2503 1915 2563 besagten
1948 2503 2055 2563 Breve
2075 2508 2126 2568 zu,
2152 2509 2183 2569 um

1220 2539 1338 2599 ehstens
1364 2542 1501 2602 darüber
1533 2548 1614 2608 ihren
1653 2554 1778 2614 Schluß
1810 2551 2066 2611 beyzubringen.

1440 2596 1695 2656 Warschau,
1720 2602 1768 2662 den
1799 2602 1859 2662 31.
1884 2602 1987 2662 May.

1269 2638 1314 2698 Am
1354 2641 1509 2701 Freytage
1530 2646 1640 2706 wurde
1660 2649 1718 2709 auf
1739 2649 1783 2709 die
1810 2649 1972 2709 unwillige
2006 2651 2122 2711 Zahler
2149 2649 2194 2709 des

1222 2688 1480 2748 Brückengeldes
1516 2695 1584 2755 eine
1619 2699 1745 2759 Strafe
1775 2694 1826 2754 von
1861 2697 1924 2757 500
1965 2697 2045 2757 Mk.
2069 2700 2206 2760 gesetzet,

1217 2734 1277 2794 und
1306 2734 1349 2794 die
1378 2740 1549 2800 Execution
1594 2744 1621 2804 in
1655 2746 1709 2806 das
1738 2745 1981 2805 Warschausche
2004 2745 2097 2805 Grod
2131 2745 2202 2805 oder

1222 2784 1441 2844 Landgericht,
1464 2793 1521 2853 wie
1545 2795 1614 2855 auch
1638 2795 1689 2855 ins
1718 2794 2035 2854 Marschallsgericht
2048 2793 2209 2853 angewie¬

1220 2838 1282 2898 sen.
1331 2838 1420 2898 Man
1458 2844 1564 2904 verlas
1596 2845 1712 2905 darauf
1739 2843 1781 2903 ein
1814 2841 1967 2901 Project,
1994 2844 2046 2904 daß
2079 2847 2211 2907 diejeni¬

1217 2891 1295 2951 gen,
1318 2892 1431 2952 welche
1454 2894 1538 2954 einen
1567 2897 1752 2957 Ausländer
1776 2894 1826 2954 zum
1872 2891 1984 2951 Thron
2019 2894 2210 2954 befördern,

2136 2948 2198 3008 und
