2479 3508
151 369 274 429 wähket
287 368 437 428 worden.
483 360 554 420 Hr.
581 354 639 414 von
666 345 769 405 Vonck
803 345 860 405 lase
894 345 1049 405 ebenfalls
1083 342 1147 402 eine

151 419 337 479 lateinische
368 410 479 470 Elegie
510 403 584 463 über
615 395 666 455 den
704 392 778 452 Tod
809 395 950 455 besagten
973 395 1070 455 Hrn.
1093 391 1144 451 von

157 467 327 527 Sailern;
356 458 423 518 Hr.
451 447 656 507 Kirchenrath
690 443 806 503 Fladt,
835 443 902 503 eine
923 443 1060 503 teutsche
1088 439 1155 499 Ab¬

155 515 322 575 handlung
358 503 434 563 über
463 496 510 556 die
532 490 713 550 Bayrische
742 492 811 552 oder
846 491 1028 551 Pfälzische
1050 488 1153 548 Prin¬

162 564 249 624 zessin
275 551 451 611 Elisabeth,
470 541 601 601 Kaysers
627 539 778 599 Conradi
797 542 847 602 des
873 540 929 600 VI.
942 539 1149 599 Gemahlin;

164 611 227 671 Hr.
251 592 609 652 Administrationsrath
639 589 795 649 Harscher
819 589 847 649 in
883 588 1009 648 gleicher
1039 586 1154 646 Spra¬

159 653 206 713 che
237 647 314 707 über
344 640 391 700 die
415 635 605 695 Verdienste
630 637 683 697 der
708 637 904 697 Pfalzischen
934 635 1148 695 Churfürsten

165 699 204 759 um
244 693 289 753 die
312 685 566 745 Wissenschaften
595 685 645 745 seit
669 686 719 746 der
742 688 928 748 Errichtung
957 685 1002 745 der
1026 685 1154 745 Univer¬

163 743 234 803 sität
256 741 283 801 zu
312 733 511 793 Heydelberg
539 733 589 793 bis
612 736 667 796 auf
689 736 794 796 unsere
817 736 944 796 Zeiten.
994 736 1066 796 Hr.
1083 736 1155 796 geh.

157 784 374 844 Secretarius
401 781 515 841 Colini
532 784 656 844 endigte
682 784 754 844 diese
781 784 879 844 ganze
896 784 1072 844 Handlung
1098 784 1160 844 mit

159 834 241 894 einer
270 828 436 888 physischen
470 831 702 891 Beschreibung
731 834 780 894 der
809 831 1080 891 Pfalzgrafschaft
1103 831 1130 891 an

158 882 263 942 Rhein
292 879 319 939 in
347 879 569 939 französischer
592 882 758 942 Sprache.
803 879 876 939 Die
899 882 1148 942 Preisschriften

153 933 229 993 über
262 930 311 990 die
339 930 399 990 von
432 930 530 990 dieser
563 933 733 993 Akademie
761 933 787 993 im
837 933 968 993 vorigen
996 932 1088 992 Jahr
1111 929 1159 989 be¬

341 1095 680 1155 Greifswalde,
706 1098 755 1158 den
794 1097 831 1157 3.
863 1097 969 1157 May.

208 1136 285 1196 Se.
304 1142 406 1202 Maj.
419 1145 515 1205 haben
546 1148 776 1208 allergnädigst
800 1148 932 1208 geruhet
963 1147 1011 1207 den
1042 1145 1144 1205 Herrn

163 1188 231 1248 Abt
248 1190 418 1250 Schubert
442 1192 498 1252 zum
538 1193 668 1253 zweyten
703 1196 867 1256 Professor
896 1196 1072 1256 Theologia
1101 1194 1156 1254 auf

163 1237 287 1297 unserer
309 1237 493 1297 Academie,
521 1240 574 1300 zum
619 1240 791 1300 Mitgliede
819 1242 867 1302 des
901 1242 1041 1302 Königl.
1069 1240 1155 1300 Con¬

163 1285 276 1345 sistorii
300 1282 350 1342 der
373 1285 526 1345 deutschen
555 1285 674 1345 Lande,
703 1288 759 1348 und
783 1288 838 1348 zum
874 1288 1009 1348 Pastore
1027 1288 1077 1348 der
1095 1288 1156 1348 St.

157 1330 430 1390 Marienkirche,
446 1328 477 1388 zu
504 1330 656 1390 berufen.

373 1372 632 1432 Hamburg,
661 1375 715 1435 den
749 1375 793 1435 8.
821 1372 931 1432 May.

205 1416 277 1476 Den
309 1416 413 1476 25sten
444 1419 496 1479 des
522 1419 647 1479 vorigen
679 1419 824 1479 Monats
845 1419 959 1479 begrub
986 1419 1053 1479 man
1085 1416 1152 1476 hier

152 1464 177 1524 in
208 1467 258 1527 dem
299 1464 457 1524 Gewölbe
483 1467 533 1527 der
554 1467 651 1527 neuen
682 1467 962 1527 Michaeliskirche
993 1464 1043 1524 den
1079 1464 1160 1524 eini¬

158 1515 197 1575 ge
220 1515 310 1575 Tage
339 1515 451 1575 vorher
486 1518 508 1578 im
555 1518 661 1578 83sten
690 1518 780 1578 Jahr
815 1518 910 1578 seines
945 1515 1058 1575 Alters
1092 1512 1159 1572 ver¬

164 1566 339 1626 storbnen,
366 1566 450 1626 durch
482 1566 561 1626 seine
583 1569 709 1629 Stärke
742 1566 768 1626 in
801 1566 853 1626 der
875 1566 1070 1626 Tonkunst,
1092 1565 1150 1625 und

164 1619 213 1679 die
235 1618 384 1678 darinnen
418 1619 473 1679 ans
496 1619 573 1679 Licht
596 1619 728 1679 gestellte
745 1619 850 1679 Werke
873 1619 999 1679 sowohl
1017 1616 1060 1676 als
1083 1616 1149 1676 auch

158 1670 244 1730 durch
272 1670 320 1730 die
343 1670 369 1730 in
398 1670 446 1730 den
479 1672 587 1732 Druck
610 1670 762 1730 gegebene
785 1670 920 1730 deutsche
937 1668 1160 1728 Uebersetzun¬

165 1721 218 1781 gen
251 1721 299 1781 der
321 1721 500 1781 Geschichte
522 1721 570 1781 des
597 1723 749 1783 Bischofs
776 1721 928 1781 Burnet,
939 1721 987 1781 der
1004 1721 1160 1781 Pamela,

158 1767 210 1827 des
238 1771 365 1831 Ritters
392 1772 536 1832 Ramsey
574 1772 706 1832 Cyrus,
734 1769 792 1829 und
824 1771 957 1831 anderer
979 1771 1149 1831 englischen

157 1816 327 1876 Schriften
364 1817 545 1877 berühmten
582 1817 824 1877 Legationsrath
866 1816 969 1876 Herrn
1006 1818 1145 1878 Johann

162 1864 369 1924 Matheson.
416 1864 462 1924 Er
488 1861 550 1921 war
576 1861 669 1921 1681
685 1861 710 1921 in
731 1858 902 1918 Hamburg
923 1859 1078 1919 geboren,
1094 1863 1150 1923 und

163 1912 252 1972 hatte
279 1914 337 1974 seit
364 1909 448 1969 1704
491 1908 522 1968 in
559 1906 696 1966 Königl.
723 1903 1051 1963 Großbritannischen
1088 1906 1162 1966 Ge¬

164 1960 370 2020 sandschaften
408 1957 481 2017 über
509 1953 572 2013 40,
594 1953 651 2013 und
683 1951 709 2011 in
747 1948 959 2008 Großfürstl.
980 1953 1160 2013 Hollstein¬

158 2008 242 2068 schen
271 2005 423 2065 Diensten
452 1999 525 2059 über
548 1999 581 2059 20
610 1999 700 2059 Jahr
723 1999 910 2059 gestanden.
967 1999 1080 2059 Seine
1103 1998 1153 2058 ge=
1194 1998 1295 2058 Diese
1312 1999 1493 2059 Prinzeßin
1522 1999 1561 2059 ist
1584 2004 1675 2064 ihrer
1704 2007 1930 2067 Niederkunft
1953 2011 2054 2071 nahe.
2100 2014 2189 2074 Herr

162 2052 281 2112 druckte
307 2049 473 2109 besonders
499 2046 706 2106 musicalische
722 2046 836 2106 Werke
857 2046 996 2106 belaufen
1028 2046 1074 2106 sich
1101 2049 1157 2109 auf

165 2098 231 2158 88,
254 2097 331 2157 seine
354 2097 592 2157 Handschriften
626 2097 698 2157 aber
721 2097 731 2157 2
759 2097 809 2157 bis
832 2094 848 2154 3
876 2095 942 2155 mal
965 2096 987 2156 so
1016 2094 1093 2154 viel,
1110 2097 1153 2157 die

162 2142 199 2202 er
220 2142 278 2202 auf
294 2144 478 2204 Verlangen
505 2146 610 2206 unserm
653 2148 832 2208 Gymnasio
860 2146 1049 2206 überlaßen,
1065 2145 1154 2205 nach¬

164 2193 218 2253 dem
263 2193 290 2253 er
307 2195 384 2255 schon
418 2197 529 2257 vorher
557 2199 600 2259 der
629 2196 694 2256 St.
712 2198 994 2258 Michaeliskirche
1022 2191 1071 2251 bey
1105 2192 1160 2252 Le¬

157 2243 337 2303 benszeiten
375 2249 486 2309 44000
524 2249 629 2309 Mark
656 2246 783 2306 Hamb.
810 2246 921 2306 Cour.
943 2243 995 2303 zum
1043 2240 1138 2300 neuen

162 2296 352 2356 Orgelwerk
379 2297 548 2357 entrichtet
570 2297 683 2357 hatte,
706 2294 738 2354 an
776 2297 907 2357 welchem
956 2291 1010 2351 auf
1032 2289 1156 2349 Befehl

166 2342 210 2402 E.
234 2347 363 2407 hiesigen
403 2348 601 2408 Magistrats
635 2345 691 2405 sein
726 2345 867 2405 Bildnis
901 2342 963 2402 mit
992 2342 1042 2402 der
1071 2339 1155 2399 Auf¬

1065 2390 1148 2450 Das

160 2396 270 2456 schrift
299 2396 353 2456 von
387 2396 587 2456 Richeyscher
610 2393 710 2453 Feder
738 2394 844 2454 gesetzt
872 2392 1021 2452 worden.

164 2441 220 2501 von
247 2443 298 2503 ihm
335 2444 423 2504 selbst
449 2443 635 2503 verfertigte
658 2443 927 2503 Traueroratorio
958 2438 1067 2498 wurde
1098 2437 1134 2497 am

163 2493 435 2553 Begrabnißtage
463 2493 490 2553 in
524 2491 618 2551 dieser
646 2491 757 2551 Kirche
786 2494 996 2554 aufgeführt,
1024 2488 1151 2548 welcher

152 2539 184 2599 er
216 2539 365 2599 vermöge
398 2539 499 2599 seines
531 2539 627 2599 letzten
665 2539 803 2599 Willens
836 2542 910 2602 auch
942 2541 995 2601 sein
1028 2537 1144 2597 ganzes

1042 2587 1148 2647 Keine

167 2589 299 2649 übriges
326 2590 541 2650 ansehnliches
574 2589 758 2649 Vermögen
796 2593 974 2653 vermacht.

163 2638 262 2698 Erben
302 2637 406 2697 dörfen
452 2638 534 2698 diese
563 2638 790 2698 großmüthige
818 2641 1018 2701 Schenkung
1046 2635 1157 2695 benei¬

153 2688 208 2748 den
247 2688 319 2748 noch
353 2685 509 2745 darunter
549 2687 682 2747 leiden,
728 2688 805 2748 denn
845 2691 894 2751 der
934 2688 1145 2748 Verstorbene

166 2745 251 2805 hatte
272 2740 304 2800 sie
325 2737 423 2797 nicht.

413 2781 586 2841 Paris,
612 2784 667 2844 den
705 2784 767 2844 27.
792 2788 910 2848 April.

201 2838 290 2898 Herr
313 2835 485 2895 Normand
515 2834 704 2894 d'Estiolle,
727 2834 782 2894 der
810 2838 1011 2898 verstorbnen
1051 2834 1151 2894 Mar¬

151 2891 251 2951 quisin
282 2891 335 2951 von
365 2888 585 2948 Pompadour
610 2886 793 2946 Ehgemahl
812 2888 889 2948 wird
919 2893 972 2953 dem
1014 2888 1156 2948 Verlaut

1181 342 1279 402 kannt
1297 344 1453 404 gemachte
1477 342 1604 402 Frage,
1628 345 1745 405 müssen
1786 344 1838 404 dem
1879 345 2082 405 beständigen
2117 345 2186 405 Se¬

1187 390 1341 450 cretarius
1372 392 1428 452 vor
1449 389 1500 449 dem
1537 389 1572 449 1.
1594 391 1691 451 Julii
1712 392 1912 452 zugeschicket
1944 393 2097 453 werden,
2124 395 2159 455 um

1186 438 1239 498 den
1267 439 1369 499 Preis
1396 440 1515 500 selbsten
1548 437 1569 497 im
1613 440 1813 500 zukünftigen
1846 440 1971 500 Monat
1993 443 2127 503 Ocrobr.
2144 446 2176 506 zu

1183 490 1349 550 erhalten.
1421 485 1499 545 Die
1522 486 1704 546 vorgelegte
1727 490 1832 550 Frage
1855 490 1988 550 betrift:
2010 492 2026 552 ”
2049 491 2098 551 den
2127 494 2187 554 Ur¬

1205 539 1328 599 'sprung
1355 539 1401 599 des
1427 536 1551 596 Comes
1572 535 1732 595 Palatinus
1753 538 1846 598 unter
1867 539 1960 599 denen
1986 540 2089 600 Röm.
2100 544 2187 604 Kay=

1210 586 1304 646 sern;
1342 585 1400 645 sein
1437 583 1516 643 Amt
1543 583 1632 643 unter
1665 585 1759 645 denen
1802 586 2082 646 Merovingischen
2119 592 2176 652 und

1211 636 1472 696 Carolingischen
1506 633 1648 693 Königen
1683 633 1733 693 bis
1762 634 1818 694 auf
1853 631 1898 691 die
1927 636 2091 696 Theilung
2125 640 2181 700 des

1211 684 1419 744 Fränkischen
1449 682 1565 742 Reichs
1589 682 1611 742 im
1658 682 1745 742 Jahr
1775 682 1861 742 843.
1880 682 1943 742 und
1967 685 2012 745 die
2037 687 2129 747 Zeit,
2152 688 2181 748 in

1202 731 1348 791 "welcher
1376 731 1445 791 man
1473 730 1657 790 Crongüter
1690 730 1748 790 mit
1777 728 1868 788 dieser
1901 729 2025 789 Würde
2053 733 2085 793 zu
2123 736 2193 796 ver¬

1780 773 1827 833 Es
1855 778 1951 838 stehet
1973 778 2054 838 einem
2097 784 2182 844 jeden

1197 782 1352 842 "knüpfen
1380 781 1580 841 angefangen
1608 781 1724 841 habe.”

1193 831 1275 891 frey,
1298 828 1375 888 seine
1404 828 1536 888 Schrift
1559 831 1581 891 in
1610 828 1786 888 lateinisch-
1804 825 1931 885 teutsch-
1949 829 2021 889 oder
2044 831 2193 891 französi¬

1196 880 1272 940 scher
1295 879 1443 939 Sprache
1466 879 1709 939 einzuschicken;
1737 879 1797 939 nur
1820 877 1891 937 muß
1919 876 1952 936 sie
1969 882 2139 942 ohngefehr
2157 885 2178 945 in

1196 930 1282 990 einer
1304 930 1412 990 halben
1445 930 1580 990 Stunde
1602 930 1721 990 können
1754 930 1862 990 gelesen
1890 930 2035 990 werden.

1179 1093 1272 1153 nach,
1290 1094 1348 1154 das
1372 1097 1565 1157 Testament
1590 1097 1647 1157 und
1684 1097 1824 1157 Codicill
1842 1100 1941 1160 dieser
1966 1097 2076 1157 Dame
2095 1094 2193 1154 anzu¬

1185 1144 1302 1204 greifen
1340 1142 1398 1202 und
1430 1145 1638 1205 umzustoßen
1682 1148 1808 1208 suchen,
1836 1148 1889 1208 aus
1932 1145 1984 1205 dem
2033 1148 2176 1208 Grunde

1185 1192 1262 1252 weil
1279 1193 1304 1253 in
1331 1193 1413 1253 ihrem
1461 1196 1783 1256 Heyrathscontract
1809 1193 1850 1253 ein
1887 1196 2069 1256 reciprokes
2101 1193 2188 1253 Ver¬

1193 1240 1350 1300 mächtniß
1377 1240 1451 1300 alles
1472 1237 1562 1297 ihres
1583 1240 1789 1300 Vermögens
1816 1240 1968 1300 euthalten
2000 1240 2047 1300 ist.
2085 1242 2179 1302 Nach

1191 1285 1279 1345 ihrem
1324 1285 1510 1345 Testament
1531 1285 1604 1345 solte
1629 1286 1697 1346 auch
1722 1287 1771 1347 ihr
1796 1285 1938 1345 Landgut
1968 1285 2130 1345 Menars,
2155 1286 2179 1346 in

1187 1327 1237 1387 dem
1278 1327 1363 1387 Fall,
1400 1330 1434 1390 da
1460 1328 1510 1388 ihr
1541 1330 1678 1390 Bruder
1709 1330 1795 1390 Herr
1826 1328 1876 1388 von
1912 1330 2079 1390 Marigny
2105 1333 2185 1393 ohne

1186 1372 1393 1432 Leibeserben
1423 1372 1481 1432 mit
1502 1372 1590 1432 Tode
1616 1375 1753 1435 abgehen
1788 1375 1916 1435 würde,
1942 1376 2025 1436 ihrem
2070 1378 2182 1438 Vetter

1190 1415 1290 1475 Herrn
1328 1415 1460 1475 Poisson
1503 1418 1535 1478 de
1572 1422 1773 1482 Malvoisin,
1800 1422 1927 1482 welcher
1960 1422 2092 1482 Officier
2124 1425 2176 1485 bey

1192 1464 1245 1524 den
1278 1464 1496 1524 Carabiniers
1528 1466 1586 1526 ist,
1614 1470 1768 1530 zufallen.
1817 1470 1896 1530 Des
1934 1470 2077 1530 Königes
2110 1473 2195 1533 Ma¬

1188 1515 1281 1575 jestät
1304 1515 1397 1575 haben
1426 1515 1519 1575 unter
1542 1518 1591 1578 dem
1636 1518 1724 1578 19ten
1752 1518 1851 1578 dieses
1874 1518 1923 1578 dem
1963 1521 2067 1581 Herrn
2101 1524 2189 1584 Ma¬

1188 1565 1285 1625 rigny
1309 1565 1338 1625 zu
1373 1566 1512 1626 erklären
1547 1567 1708 1627 geruhet,
1738 1571 1796 1631 daß
1831 1569 1871 1629 sie
1894 1569 1946 1629 ihm
1993 1570 2051 1630 das
2086 1572 2189 1632 Hotel

1196 1613 1362 1673 d'Evreux
1395 1616 1638 1676 wiedergaben,
1661 1618 1719 1678 und
1747 1618 1833 1678 Falls
1850 1616 1887 1676 sie
1910 1619 2001 1679 dieses
2023 1620 2136 1680 Hotels
2153 1622 2179 1682 in

1193 1667 1244 1727 der
1268 1667 1360 1727 Folge
1383 1669 1493 1729 nöthig
1517 1670 1615 1730 haben
1645 1670 1754 1730 solten,
1783 1670 1806 1730 so
1830 1670 1956 1730 würden
1992 1670 2026 1730 sie
2044 1673 2095 1733 ihm
2131 1673 2176 1733 den

1183 1715 1299 1775 Werth
1329 1719 1469 1779 desselben
1493 1721 1662 1781 bezahlen.
1709 1721 1785 1781 Die
1803 1721 1961 1781 Zimmer,
1985 1721 2095 1781 welche
2113 1724 2188 1784 sonst

1186 1766 1236 1826 die
1264 1769 1437 1829 Marquise
1466 1769 1487 1829 in
1522 1772 1571 1832 dem
1611 1772 1734 1832 Schloß
1751 1774 1778 1834 zu
1812 1772 1985 1832 Versailles
2008 1774 2081 1834 inne
2092 1775 2198 1835 hatte,

1198 1817 1349 1877 überläßt
1372 1817 1420 1877 der
1442 1817 1545 1877 König
1573 1819 1627 1879 der
1649 1821 1833 1881 Prinzeßin
1861 1822 2056 1882 Adelhaide.
2106 1819 2192 1879 Seit

1195 1859 1247 1919 dem
1290 1861 1422 1921 Ableben
1454 1861 1507 1921 der
1540 1867 1751 1927 Marquisin,
1778 1870 1883 1930 speisen
1926 1872 1999 1932 Se.
2021 1873 2121 1933 Maj.
2148 1871 2195 1931 öf¬

1192 1906 1257 1966 ters
1282 1903 1332 1963 des
1358 1906 1489 1966 Abends
1514 1909 1574 1969 mit
1595 1913 1645 1973 der
1666 1915 1807 1975 Königl.
1828 1915 1988 1975 Familie,
2019 1917 2079 1977 und
2105 1918 2195 1978 brin¬

1187 1955 1243 2015 gen
1280 1954 1496 2014 gemeiniglich
1539 1957 1699 2017 denselben
1740 1960 1791 2020 bey
1833 1962 1885 2022 der
1916 1966 2107 2026 Dauphine
2144 1969 2195 2029 zu.

1192 2046 1300 2106 Levret
1326 2044 1377 2104 ihr
1409 2046 1636 2106 Accoucheur,
1663 2048 1698 2108 ist
1725 2050 1807 2110 schon
1844 2054 1900 2114 seit
1927 2055 2045 2115 etlichen
2077 2058 2185 2118 Tagen

1185 2091 1221 2151 am
1263 2093 1329 2153 Hof
1351 2093 1407 2153 und
1434 2093 1480 2153 die
1511 2094 1666 2154 Canonen
1698 2097 1796 2157 stehen
1828 2100 1941 2160 bereit,
1967 2102 2019 2162 den
2045 2104 2190 2164 Eintritt

1186 2142 1272 2202 eines
1295 2142 1419 2202 Kindes
1442 2139 1495 2199 von
1523 2145 1708 2205 Frankreich
1736 2146 1763 2206 in
1796 2148 1839 2208 die
1867 2151 1975 2211 Welt,
1997 2151 2051 2211 der
2074 2154 2187 2214 Stadt

1185 2190 1222 2250 an
1259 2190 1470 2250 verschiednen
1497 2195 1597 2255 Orten
1624 2199 1760 2259 bekannt
1782 2202 1808 2262 zu
1835 2202 1982 2262 machen.
2009 2202 2082 2262 Der
2104 2202 2188 2262 Car¬

1188 2237 1281 2297 dinal
1304 2237 1353 2297 von
1387 2240 1514 2300 Bernis
1548 2246 1602 2306 hat
1625 2249 1674 2309 das
1714 2251 1818 2311 schöne
1847 2255 1946 2315 Haus
1974 2255 2001 2315 in
2035 2255 2084 2315 der
2112 2257 2189 2317 Uni¬

1188 2288 1442 2348 versitätsgasse,
1464 2295 1599 2355 welches
1627 2300 1772 2360 vormals
1811 2306 1978 2366 Madame
2012 2304 2044 2364 de
2082 2306 2190 2366 Mon¬

1193 2336 1281 2396 teßan
1315 2339 1502 2399 bewohnte,
1525 2345 1558 2405 an
1592 2348 1636 2408 sich
1664 2351 1829 2411 gebracht.
1874 2354 1951 2414 Den
1974 2354 2062 2414 22ten
2090 2357 2184 2417 dieses

1189 2387 1299 2447 wurde
1321 2387 1371 2447 der
1388 2393 1582 2453 Erzbischoff
1599 2399 1654 2459 von
1683 2402 1842 2462 Cambray
1866 2405 1921 2465 mit
1938 2405 2015 2465 einem
2049 2406 2170 2466 Schlag

1191 2437 1254 2497 fluß
1289 2436 1445 2496 befallen,
1469 2443 1527 2503 und
1568 2449 1696 2509 alsbald
1731 2452 1794 2512 mit
1823 2455 1899 2515 allen
1940 2455 2183 2515 Sacramenten

1188 2485 1352 2545 versehen.
1404 2491 1479 2551 Die
1499 2495 1650 2555 bekannte
1670 2503 1973 2563 Freygebigkeitder
1993 2503 2182 2563 Engländer

1190 2536 1245 2596 hat
1270 2536 1288 2596 in
1326 2536 1368 2596 der
1388 2540 1486 2600 letzten
1511 2546 1658 2606 Londner
1685 2551 1906 2611 Hofzeitung,
1925 2551 1968 2611 die
1993 2551 2110 2611 neulich
2129 2552 2184 2612 auf

1193 2587 1210 2647 3
1241 2587 1411 2647 Millionen
1442 2591 1547 2651 Livres
1572 2599 1749 2659 berechnete
1773 2599 2039 2659 Verlassenschaft
2063 2599 2110 2659 der
2128 2599 2186 2659 Ko=

1187 2636 1338 2696 niglichen
1368 2642 1630 2702 Lieblingsdame
1654 2647 1677 2707 in
1700 2647 1723 2707 so
1754 2646 1817 2706 viel
1835 2649 1945 2709 Pfund
1975 2649 2184 2709 verwandelt.

1436 2694 1631 2754 London,
1654 2697 1707 2757 den
1752 2697 1790 2757 4.
1823 2697 1931 2757 May.

1237 2732 1319 2792 Das
1358 2739 1505 2799 Königl.
1531 2745 1690 2805 Allmosen
1724 2742 1761 2802 am
1813 2745 2184 2805 Grünendonnerstage,

1189 2784 1278 2844 ward
1302 2784 1325 2844 in
1355 2787 1402 2847 der
1427 2794 1728 2854 Whitehallkapelle
1753 2791 1841 2851 unter
1871 2790 1912 2850 27
1942 2790 2043 2850 armen
2073 2789 2179 2849 Man=

1181 2833 1256 2893 nern
1286 2838 1455 2898 dergestalt
1485 2844 1677 2904 vertheilet,
1714 2843 1766 2903 daß
1796 2841 1865 2901 jede
1895 2837 2017 2897 Person
2053 2835 2064 2895 3
2088 2837 2175 2897 Ellen

1189 2890 1403 2950 holländische
1423 2894 1618 2954 Leinwand,
1645 2894 1684 2954 ein
1711 2894 1801 2954 Paar
1821 2890 1951 2950 Schuhe
1964 2888 2022 2948 und
2042 2888 2185 2948 Strüm=

2111 2947 2188 3007 pfe,
