2479 3508
1234 1255 1303 1315 den
1349 1258 1425 1318 18.
1449 1252 1617 1312 Junius
1657 1252 1809 1312 1764.

587 1258 719 1318 40tes
764 1260 926 1320 Stück.
986 1259 1177 1319 Montag

276 1333 476 1393 Fortsetzung
510 1333 563 1393 der
591 1332 809 1392 Rigischen
847 1327 1086 1387 Anzeigen.

169 1420 256 1480 und
284 1425 447 1485 Ursprung
475 1422 524 1482 der
552 1422 628 1482 alten
656 1416 858 1476 Einwohner
886 1416 1065 1476 Lieflands,
1083 1415 1169 1475 ihrer

192 1473 387 1533 "Religion,
414 1470 530 1530 Sitten
562 1470 625 1530 und
652 1466 905 1526 Gebräuchen."
970 1464 1170 1524 Liefland

179 1625 261 1685 Land
288 1622 390 1682 besetzt
412 1622 535 1682 hatten.
582 1620 654 1680 Die
681 1618 799 1678 letztern
831 1613 986 1673 stammen
1022 1613 1073 1673 von
1110 1613 1161 1673 den

180 1676 336 1736 Finnen
376 1676 435 1736 ab,
463 1676 522 1736 und
555 1673 604 1733 ihr
631 1670 739 1730 Name
773 1668 827 1728 aus
860 1667 914 1727 dem
952 1664 1164 1724 schwedischen

175 1727 324 1787 Oesten,
346 1725 379 1785 da
413 1724 451 1784 sie
479 1724 573 1784 diesen
612 1724 706 1784 gegen
739 1721 827 1781 Osten
862 1718 988 1778 liegen,
1022 1717 1082 1777 und
1110 1715 1165 1775 sind

184 1778 343 1838 vielleicht
361 1775 419 1835 Ein
450 1775 537 1835 Volk
562 1772 620 1832 mit
650 1772 703 1832 den
733 1766 915 1826 Aestiern
957 1767 980 1827 in
1010 1766 1163 1826 Preußen

181 1822 341 1882 gewesen.
392 1819 452 1879 Ein
483 1817 598 1877 Liewe,
619 1817 739 1877 kommt
760 1814 815 1874 her
835 1814 890 1874 von
921 1812 1036 1872 Lywa,
1057 1814 1172 1874 Sand.

190 1869 243 1929 Ein
276 1870 351 1930 Rest
373 1866 464 1926 dieses
492 1864 594 1924 Volks
616 1861 729 1921 wohnt
746 1858 783 1918 am
821 1858 1004 1918 Seestrand
1026 1858 1171 1918 ohnweit

180 1921 317 1981 Salis
352 1917 411 1977 und
441 1915 465 1975 in
496 1909 658 1969 Curland.
708 1903 781 1963 Die
807 1903 949 1963 Letten
984 1903 1072 1963 leitet
1097 1903 1166 1963 man

179 1966 218 2026 ab
244 1968 299 2028 von
330 1964 374 2024 den
405 1960 480 2020 alten
511 1954 687 2014 Luticis,
713 1949 793 2009 einem
834 1951 1044 2011 sarmatischen
1075 1950 1175 2010 Volk,

182 2014 246 2074 und
274 2011 360 2071 sollen
387 2008 424 2068 sie
447 2004 662 2064 ursprünglich
690 1998 710 2058 in
744 1996 905 2056 Litthauen
938 1995 1088 2055 gewohnt
1116 1996 1169 2056 ha¬

179 2061 268 2121 ben,
296 2055 354 2115 wie
375 2055 443 2115 denn
476 2052 529 2112 das
556 2049 693 2109 Lettische
715 2046 772 2106 und
794 2045 937 2105 Curische
964 2041 1164 2101 Schwestern

179 2106 232 2166 des
259 2103 483 2163 Litthauischen
510 2100 600 2160 sind,
622 2100 669 2160 (s.
686 2097 904 2157 Stenders
936 2092 1015 2152 neue
1038 2091 1170 2151 lettische

185 2154 444 2214 Grammatick.)
506 2151 577 2211 Die
606 2151 721 2211 Esthen
755 2145 815 2205 und
849 2145 937 2205 Liven
976 2142 1075 2202 hatten
1109 2139 1169 2199 mit

176 2205 229 2265 den
261 2205 378 2265 Finnen
410 2202 542 2262 einerley
569 2199 702 2259 Götter.
735 2199 808 2259 Den
841 2194 1016 2254 Neumond
1037 2188 1175 2248 begrüß¬

182 2255 226 2315 ten
259 2255 320 2315 sie:
343 2255 387 2315 sey
415 2255 570 2315 gegrüßet
593 2252 720 2312 Mond,
748 2246 797 2306 daß
837 2246 870 2306 du
898 2242 942 2302 alt
959 2240 1092 2300 werdest
1109 2236 1169 2296 und

177 2306 221 2366 ich
244 2306 315 2366 jung
344 2306 460 2366 bleibe.
505 2300 582 2360 Dem
628 2297 755 2357 Monde
777 2294 905 2354 gedeihe
928 2290 977 2350 das
1006 2285 1088 2345 Gold
1117 2285 1166 2345 zur

177 2357 389 2417 Schönheit,
417 2352 461 2412 die
484 2349 656 2409 Menschen
685 2345 751 2405 aber
774 2342 880 2402 mögen
914 2342 935 2402 so
958 2338 1069 2398 gesund
1098 2333 1175 2393 blei=

181 2402 268 2462 ben,
294 2402 340 2462 als
367 2402 453 2462 Eisen
485 2399 562 2459 stark
593 2394 649 2454 und
681 2393 742 2453 fest
764 2393 820 2453 ist.
867 2390 938 2450 Der
970 2385 1165 2445 vornehmste

180 2449 274 2509 Gott
291 2449 353 2509 war
381 2446 555 2506 Thorisas,
583 2443 635 2503 der
657 2440 889 2500 Donnergott.
937 2437 1011 2497 Bey
1038 2433 1085 2493 den
1112 2432 1170 2492 Let=

177 2545 266 2605 Mate
289 2547 361 2607 nach
395 2542 490 2602 seinem
529 2539 613 2599 Lauf
636 2539 747 2599 täglich
782 2535 837 2595 vom
888 2535 1005 2595 Staub
1033 2530 1167 2590 abbade,

179 2593 360 2653 Okopirn,
392 2592 448 2652 der
480 2587 567 2647 Gott
595 2587 646 2647 des
677 2587 869 2647 Himmels,
901 2581 1082 2641 Antrymp,
1114 2580 1165 2640 der

181 2695 225 2755 die
249 2691 362 2751 Göttin
391 2687 436 2747 der
459 2682 556 2742 Hölle
579 2682 612 2742 u.
625 2685 647 2745 s.
659 2685 681 2745 f.
727 2684 875 2744 Tempel
892 2685 988 2745 hatten
1023 2679 1056 2739 sie
1074 2679 1159 2739 nicht

184 2745 260 2805 aber
284 2740 395 2800 Hayne
419 2736 471 2796 und
501 2730 630 2790 Höhen.
684 2730 777 2790 Ihre
801 2733 900 2793 Opfer
936 2732 1036 2792 waren
1066 2727 1142 2787 Vieh

182 2792 262 2852 Bier
287 2793 349 2853 und
375 2784 511 2844 Brodt,
530 2781 659 2841 worauf
679 2781 716 2841 sie
735 2781 784 2841 die
809 2781 921 2841 Götter
946 2783 976 2843 zu
1002 2778 1088 2838 Gast
1114 2778 1169 2838 ba=

175 2844 246 2904 ten.
294 2842 370 2902 Ihr
401 2832 489 2892 erstes
513 2831 583 2891 Fest
608 2829 672 2889 war
703 2829 726 2889 im
768 2830 880 2890 Aprill
904 2832 957 2892 dem
999 2826 1164 2886 Pergubri,

186 2890 268 2950 Gott
292 2891 339 2951 des
363 2885 486 2945 Laubes
510 2882 563 2942 und
593 2879 710 2939 Grases
734 2882 763 2942 zu
787 2882 911 2942 Ehren.
953 2882 1028 2942 Den
1059 2879 1152 2939 28sten

1206 1324 1344 1384 October
1367 1321 1433 1381 war
1456 1323 1511 1383 das
1535 1320 1601 1380 Fest
1624 1319 1651 1379 zu
1674 1319 1773 1379 Ehren
1802 1321 1851 1381 der
1875 1321 2091 1381 verstorbenen
2119 1324 2202 1384 See¬

227 1380 350 1440 VIIItes
382 1378 443 1438 und
474 1377 572 1437 IXtes
603 1372 726 1432 Stück.
789 1366 891 1426 "Von
928 1372 979 1432 dem
1031 1369 1159 1429 Namen
1206 1369 1278 1429 len.
1325 1369 1376 1429 Im
1418 1366 1597 1426 December
1619 1366 1752 1426 feyerten
1779 1366 1814 1426 sie
1835 1367 1876 1427 ein
1902 1369 1994 1429 Fest,
2021 1369 2072 1429 dem
2108 1369 2195 1429 Gott

1208 1413 1256 1473 der
1283 1413 1533 1473 Schwelgerey.
1582 1413 1662 1473 Das
1690 1413 1782 1473 Jahr
1810 1413 1934 1473 theilten
1967 1413 2004 1473 sie
2037 1415 2064 1475 in
2103 1416 2199 1476 zwölf

1199 1461 1365 1521 Monate,
1381 1459 1443 1519 und
1469 1460 1604 1520 nannten
1637 1459 1714 1519 diese
1735 1461 1802 1521 nach
1829 1461 1917 1521 ihren
1939 1464 2203 1524 Eigenschaften,

182 1524 278 1584 führt
295 1524 345 1584 den
374 1519 503 1579 Namen
532 1521 588 1581 von
622 1518 717 1578 seinen
752 1517 830 1577 alten
859 1512 1078 1572 Einwohnern
1112 1512 1162 1572 den
1203 1514 1236 1574 z.
1248 1511 1292 1571 E.
1310 1509 1501 1569 December,
1518 1509 1619 1569 Wilke
1642 1509 1771 1569 Mänes,
1794 1509 1844 1569 von
1873 1509 1923 1569 den
1947 1512 2092 1572 Wölfen.
2116 1514 2194 1574 Sie

177 1575 336 1635 Liven,
366 1572 412 1632 die
443 1572 530 1632 nebst
560 1572 613 1632 den
655 1566 790 1626 Letten
832 1563 890 1623 und
926 1562 1067 1622 Esthen
1109 1560 1161 1620 das
1203 1561 1338 1621 raubten
1374 1557 1420 1617 die
1439 1558 1568 1618 Weiber
1598 1558 1662 1618 mit
1680 1558 1762 1618 List,
1792 1560 1880 1620 wenn
1916 1561 1986 1621 auch
2022 1563 2110 1623 gleich
2140 1564 2192 1624 die

1203 1610 1456 1670 Entführungen
1491 1609 1552 1669 mit
1576 1608 1694 1668 Wissen
1728 1608 1784 1668 und
1819 1608 1931 1668 Willen
1971 1610 2022 1670 der
2056 1613 2180 1673 Aeltern

1204 1661 1334 1721 waren,
1358 1661 1429 1721 (das
1465 1661 1547 1721 sollte
1577 1661 1701 1721 Finesse
1726 1658 1885 1718 heißen).
1939 1660 1991 1720 In
2028 1660 2181 1720 Esthland

1208 1715 1286 1775 setzte
1310 1712 1354 1772 sich
1378 1712 1417 1772 die
1435 1712 1548 1772 Braut
1566 1711 1661 1771 hinter
1684 1709 1730 1769 den
1753 1711 1940 1771 Braͤutigam
1980 1712 2054 1772 aufs
2077 1716 2189 1776 Pferd,

1203 1763 1291 1823 warf
1308 1764 1519 1824 Bänderchen
1542 1763 1631 1823 aus,
1654 1763 1714 1823 und
1748 1761 1803 1821 ritt
1826 1763 1853 1823 so
1882 1763 1936 1823 ins
1959 1765 2070 1825 Dorf.
2115 1763 2192 1823 Ihr

1203 1811 1346 1871 Ehebett
1369 1811 1430 1871 war
1458 1811 1573 1871 keusch,
1597 1811 1652 1871 und
1680 1811 1762 1871 keine
1790 1814 2045 1874 Vielweiberey.
2079 1815 2195 1875 (Diese

1194 1858 1276 1918 alten
1308 1858 1485 1918 Eindrücke
1506 1858 1599 1918 liegen
1626 1858 1699 1918 noch
1725 1858 1750 1918 in
1787 1858 1833 1918 dem
1876 1862 2000 1922 Volke.
2053 1861 2115 1921 So
2147 1862 2198 1922 be¬

1197 1903 1292 1963 kannt
1323 1900 1419 1960 beyde
1440 1903 1652 1963 Geschlechter
1683 1904 1744 1964 mit
1770 1909 1926 1969 einander
1952 1909 2134 1969 umgehen,
2165 1914 2190 1974 so

1197 1948 1239 2008 ist
1256 1948 1324 2008 doch
1346 1948 1489 2008 Unzucht
1511 1948 1648 2008 weniger
1670 1951 1828 2011 gemein,)
1856 1951 1903 2011 die
1925 1955 2056 2015 Töchter
2084 1960 2200 2020 erhiel¬

1194 1993 1243 2053 ten
1279 1993 1349 2053 ihre
1381 1993 1506 2053 Namen
1547 1993 1607 2053 vom
1648 1996 1855 2056 Federvieh,
1881 1996 1926 2056 die
1956 1999 2082 2059 Söhne
2118 2004 2173 2064 vom

1198 2042 1278 2102 Vieh
1311 2039 1381 2099 oder
1403 2040 1506 2100 Wild.
1528 2034 1603 2094 Den
1637 2040 1756 2100 Todten
1783 2040 1875 2100 gaben
1908 2040 1939 2100 sie
1968 2043 2070 2103 Geld,
2087 2049 2194 2109 Spei¬

1198 2093 1224 2153 se
1241 2089 1300 2149 und
1328 2085 1452 2145 Trank,
1468 2085 1614 2145 Weibern
1636 2085 1766 2145 Nadeln
1793 2085 1852 2145 und
1875 2088 1977 2148 Zwirn
2010 2091 2085 2151 mit.
2107 2094 2183 2154 Bey

1198 2139 1249 2199 den
1283 2133 1436 2193 Gräbern
1470 2135 1673 2195 schmauseten
1708 2136 1747 2196 sie
1770 2136 1923 2196 jährlich.
1974 2138 2115 2198 Einmal
2139 2145 2166 2205 im

1204 2188 1292 2248 Jahr
1316 2182 1516 2242 bewirtheten
1546 2184 1580 2244 sie
1605 2184 1645 2244 die
1664 2185 1781 2245 Seelen
1811 2187 1834 2247 in
1864 2188 1946 2248 einer
1970 2190 2075 2250 heißen
2099 2195 2187 2255 Bad¬

1201 2234 1301 2294 stube.
1349 2231 1420 2291 Der
1450 2235 1563 2295 Wirth
1593 2237 1675 2297 hielt
1700 2238 1752 2298 den
1777 2240 1925 2300 Pergel,
1949 2243 2013 2303 und
2044 2246 2191 2306 nöthigte

1197 2285 1232 2345 sie
1257 2282 1303 2342 zum
1345 2279 1451 2339 Essen.
1511 2288 1664 2348 Hernach
1688 2288 1758 2348 hieb
1789 2291 1817 2351 er
1848 2291 1947 2351 seinen
1978 2292 2107 2352 Pergel
2126 2297 2184 2357 auf

1199 2333 1250 2393 der
1280 2331 1522 2391 Thürschwelle
1552 2339 1719 2399 entzwey,
1743 2341 1818 2401 wieß
1853 2342 1950 2402 ihnen
1992 2344 2095 2404 höflich
2137 2346 2188 2406 die

1198 2381 1334 2441 Thüre,
1358 2381 1419 2441 und
1443 2384 1522 2444 fegte
1551 2387 1652 2447 hinter
1675 2390 1766 2450 ihnen
1795 2390 1874 2450 aus.
1920 2394 2050 2454 Könige
2079 2396 2180 2456 hatten

1195 2432 1234 2492 sie
1251 2431 1358 2491 nicht,
1382 2432 1449 2492 ihre
1472 2435 1613 2495 Priester
1637 2437 1738 2497 waren
1767 2440 1795 2500 im
1835 2439 2004 2499 Ansehen,
2039 2440 2100 2500 und
2124 2440 2191 2500 Ge¬

179 2496 260 2556 ten;
284 2494 449 2554 Perkuns,
472 2494 524 2554 die
547 2489 690 2549 Sonne,
714 2488 766 2548 den
804 2488 879 2548 seine
902 2485 984 2545 Frau
1015 2479 1157 2539 Perkune
1197 2479 1399 2539 wohnheiten
1422 2481 1564 2541 Gesetze.
1588 2488 1685 2548 Ihre
1702 2488 1814 2548 Kriege
1837 2488 1934 2548 waren
1958 2488 2190 2548 Räubereyen.

1188 2532 1238 2592 In
1273 2527 1323 2587 der
1353 2530 1443 2590 Noth
1478 2536 1643 2596 brauchten
1677 2536 1717 2596 sie
1740 2536 1939 2596 Fischgräten
1974 2536 2048 2596 statt
2077 2536 2189 2596 Eisen.

1201 2574 1287 2634 Ihre
1311 2580 1466 2640 Kleidung
1496 2586 1559 2646 war
1583 2587 1663 2647 ganz
1687 2587 1831 2647 einfach,
1861 2584 1924 2644 wie
1948 2584 2016 2644 ihre
2047 2587 2184 2647 Speise.

182 2641 272 2701 Gott
292 2642 337 2702 des
364 2640 493 2700 Lichts,
514 2635 617 2695 Pokul
638 2635 695 2695 und
722 2635 891 2695 Brecktste,
918 2635 969 2695 der
989 2629 1080 2689 Gott
1100 2629 1158 2689 und
1192 2626 1309 2686 Naude
1336 2628 1393 2688 und
1414 2632 1537 2692 Rassa,
1557 2638 1667 2698 Geld
1700 2635 1726 2695 in
1759 2635 1843 2695 ihrer
1876 2635 2052 2695 Sprache,
2072 2638 2175 2698 zeigen

1184 2676 1253 2736 an,
1280 2676 1332 2736 daß
1365 2676 1396 2736 sie
1423 2681 1476 2741 vor
1503 2685 1651 2745 Ankunft
1673 2684 1726 2744 der
1748 2682 1922 2742 Deutschen
1960 2683 1991 2743 es
2019 2683 2103 2743 schon
2141 2684 2188 2744 ge¬

1195 2727 1308 2787 kannt.
1358 2727 1433 2787 Der
1455 2732 1574 2792 jüngste
1596 2730 1693 2790 Sohn
1726 2730 1813 2790 bekam
1857 2730 1905 2790 das
1933 2730 2192 2790 Unbewegliche,

1200 2775 1248 2835 die
1276 2777 1389 2837 andern
1428 2781 1552 2841 theilten
1585 2781 1634 2841 sich
1667 2778 1715 2838 ins
1748 2778 1905 2838 Uebrige.
1949 2776 2025 2836 Die
2053 2778 2182 2838 Mutter

1197 2828 1310 2888 konnte
1337 2828 1409 2888 beym
1446 2831 1585 2891 jüngsten
1613 2827 1752 2887 bleiben.
1800 2826 1949 2886 Trennte
1970 2823 2017 2883 sich
2054 2826 2095 2886 ein
2121 2826 2193 2886 Va¬

1200 2876 1244 2936 ter
1267 2878 1321 2938 vom
1361 2879 1460 2939 Sohn
1488 2882 1549 2942 mit
1566 2876 1748 2936 Unwillen,
1776 2876 1798 2936 so
1826 2874 1904 2934 band
1932 2873 2014 2933 jener
2043 2873 2081 2933 ein
2109 2873 2192 2933 Beil
