2479 3508
584 1188 713 1248 47tes
762 1192 925 1252 Stück.
982 1190 1193 1250 Freytag,
1227 1184 1291 1244 den
1341 1187 1413 1247 13.
1439 1184 1585 1244 Julius
1626 1187 1763 1247 1764.

528 1255 808 1315 Straßburg.

178 1323 415 1383 agazin
438 1306 613 1366 historique
637 1306 714 1366 pour
738 1303 851 1363 l'esprit
868 1301 897 1361 et
914 1300 997 1360 pour
1013 1303 1043 1363 le
1059 1300 1165 1360 cœeut,

271 1343 341 1403 2
374 1354 509 1414 parties,
542 1351 660 1411 1764.
682 1351 730 1411 8,
763 1348 774 1408 1
807 1345 963 1405 Alphabet
985 1345 995 1405 4
1028 1345 1158 1405 Bogen.

176 1400 404 1460 "Historisches
437 1397 600 1457 Magazin
639 1396 687 1456 für
721 1393 775 1453 den
813 1390 971 1450 Verstand
1005 1389 1064 1449 und
1097 1387 1151 1447 das

176 1443 303 1503 »Herz,
333 1447 344 1507 2
374 1443 501 1503 Theile,
525 1443 559 1503 8,
583 1442 693 1502 1764,
723 1440 740 1500 1
770 1437 926 1497 Alphabet
944 1434 955 1494 6
991 1435 1124 1495 Bogen.

182 1494 253 1554 Wir
287 1494 382 1554 haben
410 1491 492 1551 nicht
521 1490 576 1550 ohn
604 1488 731 1548 Ursache
760 1483 815 1543 das
838 1485 993 1545 Original
1021 1485 1081 1545 mit
1104 1482 1153 1542 der

185 1545 422 1605 Uebersetzung,
446 1542 490 1602 die
514 1539 582 1599 sehr
605 1539 695 1599 wohl
712 1536 860 1596 gerathen
883 1531 939 1591 ist,
962 1530 1159 1590 verbunden,

182 1596 257 1656 weil
274 1596 387 1656 beyder
404 1591 550 1651 Ausgabe
573 1590 604 1650 zu
637 1588 761 1648 gleicher
784 1584 848 1644 Zeit
865 1584 1065 1644 veranstaltet
1082 1580 1163 1640 wor¬

181 1646 230 1706 den
259 1646 308 1706 ist.
353 1643 403 1703 Es
431 1640 486 1700 sind
515 1640 609 1700 kleine
632 1634 965 1694 zusammengetragne
983 1633 1160 1693 Erzahlun¬

184 1698 240 1758 gen
263 1694 319 1754 aus
348 1691 392 1751 der
415 1691 488 1751 alten
523 1691 579 1751 und
602 1688 697 1748 neuen
726 1686 923 1746 Geschichte,
952 1685 1002 1745 zum
1042 1680 1160 1740 Behuf

185 1742 273 1802 derer
296 1740 495 1800 gesammlet,
507 1737 617 1797 welche
640 1736 684 1796 sich
712 1735 767 1795 auf
784 1733 967 1793 Erlernung
1001 1733 1050 1793 der
1073 1730 1161 1790 fran¬

187 1790 322 1850 zösischen
353 1787 423 1847 oder
444 1784 595 1844 deutschen
626 1781 777 1841 Sprache
797 1775 877 1835 legen
903 1778 1034 1838 wollen.
1070 1781 1155 1841 Man

185 1838 237 1898 hat
259 1832 407 1892 darinnen
439 1828 492 1888 das
520 1825 630 1885 Leichte
652 1821 710 1881 und
731 1819 874 1879 Faßliche
902 1817 954 1877 vor
976 1819 1081 1879 Augen
1108 1818 1161 1878 ge¬

188 1882 289 1942 habt;
312 1876 374 1936 und
403 1873 430 1933 in
465 1870 555 1930 dieser
578 1866 702 1926 Absicht
725 1861 775 1921 für
804 1858 967 1918 Anfänger
996 1861 1080 1921 recht
1104 1859 1159 1919 gut

185 1927 320 1987 gesorgt.
370 1919 483 1979 Beyde
516 1913 689 1973 Ausgaben
733 1908 792 1968 sind
825 1903 933 1963 sauber
961 1905 1160 1965 abgedruckt,

191 1975 255 2035 Die
277 1969 424 2029 Urkunde
452 1963 505 2023 hat
533 1960 581 2020 den
609 1956 766 2016 Vorzug,
788 1951 842 2011 daß
875 1951 967 2011 unter
990 1948 1076 2008 jeder
1098 1948 1168 2008 Ge¬

188 2021 307 2081 schichte
330 2014 378 2074 das
405 2008 514 2068 Buch,
531 2006 584 2066 aus
612 2005 660 2065 dem
699 2002 736 2062 sie
759 1999 900 2059 entlehnt
922 1996 970 2056 ist,
987 1996 1160 2056 angeführt

191 2064 292 2124 wird;
317 2056 446 2116 welches
475 2054 497 2114 im
538 2052 707 2112 Deutschen
743 2049 821 2109 nicht
844 2046 1002 2106 geschehen
1038 2043 1161 2103 konnte,

191 2109 268 2169 weil
279 2106 312 2166 es
335 2104 423 2164 meist
440 2102 633 2162 französische
656 2098 816 2158 Schriften
840 2096 966 2156 waren.
989 2091 1099 2151 Kosten
1127 2091 1149 2151 in

190 2158 239 2218 der
256 2154 455 2214 Kanterschen
478 2152 731 2212 Buchhandlung
754 2147 881 2207 allhier,
898 2145 953 2205 wie
970 2142 1036 2202 auch
1064 2139 1085 2199 in
1108 2138 1163 2198 El¬

193 2208 284 2268 bing,
304 2205 439 2265 Mitau,
464 2202 519 2262 und
544 2202 593 2262 der
619 2199 686 2259 Zeit
711 2196 735 2256 in
766 2199 846 2259 Riga
884 2196 938 2256 das
964 2190 1161 2250 französische

186 2259 203 2319 2
228 2260 263 2320 fl.
288 2258 324 2318 24
349 2255 403 2315 gr.
428 2253 482 2313 und
513 2249 567 2309 das
592 2245 725 2305 deutsche
750 2245 761 2305 1
786 2244 822 2304 fl.
841 2244 876 2304 24
901 2242 949 2302 gr.

618 2291 748 2351 Jena.

272 2347 445 2407 Joachim
485 2340 652 2400 George
679 2338 859 2398 Daries,
880 2333 1019 2393 Königl.
1041 2330 1166 2390 Preuß.

190 2394 390 2454 "geheimden
423 2390 547 2450 Raths,
569 2387 601 2447 u.
624 2383 645 2443 s.
662 2381 710 2441 w.
733 2384 916 2444 Einleitung
944 2380 965 2440 in
993 2376 1041 2436 des
1068 2372 1165 2432 Frey¬

191 2433 304 2493 "herrn
339 2437 389 2497 von
423 2433 639 2493 Bielefeld
668 2429 859 2489 Lehrbegriff
877 2429 928 2489 der
951 2425 1165 2485 Staatsklug¬

207 2480 299 2540 heit,
311 2483 362 2543 zum
403 2482 564 2542 Gebrauch
594 2476 686 2536 seiner
710 2477 848 2537 Zuhorer
871 2474 1050 2534 verfertigt,
1062 2473 1113 2533 gr.
1126 2473 1165 2533 8,

192 2528 327 2588 ”1764,
351 2527 368 2587 1
393 2527 533 2587 Alphab.
552 2524 569 2584 1
593 2522 651 2582 und
676 2525 757 2585 einen
782 2527 869 2587 halb.
888 2519 981 2579 Bog.
1047 2518 1158 2578 Außer

188 2575 275 2635 dem,
286 2574 351 2634 was
379 2572 427 2632 der
450 2572 536 2632 Titel
559 2569 743 2629 verspricht,
760 2574 852 2634 findet
869 2571 934 2631 man
967 2566 1032 2626 noch
1060 2566 1152 2626 etwas

197 2626 223 2686 in
251 2624 342 2684 dieser
364 2620 514 2680 Schrift,
537 2617 590 2677 das
617 2617 682 2677 man
709 2618 789 2678 nicht
812 2620 930 2680 suchte;
963 2616 1027 2676 eine
1049 2614 1162 2674 voran¬

192 2672 346 2732 geschickte
371 2664 716 2724 Lebensbeschreibung
746 2667 799 2727 des
830 2670 918 2730 Hrn.
943 2667 1019 2727 geh.
1038 2662 1162 2722 Raths,

198 2724 242 2784 die
266 2721 316 2781 von
345 2718 390 2778 ihm
430 2713 514 2773 selbst
538 2712 718 2772 aufgesetzt,
742 2714 803 2774 und
832 2715 894 2775 mit
917 2715 945 2775 so
974 2712 1064 2772 vieler
1087 2709 1149 2769 Auf

200 2774 370 2834 richtigkeit
392 2766 449 2826 und
471 2763 727 2823 Wahrheitliebe
749 2766 876 2826 verfaßt
891 2768 948 2828 ist,
977 2765 1033 2825 daß
1055 2761 1083 2821 er
1105 2760 1168 2820 we=

1199 1252 1273 1312 nige
1297 1252 1446 1312 Gelehrte
1470 1249 1556 1309 darin
1586 1249 1614 1309 zu
1643 1249 1862 1309 Nachahmern
1891 1252 2063 1312 bekommen
2093 1255 2179 1315 dürf¬

1197 1297 1236 1357 te.
1261 1294 1310 1354 In
1346 1296 1429 1356 einer
1459 1294 1786 1354 Vorbereitung
1816 1295 1889 1355 wird
1920 1297 2018 1357 zuerst
2038 1297 2088 1357 der
2113 1299 2181 1359 Be¬

1195 1338 1270 1398 griff
1291 1337 1341 1397 der
1367 1337 1533 1397 Politik
1564 1336 1762 1396 entwickelt;
1793 1339 1924 1399 zugleich
1955 1342 2076 1402 werden
2112 1345 2182 1405 ver¬

1199 1383 1330 1443 schiedne
1357 1382 1467 1442 hieher
1494 1384 1647 1444 gehörige
1669 1384 1832 1444 Schriften
1864 1387 2064 1447 angegeben;
2096 1393 2170 1453 end¬

1192 1426 1244 1486 lich
1271 1428 1350 1488 folgt
1371 1430 1408 1490 ein
1435 1428 1540 1488 kurzer
1567 1428 1656 1488 Abriß
1683 1428 1730 1488 der
1762 1431 2015 1491 gegenwärtigen
2042 1437 2168 1497 Arbeit.

1191 1473 1265 1533 Das
1297 1473 1381 1533 Buch
1409 1476 1471 1536 war
1499 1476 1609 1536 bereits
1636 1476 1832 1536 entworfen,
1849 1479 1906 1539 und
1928 1483 2113 1543 überhaupt
2135 1488 2161 1548 zu

1198 1524 1278 1584 einer
1306 1525 1494 1585 Einleitung
1522 1525 1548 1585 in
1586 1527 1629 1587 die
1657 1525 1781 1585 Politik
1803 1528 1986 1588 bestimmt,
2013 1530 2078 1590 noch
2116 1533 2169 1593 ehe

1190 1575 1245 1635 der
1268 1575 1328 1635 Hr.
1351 1578 1445 1638 Verf.
1462 1575 1511 1635 des
1540 1575 1712 1635 Freyherrn
1740 1577 1795 1637 von
1829 1578 2045 1638 Bielefeld
2073 1581 2172 1641 Werk

1192 1622 1247 1682 von
1275 1624 1319 1684 der
1347 1626 1714 1686 Staatsklugheit
1731 1625 1763 1685 zu
1792 1625 1870 1685 sehen
1898 1628 2025 1688 bekam.
2059 1629 2169 1689 Nach¬

1192 1673 1241 1733 her
1269 1676 1340 1736 aber
1362 1676 1493 1736 änderte
1510 1676 1542 1736 er
1565 1676 1658 1736 seinen
1691 1675 1866 1735 Entwurf,
1894 1676 1948 1736 und
1976 1679 2091 1739 machte
2119 1679 2173 1739 sein

1196 1724 1282 1784 Buch
1315 1724 1347 1784 zu
1380 1727 1461 1787 einer
1489 1727 1672 1787 Einleitung
1706 1724 1727 1784 in
1766 1724 1911 1784 dasselbe.
1961 1729 2047 1789 Man
2075 1730 2171 1790 findet

1198 1773 1332 1833 darinne
1361 1774 1479 1834 sowohl
1506 1773 1555 1833 die
1577 1775 1740 1835 Klugheit
1767 1775 1794 1835 in
1827 1775 1875 1835 den
1903 1778 2179 1838 Privatständen,

1196 1815 1240 1875 als
1266 1817 1336 1877 auch
1362 1817 1407 1877 die
1427 1818 1649 1878 allgemeinere
1670 1819 1694 1879 in
1720 1819 1840 1879 Absicht
1861 1822 1916 1882 auf
1937 1823 2032 1883 ganze
2048 1825 2178 1885 Völker,

1195 1858 1254 1918 und
1280 1860 1366 1920 ihren
1401 1861 1643 1921 bürgerlichen,
1669 1864 1810 1924 sittlichen
1846 1867 1906 1927 und
1937 1869 2163 1929 ökonomischen

1192 1901 1354 1961 Zustand,
1377 1903 1534 1963 gründlich
1567 1906 1801 1966 abgehandelt,
1828 1912 1882 1972 und
1915 1909 1947 1969 zu
1980 1912 2089 1972 beyden
2127 1917 2175 1977 die

1196 1948 1373 2008 treflichsten
1408 1950 1619 2010 Vorschriften
1654 1951 1856 2011 angegeben.
1920 1954 1988 2014 Die
2018 1960 2176 2020 bekannte

1197 1993 1315 2053 Stärke
1341 1993 1390 2053 des
1415 1993 1504 2053 Hrn.
1524 1993 1622 2053 Verf.
1638 1993 1662 2053 in
1697 1996 1791 2056 dieser
1816 1996 1870 2056 und
1895 1997 2008 2057 andern
2038 2002 2176 2062 Wissen¬

1194 2040 1318 2100 schaften
1348 2037 1381 2097 ist
1404 2037 1466 2097 eine
1490 2037 1591 2097 sichere
1615 2040 1916 2100 Gewehrleistung,
1940 2045 1990 2105 daß
2019 2046 2064 2106 sich
2093 2050 2172 2110 seine

1194 2085 1376 2145 Einleitung
1405 2084 1466 2144 mit
1483 2084 1532 2144 dem
1572 2085 1828 2145 Bielefeldischen
1856 2090 1972 2150 Werk,
1995 2094 2056 2154 und
2084 2097 2178 2157 über¬

1194 2136 1290 2196 haupt
1314 2133 1371 2193 mit
1394 2133 1468 2193 allen
1503 2136 1771 2196 Bemühungen,
1795 2139 1920 2199 Politik
1949 2141 1977 2201 zu
2018 2145 2177 2205 erlernen,

1200 2181 1279 2241 nicht
1295 2178 1374 2238 ohne
1396 2184 1559 2244 besondern
1591 2186 1707 2246 Nutzen
1739 2187 1839 2247 werde
1866 2188 2029 2248 verbinden
2066 2196 2171 2256 laßen.

1195 2231 1300 2291 Kostet
1321 2226 1342 2286 in
1374 2230 1601 2290 vorbemeldten
1633 2237 1834 2297 Kanterschen
1866 2243 2162 2303 Buchhandlungen

1200 2282 1214 2342 2
1237 2281 1272 2341 fl.
1295 2277 1331 2337 15
1361 2278 1411 2338 gr.

1311 2375 1400 2435 Erste
1419 2381 1618 2441 Fortsetzung
1655 2384 1703 2444 des
1734 2387 1799 2447 letzt
1824 2390 2053 2450 abgebrochnen

1603 2432 1760 2492 Artikels.

1243 2464 1321 2524 Wir
1339 2472 1509 2532 wünschten
1538 2475 1582 2535 als
1611 2481 1798 2541 Patrioten,
1821 2477 1877 2537 das
1906 2476 1962 2536 wir
1986 2480 2070 2540 unsre
2099 2482 2177 2542 gan¬

1196 2522 1228 2582 ze
1245 2518 1366 2578 Nation
1395 2520 1444 2580 bey
1472 2524 1566 2584 dieser
1595 2528 1832 2588 Ermunterung
1861 2524 1893 2584 zu
1921 2527 2076 2587 Zuhörern
2110 2533 2181 2593 hät¬

1194 2566 1262 2626 ten,
1279 2566 1353 2626 daß,
1369 2567 1426 2627 wie
1443 2572 1580 2632 ehemals
1607 2575 1697 2635 unter
1718 2574 1765 2634 dem
1803 2572 1998 2632 griechischen
2020 2578 2178 2638 Himmel,

1198 2611 1253 2671 also
1278 2614 1349 2674 auch
1370 2616 1460 2676 unter
1486 2619 1532 2679 dem
1573 2620 1744 2680 nordischen
1775 2617 1820 2677 die
1841 2617 1942 2677 ganze
1958 2623 2079 2683 Nation
2110 2625 2175 2685 ihre

1201 2661 1469 2721 Gemüthskrafte
1506 2670 1563 2730 auf
1589 2670 1635 2730 die
1662 2662 1889 2722 Verbesserung
1931 2666 1982 2726 des
2019 2670 2179 2730 Erkännt¬

1199 2712 1312 2772 nisses,
1336 2712 1392 2772 auf
1410 2712 1455 2772 die
1479 2715 1724 2775 philosophische
1747 2715 2044 2775 Untersuchungen,
2062 2715 2112 2775 auf
2130 2718 2175 2778 die

1199 2760 1322 2820 schönen
1353 2763 1471 2823 Kunste
1495 2769 1547 2829 und
1572 2763 1820 2823 Wissenschaften
1850 2763 1986 2823 richtete,
2004 2763 2098 2823 damit
2122 2766 2174 2826 alle

2080 2814 2179 2874 unsre
