2479 3508
273 373 334 433 keit
353 372 408 432 für
427 367 494 427 ihre
520 360 870 420 Wiederherstellung,
890 357 957 417 eine
983 354 1081 414 große
1112 354 1266 414 Summe
1310 351 1371 411 und
1408 351 1475 411 Val
1501 351 1686 411 Canonica,
1717 354 1932 414 verursachten
1964 351 2037 411 hier
2069 349 2161 409 dieser
2192 347 2296 407 Tagen

285 421 411 481 Geldes
433 414 485 474 zum
528 407 739 467 Brautschatz
755 404 808 464 für
830 406 966 466 hundert
993 401 1083 461 arme
1115 401 1272 461 Mädchen

281 468 459 528 auszahlen
487 458 606 518 lassen;
634 455 671 515 sie
699 454 731 514 ist
753 452 824 512 aber
846 452 1128 512 demohngeachtet
1150 449 1285 509 gestern,

283 520 330 580 als
358 516 389 576 am
432 506 698 566 Palmsonntage
730 500 794 560 nach
826 503 910 563 einem
954 500 1086 560 heftigen
1124 497 1283 557 Recidive

283 615 361 675 ben.
408 604 649 664 Uebermorgen
681 600 759 660 wird
786 598 853 658 ihre
880 598 984 658 Leiche
1016 595 1068 655 von
1111 595 1288 655 Versailles

284 664 354 724 nach
388 659 442 719 der
470 655 634 715 Parochie
662 651 689 711 la
722 646 952 706 Madelaine,
985 644 1028 704 wo
1062 646 1100 706 sie
1122 642 1291 702 gewohnt,

285 714 340 774 und
371 709 422 769 von
453 706 488 766 da
514 705 580 765 nach
611 702 661 762 der
682 698 799 758 Kirche
825 697 875 757 der
912 694 1095 754 Capuciner
1131 691 1293 751 gebracht,

293 762 354 822 und
381 757 509 817 daselbst
530 751 674 811 beerdigt
695 745 839 805 worden.
891 744 1004 804 Außer
1036 742 1118 802 einem
1159 736 1293 796 ansehn¬

286 957 405 1017 Armen
438 948 559 1008 Brodt
581 942 831 1002 auszutheilen.

542 990 739 1050 London,
773 988 828 1048 den
872 984 932 1044 17.
966 981 1075 1041 April.

338 1040 410 1100 Der
433 1040 506 1100 Hof
523 1040 579 1100 hat
602 1037 719 1097 gestern
742 1032 848 1092 Abend
877 1028 1016 1088 wichtige
1039 1028 1202 1088 Depechen
1236 1022 1291 1082 aus

298 1093 439 1153 Lissabon
475 1087 534 1147 und
565 1081 803 1141 Nordamerica
839 1074 1005 1134 erhalten,
1046 1073 1131 1133 deren
1168 1071 1303 1131 Inhalt

302 1143 375 1203 aber
400 1137 468 1197 noch
493 1133 679 1193 unbekannt
699 1126 752 1186 ist.
802 1124 890 1184 Man
920 1120 988 1180 redt
1013 1118 1066 1178 von
1096 1118 1189 1178 vielen
1219 1115 1306 1175 Ver¬

296 1187 508 1247 änderungen
535 1181 560 1241 im
602 1173 815 1233 Ministerio.
878 1167 982 1227 Unter
1014 1166 1127 1226 andern
1164 1163 1226 1223 soll
1253 1160 1304 1220 der

298 1237 396 1297 Graf
428 1231 484 1291 von
526 1228 620 1288 Bute
657 1222 708 1282 zum
760 1213 1072 1273 Großkämmerer,
1109 1210 1171 1270 und
1213 1210 1300 1270 Herr

303 1287 452 1347 Stanley
490 1281 542 1341 zum
586 1270 856 1330 Kriegssecretair
879 1267 1021 1327 ernannt
1038 1261 1181 1321 werden.
1219 1258 1303 1318 Herr

305 1337 385 1397 Pitt
403 1337 443 1397 ist
461 1333 518 1393 von
548 1327 594 1387 der
617 1324 721 1384 Gicht
739 1321 855 1381 wieder
879 1318 1057 1378 hergestellt
1075 1313 1132 1373 und
1168 1312 1219 1372 hat
1249 1309 1294 1369 sich

297 1387 425 1447 kürzlich
454 1383 464 1443 3
487 1381 570 1441 Tage
593 1376 620 1436 zu
650 1375 800 1435 Windsor
823 1369 872 1429 bey
901 1369 950 1429 dem
985 1368 1107 1428 Herzog
1130 1363 1185 1423 von
1208 1360 1303 1420 Cum=

302 1434 431 1494 berland
464 1425 692 1485 aufgehalten.
741 1416 828 1476 Man
856 1416 996 1476 zweifelt
1024 1415 1078 1475 gar
1111 1413 1214 1473 nicht,
1241 1409 1295 1469 daß

301 1480 590 1540 Staatsgeschafte
617 1470 664 1530 der
686 1467 1011 1527 Bewegungsgrund
1045 1461 1140 1521 dieses
1162 1458 1306 1518 Besuchs

304 1530 466 1590 gewesen.
516 1524 591 1584 Den
619 1521 710 1581 13ten
744 1516 836 1576 dieses
863 1514 923 1574 sind
951 1512 993 1572 die
1010 1512 1129 1572 Herren
1157 1506 1303 1566 Thomas

304 1579 401 1639 Rous
429 1575 488 1635 und
516 1572 662 1632 Heinrich
696 1566 776 1626 Crab
799 1563 940 1623 Boulton
968 1561 1000 1621 zu
1023 1558 1223 1618 Presidenten
1257 1557 1305 1617 der

301 1625 519 1685 Ostindischen
541 1616 743 1676 Compagnie
770 1610 909 1670 erwählt
925 1608 1085 1668 worden;
1112 1605 1245 1665 worauf
1261 1602 1303 1662 sich

311 1673 357 1733 die
378 1671 481 1731 Herrn
507 1664 687 1724 Sulivan,
708 1658 914 1718 Thornton,
936 1655 1090 1715 Smith,
1111 1649 1224 1709 Rooke
1245 1646 1302 1706 und

310 1718 404 1778 Boyd
439 1709 646 1769 entfernten,
676 1702 889 1762 vermuthlich
924 1697 948 1757 in
984 1696 1032 1756 der
1058 1694 1206 1754 Absicht,
1236 1688 1309 1748 ihre

313 1760 485 1820 Direction
515 1748 774 1808 niederzulegen.
824 1741 1030 1801 Wenigstens
1065 1736 1104 1796 ist
1134 1736 1163 1796 es
1198 1736 1315 1796 gewiß,

317 1810 373 1870 daß
402 1807 452 1867 der
476 1802 549 1862 Lord
578 1794 668 1854 Clive
697 1794 742 1854 die
765 1790 907 1850 Aufsicht
930 1790 974 1850 der
998 1787 1230 1847 Bengalischen
1253 1781 1320 1841 Ge¬

315 1908 381 1968 tere
404 1903 453 1963 den
481 1897 657 1957 Ruͤckstand
685 1894 757 1954 aller
779 1891 939 1951 Schulden
967 1889 1017 1949 des
1039 1888 1149 1948 erstern
1178 1885 1315 1945 auszah¬

307 1957 355 2017 len
394 1954 492 2014 wird.
553 1946 601 2006 Er
635 1943 711 2003 wird
744 1942 968 2002 unverzüglich
1002 1939 1056 1999 zum
1106 1936 1318 1996 Statthalter

312 2008 367 2068 von
396 2002 563 2062 Bengalen
592 1996 653 2056 und
676 1992 1000 2052 Oberbefehlshaber
1028 1987 1084 2047 von
1124 1986 1173 2046 den
1208 1984 1319 2044 Trup¬

316 2058 369 2118 pen
417 2055 469 2115 der
501 2048 712 2108 Ostindischen
755 2040 965 2100 Compagnie
998 2037 1140 2097 ernannt
1172 2034 1314 2094 werden.

315 2109 398 2169 Man
432 2103 498 2163 sagt
521 2100 621 2160 auch,
650 2095 699 2155 daß
728 2092 778 2152 ihm
828 2091 878 2151 der
907 2085 1012 2145 König
1046 2085 1101 2145 vor
1130 2082 1230 2142 seiner
1258 2078 1319 2138 Ab¬

308 2155 386 2215 reise
402 2153 448 2213 den
475 2149 578 2209 Orden
605 2145 657 2205 vom
694 2139 787 2199 Bade
809 2139 954 2199 ertheilen
976 2134 1074 2194 wird.
1106 2131 1199 2191 Seit
1210 2130 1293 2190 einem

324 2202 415 2262 Jahr
438 2199 496 2259 soll
513 2196 561 2256 die
583 2191 777 2251 Regierung
804 2186 879 2246 über
918 2184 982 2244 eine
1004 2182 1138 2242 Million
1171 2178 1203 2238 an
1236 2178 1316 2238 Ver¬

316 2249 478 2309 gütungen
509 2240 554 2300 für
584 2237 630 2297 die
654 2232 805 2292 Ausfuhr
835 2229 881 2289 des
910 2231 1091 2291 Getraydes
1121 2231 1248 2291 bezahlt
1267 2227 1318 2287 ha¬

311 2297 391 2357 ben.
447 2288 522 2348 Der
553 2284 671 2344 hiesige
697 2276 913 2336 Französische
945 2278 1181 2338 Abgesandte,
1226 2273 1318 2333 Graf

315 2344 373 2404 von
402 2336 582 2396 Guerchy,
606 2330 665 2390 hat
689 2326 734 2386 sich
764 2324 810 2384 bey
840 2327 932 2387 seinem
985 2327 1044 2387 und
1079 2324 1189 2384 unserm
1231 2324 1317 2384 Hofe

327 2394 396 2454 über
419 2389 459 2449 die
477 2385 530 2445 vom
565 2377 657 2437 Herrn
681 2370 774 2430 d'Eon
804 2372 832 2432 de
844 2376 1035 2436 Beaumont
1054 2375 1314 2435 herausgegebne

322 2443 442 2503 Briefe
468 2436 524 2496 und
550 2425 764 2485 Nachrichten
796 2420 978 2480 beschwert.
1036 2424 1136 2484 Unser
1162 2423 1231 2483 Hof
1263 2420 1313 2480 hat

324 2491 501 2551 beschlossen
533 2479 624 2539 gegen
655 2471 771 2531 letztern
797 2470 962 2530 gerichtlich
993 2473 1017 2533 zu
1048 2473 1207 2533 verfahren
1251 2467 1306 2527 und

327 2542 403 2602 aller
425 2527 760 2587 Wahrscheinlichkeit
782 2515 852 2575 nach
867 2517 943 2577 wird
965 2519 1013 2579 der
1035 2521 1076 2581 H.
1091 2521 1139 2581 von
1168 2520 1230 2580 Eon
1259 2517 1307 2577 vor

324 2589 374 2649 der
400 2584 494 2644 Bank
520 2581 570 2641 des
596 2574 728 2634 Königs
755 2564 950 2624 verurtheilt
969 2566 1108 2626 werden.
1159 2566 1228 2626 Die
1248 2566 1323 2626 bey¬

325 2637 375 2697 den
408 2629 524 2689 Lehrer
550 2628 600 2688 der
633 2616 968 2676 Arzneygelahrtheit
988 2614 1019 2674 zu
1052 2614 1199 2674 Leyden,
1232 2614 1315 2674 Herr

322 2682 490 2742 Albinus,
521 2674 569 2734 der
594 2671 684 2731 ältere
709 2667 769 2727 und
794 2661 878 2721 Herr
903 2661 1053 2721 Gaubius
1084 2661 1144 2721 sind
1175 2664 1205 2724 zu
1236 2661 1320 2721 Mit=

320 2733 460 2793 gliedern
496 2727 546 2787 der
575 2721 708 2781 hiesigen
745 2715 885 2775 Königl.
907 2709 1070 2769 Societät
1106 2712 1155 2772 der
1184 2712 1332 2772 Wissen=

319 2783 449 2843 schaften
481 2772 622 2832 ernannt
643 2766 789 2826 worden.

572 2817 791 2877 Brescia,
814 2812 869 2872 den
909 2807 942 2867 2.
971 2805 1089 2865 April.

1303 401 1388 461 nicht
1410 401 1542 461 geringe
1564 401 1738 461 Unruhen,
1766 404 1856 464 indem
1899 401 1930 461 sie
1952 400 1983 460 zu
2010 397 2116 457 etliche
2138 397 2302 457 tausenden

1311 446 1336 506 im
1383 449 1570 509 Disentano
1602 452 1814 512 einbrachen,
1836 452 1871 512 da
1904 449 1939 509 es
1976 449 2048 509 eben
2085 446 2210 506 Markt
2231 446 2313 506 war,

1316 497 1376 557 und
1402 497 1493 557 unter
1519 497 1569 557 dem
1605 500 1798 560 Vorwande
1819 503 1874 563 vom
1920 500 2067 560 Mangel
2088 496 2123 556 an
2149 491 2311 551 Getreyde

287 569 337 629 des
364 560 491 620 Abends
517 557 549 617 um
588 554 606 614 7
634 554 697 614 Uhr
723 551 748 611 in
775 550 857 610 ihrem
909 551 1018 611 43sten
1051 548 1146 608 Jahr
1166 546 1287 606 gestor=
1315 548 1371 608 bey
1404 546 1512 606 10000
1545 547 1654 607 Säcke
1674 549 1763 609 Korn
1790 551 1853 611 mit
1873 549 1923 609 sich
1956 546 2213 606 fortschleppten,
2245 542 2321 602 wel¬

1316 595 1384 655 ches
1411 595 1447 655 sie
1469 595 1496 655 im
1533 595 1807 655 Tridentinischen
1835 598 1950 658 wieder
1983 595 2194 655 verkauften;
2227 589 2305 649 dann

1315 643 1445 703 giengen
1474 646 1513 706 sie
1537 645 1593 705 auf
1610 643 1701 703 Salo
1730 645 1775 705 loß
1804 645 1860 705 und
1884 646 2025 706 hauseten
2060 646 2128 706 eben
2157 640 2202 700 so.
2225 640 2315 700 End¬

1321 691 1375 751 lich
1402 694 1504 754 kamen
1532 694 1564 754 sie
1591 691 1721 751 hieher,
1743 694 1850 754 stießen
1883 694 1931 754 die
1948 693 2099 753 Wachten
2132 691 2224 751 unter
2257 687 2305 747 den

1321 738 1416 798 Thor
1438 742 1517 802 über
1538 739 1585 799 den
1618 742 1766 802 Haufen,
1793 742 1952 802 verjagten
1984 742 2032 802 die
2059 741 2233 801 Sbirren,
2249 738 2312 798 und

295 808 388 868 lichen
426 798 682 858 Vermächtnisse
708 795 757 855 zum
814 789 1014 849 Kirchenbau
1046 786 1289 846 erstgenannter
1328 786 1489 846 begehrten
1521 789 1665 849 Audienz
1684 789 1733 849 bey
1759 789 1809 849 dem
1859 790 2015 850 Podesta.
2060 788 2184 848 Dieser
2210 786 2315 846 fragte

293 855 480 915 Parochie,
506 849 561 909 hat
581 846 618 906 sie
643 846 705 906 eine
731 842 887 902 Stiftung
919 840 968 900 von
1000 837 1087 897 9000
1125 834 1237 894 Livres
1256 833 1281 893 in
1332 836 1400 896 nach
1419 837 1500 897 ihrem
1538 837 1725 897 Anführer.
1776 831 1875 891 "Wir
1895 837 1956 897 sind
1982 839 2013 899 es
2032 840 2144 900 alle";
2164 835 2232 895 war
2251 836 2313 896 ihre

295 906 386 966 ihrem
430 898 620 958 Testament
640 891 830 951 verordnet,
856 891 892 951 um
936 888 1133 948 wöchentlich
1170 885 1200 945 an
1244 882 1299 942 die
1331 885 1503 945 Antwort.
1559 884 1638 944 Der
1664 885 1749 945 Adel
1769 885 1823 945 und
1855 888 1903 948 der
1923 888 2138 948 Hauptmann
2163 885 2323 945 wendeten

1326 933 1389 993 alle
1411 933 1521 993 Mühe
1543 932 1574 992 an
1606 931 1642 991 sie
1664 933 1721 993 nur
1743 933 1859 993 wieder
1881 933 1938 993 aus
1965 936 2012 996 der
2039 936 2144 996 Stadt
2171 935 2202 995 zu
2235 935 2324 995 brin¬

1326 980 1406 1040 gen.
1478 981 1568 1041 Alles
1594 981 1680 1041 Korn
1716 980 1777 1040 und
1813 981 1878 1041 was
1909 984 1999 1044 ihnen
2025 987 2233 1047 anständiges
2259 981 2329 1041 vor¬

1331 1025 1418 1085 kam,
1445 1025 1579 1085 nahmen
1610 1025 1646 1085 sie
1672 1025 1734 1085 mit
1755 1025 1843 1085 fort,
1875 1028 1936 1088 und
1978 1030 2029 1090 den
2066 1034 2189 1094 Wein,
2221 1034 2251 1094 so
2283 1031 2324 1091 sie

1328 1073 1413 1133 nicht
1429 1073 1545 1133 trinken
1576 1073 1706 1133 konten,
1732 1073 1828 1133 ließen
1859 1073 1894 1133 sie
1915 1076 1970 1136 auf
1991 1079 2041 1139 den
2067 1082 2172 1142 Boden
2198 1082 2324 1142 laufen.

1335 1120 1420 1180 Man
1449 1118 1567 1178 schickte
1597 1118 1772 1178 Staffetten
1806 1121 1880 1181 nach
1909 1125 2079 1185 Venedig.
2125 1130 2226 1190 Diese
2261 1129 2311 1189 Re

1336 1166 1465 1226 gierung
1496 1166 1651 1226 ernannte
1672 1167 1792 1227 sogleich
1817 1169 1867 1229 den
1898 1169 1998 1229 Herrn
2034 1175 2194 1235 Berturei
2210 1178 2314 1238 Dolsin

1336 1214 1388 1274 zum
1431 1213 1621 1273 Inquisitor
1642 1214 1706 1274 mit
1727 1214 1806 1274 aller
1838 1216 2023 1276 Vollmacht
2087 1219 2176 1279 Man
2203 1222 2260 1282 hat
2282 1223 2329 1283 be¬

1326 1264 1406 1324 reits
1437 1264 1467 1324 in
1498 1263 1543 1323 der
1569 1264 1705 1324 Levante
1726 1264 1761 1324 um
1812 1265 1979 1325 Soldaten
2011 1267 2233 1327 geschrieben,
2264 1267 2319 1327 und

1330 1315 1407 1375 wird
1437 1315 1550 1375 sehen,
1574 1315 1639 1375 was
1670 1315 1746 1375 diese
1759 1318 1902 1378 wichtige
1926 1319 2033 1379 Sache
2057 1323 2110 1383 für
2128 1321 2211 1381 einen
2242 1320 2330 1380 Aus¬

1331 1370 1417 1430 gang
1444 1366 1611 1426 gewinnen
1639 1367 1741 1427 wird.

1639 1462 2034 1522 AVERTISSEMENT.

1384 1512 1463 1572 Bey
1492 1514 1542 1574 dem
1593 1512 1746 1572 Verleger
1775 1512 1870 1572 dieser
1899 1515 2029 1575 Zeitung
2064 1515 2103 1575 ist
2132 1518 2165 1578 zu
2205 1518 2335 1578 haben:

1342 1563 1567 1623 Theologische
1611 1563 1761 1623 Berichte
1805 1560 1864 1620 von
1914 1563 2010 1623 neuen
2065 1566 2215 1626 Büchern
2264 1566 2323 1626 und

1342 1608 1551 1668 Schriften,
1591 1608 1662 1668 3tes
1696 1608 1822 1668 Stück,
1856 1607 1899 1667 8,
1933 1608 2048 1668 Danz.
2077 1613 2170 1673 764,
2193 1614 2258 1674 18.
2281 1616 2336 1676 gr.

1342 1649 1498 1709 Martini,
1526 1649 1553 1709 l.
1570 1649 1612 1709 C.
1629 1649 1813 1709 Thesaurus
1830 1649 2112 1709 dissertationum,
2134 1658 2258 1718 quibus
2286 1658 2334 1718 hi-

1341 1693 1439 1753 storia
1465 1691 1667 1751 geographia
1689 1693 1698 1753 &
1740 1691 1947 1751 antiquitates
1968 1700 2165 1760 illustrantur
2192 1700 2300 1760 Tom.
2316 1708 2346 1768 I.

1345 1738 1423 1798 Vol.
1443 1740 1475 1800 2,
1489 1742 1527 1802 8,
1541 1739 1704 1799 Norimb.
1724 1739 1808 1799 763.
1822 1739 1906 1799 76j.
1926 1739 1939 1799 5
1966 1743 2005 1803 fl.
2019 1748 2050 1808 15
2077 1748 2135 1808 gr.
2156 1751 2337 1811 Lengnich,

1341 1787 1385 1847 G.
1403 1790 1494 1850 pacta
1528 1790 1687 1850 conventa
1722 1790 1864 1850 Augusti
1893 1790 1955 1850 III.
1978 1799 2069 1859 regis
2098 1801 2222 1861 polon.
2246 1802 2336 1862 com-

318 1847 768 1907 sellschaftsangelegenheiten
800 1839 1043 1899 übernehmen,
1069 1837 1125 1897 und
1157 1834 1212 1894 daß
1244 1834 1313 1894 letz=
1345 1840 1507 1900 mentario
1539 1840 1682 1900 perpetuo
1714 1840 1888 1900 illustrata,
1908 1843 1957 1903 ed.
1977 1848 2039 1908 Alt.
2065 1849 2108 1909 4,
2133 1849 2239 1909 Dant.
2252 1852 2339 1912 763.

1347 1891 1358 1951 3
1386 1891 1424 1951 fl.
1452 1894 1623 1954 Renegat,
1652 1897 1690 1957 ein
1718 1894 1934 1954 büͤrgerliches
1952 1898 2161 1958 Trauerspiel
2179 1895 2206 1955 in
2228 1897 2239 1957 5
2267 1899 2327 1959 Auf

1342 1945 1468 2005 zügen,
1486 1945 1529 2005 8,
1552 1945 1668 2005 Wien,
1685 1945 1723 2005 27
1746 1945 1801 2005 gr.
1846 1945 1944 2005 Olint
1967 1948 2028 2008 und
2056 1945 2271 2005 Sophronia,
2288 1946 2332 2006 ein

1347 1993 1470 2053 christl.
1499 1993 1709 2053 Trauerspiel
1738 1993 1788 2053 von
1823 1993 1992 2053 Cronegk,
2022 1999 2072 2059 8,
2101 1993 2231 2053 Wien,
2259 1996 2343 2056 764,

1347 2043 1385 2103 27
1414 2043 1463 2103 gr.
1508 2040 1625 2100 Waise
1648 2040 1669 2100 in
1703 2043 1836 2103 China,
1865 2040 1903 2100 ein
1937 2044 2165 2104 Trauerspiel,
2183 2043 2238 2103 von
2266 2040 2349 2100 Vol¬

1346 2091 1446 2151 taire,
1463 2091 1499 2151 8,
1515 2088 1631 2148 Wien,
1647 2088 1684 2148 24
1711 2088 1768 2148 gr.
1832 2088 1911 2148 Das
1943 2091 2138 2151 rachgierige
2165 2094 2344 2154 Kammer¬

1348 2139 1540 2199 mägdchen,
1558 2136 1597 2196 ein
1626 2133 1779 2193 Lustspiel
1797 2133 1854 2193 von
1883 2140 2047 2200 Goldoni,
2065 2145 2098 2205 8,
2110 2145 2201 2205 Wien
2230 2145 2263 2205 24
2292 2145 2348 2205 gr.

1347 2187 1420 2247 Die
1444 2184 1624 2244 gutherzige
1647 2184 1924 2244 Kammermagd,
1947 2187 2003 2247 von
2038 2190 2156 2250 ebend.
2180 2190 2218 2250 8,
2242 2190 2331 2250 Wien

1347 2235 1392 2295 24
1422 2239 1473 2299 gr.
1520 2231 1595 2291 Der
1624 2230 1785 2290 Gleißner
1815 2231 1884 2291 oder
1913 2234 2132 2294 scheinheilige
2162 2237 2346 2297 Betrüger,

1354 2286 1394 2346 ein
1423 2285 1598 2345 Lustspiel,
1622 2279 1679 2339 von
1709 2284 1877 2344 Moliere,
1901 2288 1947 2348 8,
1971 2285 2069 2345 Wien
2099 2287 2139 2347 24
2163 2285 2214 2345 gr.

1395 2372 1475 2432 Dem
1510 2369 1649 2429 Publico
1673 2369 1748 2429 wird
1771 2372 1933 2432 hierdurch
1958 2369 2096 2429 bekannt
2120 2369 2270 2429 gemacht,
2288 2377 2340 2437 daß

1351 2423 1404 2483 der
1428 2423 1498 2483 Tag
1523 2419 1575 2479 zur
1600 2417 1712 2477 dritten
1742 2423 1884 2483 Ziehung
1908 2423 1954 2483 der
1985 2420 2120 2480 Königl.
2133 2420 2263 2480 Preuß.
2281 2427 2351 2487 Lot¬

1349 2473 1428 2533 terie
1448 2470 1502 2530 auf
1528 2467 1577 2527 den
1603 2468 1763 2528 siebenden
1795 2472 1924 2532 Junius
1950 2470 1961 2530 a
1999 2470 2035 2530 c.
2061 2472 2240 2532 festgesetzet
2271 2476 2332 2536 wor

1348 2522 1403 2582 den
1434 2521 1488 2581 ist.

1401 2607 1509 2667 Diese
1525 2602 1692 2662 Zeitungen
1721 2606 1839 2666 werden
1861 2608 2023 2668 Montags
2051 2608 2105 2668 und
2127 2611 2278 2671 Freytags
2300 2614 2332 2674 um

1361 2658 1388 2718 10
1417 2655 1479 2715 Uhr
1503 2649 1707 2709 Vormittags
1731 2655 1752 2715 im
1794 2655 2003 2715 Kanterschen
2027 2655 2208 2715 Buchladen
2244 2658 2356 2718 ausge=

1364 2706 1482 2766 geben,
1494 2698 1579 2758 allwo
1597 2698 1664 2758 auch
1687 2703 1749 2763 noch
1767 2703 1823 2763 von
1847 2703 1891 2763 den
1915 2704 2045 2764 hiesigen
2069 2706 2147 2766 resp.
2159 2706 2346 2766 Liebhabern

1362 2755 1413 2815 die
1434 2745 1712 2805 Pránumeration
1744 2754 1800 2814 auf
1821 2751 1883 2811 dies
1909 2751 2027 2811 zweyte
2048 2754 2197 2814 Quartal
2213 2752 2275 2812 mit
2291 2756 2300 2816 2
2316 2758 2352 2818 fl.

1365 2800 1596 2860 angenommen
1644 2799 1744 2859 wird,
1776 2799 1992 2859 Auswärtige
2025 2802 2098 2862 aber
2125 2800 2262 2860 belieben
2299 2806 2346 2866 sich

371 2879 450 2939 Die
480 2873 682 2933 Einwohner
712 2867 770 2927 vom
807 2863 901 2923 Thal
916 2856 1097 2916 Trombia,
1119 2855 1185 2915 Val
1207 2855 1236 2915 de
1258 2852 1330 2912 Sol
1367 2852 1504 2912 deshalb
1534 2847 1585 2907 bey
1615 2849 1665 2909 dem
1709 2852 1860 2912 Postamt
1883 2852 1963 2912 ihres
1986 2852 2072 2912 Orts
2102 2852 2130 2912 zu
2167 2850 2311 2910 melden.
