2479 3508
196 401 245 461 art
268 401 323 461 und
357 395 507 455 Sprache
530 392 596 452 soll,
618 386 679 446 wie
702 385 729 445 er
752 383 840 443 hoft,
863 383 962 443 wenig
991 381 1179 441 auszusetzen

199 452 299 512 seyn,
323 446 370 506 die
395 439 601 499 Druckfehler
626 431 909 491 ausgenommen:
945 434 1004 494 nur
1029 431 1105 491 habe
1129 431 1181 491 sein

193 498 359 558 poetisches
382 488 538 548 Gewissen
566 480 616 540 sich
644 479 744 539 weder
767 482 800 542 um
845 480 1045 540 ungereimte
1063 480 1190 540 Reime,

192 545 258 605 noch
297 542 336 602 ein
365 539 409 599 E.
432 533 521 593 mehr
549 530 621 590 oder
655 530 794 590 weniger
828 530 1041 590 bekümmert.
1091 528 1180 588 Sein

199 589 264 649 Ton
291 587 328 647 ist
351 583 420 643 stets
443 578 594 638 lehrend,
627 578 778 638 meistens
806 580 865 640 mit
892 579 1087 639 biblischen,
1120 578 1179 638 und

195 639 241 699 oft
262 631 489 691 prophetischen
520 627 696 687 Gedanken
727 628 783 688 und
810 628 944 688 Bildern
970 626 1187 686 untermischt.

195 684 241 744 Es
267 681 334 741 muß
366 676 432 736 aber
459 676 526 736 eine
552 676 701 736 schwache
728 676 924 736 einförmige
951 676 1105 736 Stimme
1137 673 1188 733 für

188 730 242 790 den
267 724 419 784 Verstand
444 724 650 784 nothwendig
675 724 723 784 oft
744 724 915 784 ermatten,
931 724 1018 784 wenn
1049 724 1082 784 sie
1108 724 1186 784 nicht

189 777 253 837 mit
275 775 322 835 der
344 774 723 834 Empfindungssprache
750 774 819 834 fürs
846 775 931 835 Herz
959 772 1187 832 abzuwechseln

192 822 289 882 weiß.
336 819 387 879 Ob
414 822 475 882 nun
502 822 589 882 gleich
620 821 671 881 der
693 822 858 882 Verfasser
884 822 956 882 die,
982 822 1074 882 denen
1106 819 1183 879 seine

193 870 327 930 Schrift
355 867 392 927 ein
425 870 565 930 Genüge
587 870 657 930 thun
691 870 766 930 soll,
788 870 814 930 so
847 870 1031 930 bestimmt,
1058 870 1112 930 daß
1145 869 1182 929 sie

183 918 345 978 entweder
375 918 533 978 Poeten,
558 919 631 979 oder
661 918 1011 978 Gesangsliebhaber,
1041 916 1110 976 oder
1135 917 1188 977 an¬

190 969 346 1029 dächtige,
363 966 390 1026 in
417 966 471 1026 der
493 967 596 1027 Bibel
618 969 797 1029 beschlagne
819 966 960 1026 Christen
1004 966 1068 1026 seyn
1101 965 1193 1025 müß¬

189 1016 268 1076 ten:
290 1016 322 1076 so
349 1016 464 1076 bürften
503 1018 587 1078 seine
614 1018 741 1078 Stücke
769 1016 837 1076 doch
869 1016 922 1076 für
949 1016 1193 1076 Kirchenlieder

193 1069 220 1129 zu
249 1067 403 1127 lehrend,
431 1067 481 1127 für
503 1064 658 1124 Gesänge
692 1069 719 1129 zu
753 1066 858 1126 rauh,
893 1064 947 1124 für
970 1066 1125 1126 Gedichte
1153 1064 1180 1124 zu

187 1118 338 1178 niedrig,
364 1116 421 1176 und
452 1116 614 1176 vielleicht
641 1115 692 1175 für
729 1113 781 1173 die
803 1114 1042 1174 Hausandacht
1069 1115 1188 1175 einiger

191 1165 259 1225 blos
285 1166 477 1226 angemessen
512 1165 600 1225 seyn.
650 1163 753 1223 Ueber
779 1163 832 1223 das
862 1163 971 1223 vorige
996 1163 1197 1223 Sonntags¬

188 1210 380 1270 evangelium
420 1208 552 1268 handelt
572 1210 622 1270 der
647 1207 740 1267 Verf.
755 1207 809 1267 vom
844 1210 962 1270 Schein
992 1208 1051 1268 und
1071 1210 1193 1270 Wahr=

192 1261 255 1321 heit
272 1258 292 1318 in
319 1258 366 1318 der
383 1255 520 1315 Freude,
531 1258 588 1318 und
610 1256 731 1316 schließt
743 1258 800 1318 mit
817 1258 975 1318 folgenden
997 1255 1192 1315 Strophen:

286 1321 346 1381 Ein
380 1321 573 1381 Schicksal,
596 1321 685 1381 wenn
719 1323 751 1383 es
785 1324 929 1384 glücklich
963 1324 1068 1384 macht

238 1369 368 1429 Wächst
397 1366 481 1426 nicht
505 1366 532 1426 in
576 1366 660 1426 einer
693 1366 955 1426 Sommernacht

234 1412 304 1472 Und
336 1412 417 1472 reift
443 1410 499 1470 erst
525 1410 616 1470 durch
648 1410 698 1470 die
729 1410 831 1470 Länge

234 1461 296 1521 Zur
328 1458 447 1518 Dauer
479 1458 541 1518 und
573 1458 896 1518 Vollkommenheit.

286 1530 342 1590 Ein
377 1530 502 1590 Weiser
538 1530 588 1590 der
617 1533 823 1593 Versuchung
852 1533 908 1593 hat

236 1587 343 1647 Kauft
368 1585 421 1645 nie
452 1584 493 1644 ein
530 1585 602 1645 Gut
633 1584 693 1644 mit
723 1587 915 1647 Missethat,

481 1767 621 1827 Berlin,
644 1772 697 1832 den
737 1772 796 1832 12.
824 1772 932 1832 May.

242 1810 316 1870 Se.
332 1816 432 1876 Maj.
449 1817 501 1877 der
523 1817 628 1877 König
660 1817 760 1877 haben
787 1817 839 1877 den
866 1814 956 1874 Hrn.
972 1814 1093 1874 Grafen
1125 1817 1178 1877 von

186 1861 340 1921 Malzahn
370 1863 398 1923 zu
428 1861 519 1921 Dero
549 1858 800 1918 Kammerherrn
834 1858 858 1918 in
878 1858 1013 1918 Gnaden
1037 1862 1191 1922 ernennt,

186 1904 245 1964 und
271 1906 320 1966 ihm
360 1906 588 1966 aufgetragen,
614 1905 683 1965 nach
714 1903 803 1963 Wien
838 1903 1041 1963 abzugehen,
1067 1905 1101 1965 um
1141 1909 1195 1969 da¬

190 1955 279 2015 selbst
306 1952 343 2012 am
391 1952 533 2012 Kaiserl.
560 1951 703 2011 Königl.
724 1949 814 2009 Hofe
836 1951 861 2011 in
894 1948 1083 2008 Höchstdero
1116 1953 1189 2013 Na¬

184 1999 249 2059 men
280 1999 325 2059 die
346 1996 594 2056 Glückwünsche
625 1996 726 2056 wegen
758 1998 803 2058 der
829 1997 965 2057 glücklich
996 1999 1178 2059 vollzognen

192 2046 373 2106 Römischen
404 2043 632 2103 Königswahl
653 2046 865 2106 abzustatten.
918 2043 1109 2103 Ehegestern
1130 2046 1181 2106 des

182 2089 309 2149 Abends
336 2088 405 2148 war
427 2091 518 2151 Cour
550 2093 608 2153 und
641 2096 784 2156 Soupee
811 2095 864 2155 bey
902 2096 992 2156 Ihro
1019 2094 1115 2154 Maj.
1131 2096 1184 2156 der

188 2136 356 2196 Königin,
380 2139 526 2199 woselbst
550 2143 589 2203 die
626 2145 823 2205 vornemsten
859 2145 911 2205 von
947 2142 1033 2202 Adel
1051 2142 1109 2202 und
1145 2142 1190 2202 die

187 2187 412 2247 auswartigen
447 2194 626 2254 Ministers
650 2196 782 2256 zugegen
817 2196 944 2256 waren.
991 2191 1065 2251 Der
1089 2193 1181 2253 Graf

192 2234 247 2294 von
278 2239 438 2299 Schulin,
463 2245 605 2305 Königl.
624 2244 796 2304 Dänischer
821 2243 1074 2303 Kammerherr,
1099 2240 1178 2300 hatte

191 2286 238 2346 die
262 2286 345 2346 Ehre
370 2291 458 2351 Ihro
495 2294 595 2354 Maj.
620 2294 703 2354 durch
739 2294 786 2354 den
823 2293 1007 2353 Dänischen
1037 2288 1191 2348 außeror¬

188 2337 354 2397 dentlichen
383 2342 622 2402 Abgesandten,
645 2342 750 2402 Herrn
773 2342 884 2402 Baron
913 2342 1012 2402 Diede
1035 2339 1085 2399 von
1108 2336 1191 2396 Für¬

191 2389 329 2449 stenstein
357 2390 555 2450 vorgestellet
578 2393 605 2453 zu
639 2391 783 2451 werden.
833 2391 948 2451 Dieser
971 2390 1064 2450 junge
1093 2387 1181 2447 Graf

188 2435 297 2495 langte
321 2435 378 2495 vor
402 2440 517 2500 einigen
547 2443 656 2503 Tagen
686 2439 708 2499 in
738 2440 940 2500 Begleitung
975 2437 1073 2497 seines
1097 2435 1183 2495 Füh¬

191 2480 252 2540 rers
281 2483 332 2543 des
361 2487 450 2547 Hrn.
479 2491 609 2551 Müller
632 2488 739 2548 allhier
762 2491 835 2551 an,
859 2490 988 2550 welcher
1023 2485 1062 2545 ein
1096 2484 1186 2544 Mit¬

188 2532 261 2592 glied
285 2531 335 2591 der
359 2536 569 2596 Churfürstl.
581 2539 774 2599 Bayrischen
797 2539 968 2599 Academie
985 2536 1030 2596 der
1048 2531 1161 2591 Wissen

192 2581 316 2641 schaften
344 2581 397 2641 und
425 2582 473 2642 der
500 2584 640 2644 Naturae
657 2584 840 2644 curiosorum
884 2590 932 2650 ist.
981 2584 1100 2644 Dieser
1122 2578 1186 2638 Ge=

187 2632 280 2692 lehrte
309 2632 498 2692 überreichte
521 2634 553 2694 am
599 2635 715 2695 letztern
755 2640 983 2700 Donnerstage
1018 2635 1067 2695 der
1095 2632 1184 2692 hiesi¬

185 2684 233 2744 gen
266 2679 408 2739 Königl.
435 2682 604 2742 Academie
632 2682 670 2742 ein
698 2685 882 2745 lateinsches
911 2687 932 2747 in
965 2682 1177 2742 Copenhagen

191 2732 247 2792 und
276 2730 395 2790 Leipzig
418 2730 600 2790 gedrucktes
623 2730 737 2790 Werk,
760 2735 891 2795 welches
926 2733 993 2793 eine
1022 2730 1187 2790 Beschrei¬

190 2782 271 2842 bung
298 2781 373 2841 aller
396 2778 547 2838 Insecten
575 2781 601 2841 in
623 2781 671 2841 sich
694 2782 834 2842 enthält,
862 2787 910 2847 die
927 2785 948 2845 in
982 2781 1030 2841 den
1052 2781 1176 2841 Feldern

187 2829 239 2889 bey
277 2830 536 2890 Friedrichshall
563 2829 594 2889 in
637 2832 852 2892 Dännemark
891 2835 1006 2895 erzeigt
1038 2832 1180 2892 werden.

188 2882 267 2942 Eine
290 2882 465 2942 Nachricht
500 2882 601 2942 davon
631 2884 727 2944 findet
750 2885 818 2945 man
847 2885 869 2945 im
909 2888 977 2948 8ten
1012 2882 1107 2942 Blatt
1131 2882 1175 2942 der

1278 377 1376 437 Denn
1413 380 1481 440 was
1512 377 1543 437 er
1575 375 1652 435 heut
1679 377 1845 437 entbehren
1877 378 1970 438 muß,

1276 431 1415 491 Kommt
1443 428 1610 488 Morgens
1644 425 1694 485 oft
1722 426 1782 486 mit
1806 430 1994 490 Ueberfluß.

1329 499 1375 559 Je
1405 500 1515 560 länger
1545 495 1620 555 diese
1656 494 1725 554 Lust
1756 500 1912 560 verzieht,

1283 547 1321 607 Je
1350 550 1438 610 mehr
1472 548 1644 608 Entzücken
1683 548 1794 608 bringt
1823 548 1861 608 sie
1889 554 1961 614 mit,

1273 598 1337 658 Und
1370 596 1504 656 Canaan
1542 595 1579 655 ist
1607 594 1676 654 noch
1715 595 1741 655 so
1774 595 1880 655 schön,

1270 646 1373 706 Wenn
1412 646 1472 706 wir
1500 646 1526 706 es
1560 645 1620 705 aus
1653 643 1702 703 der
1735 644 1850 704 Wüste
1883 648 1981 708 sehn.

1327 718 1459 778 Sanft,
1488 718 1548 778 wie
1571 718 1620 778 der
1649 715 1753 775 Rauch
1787 715 1843 775 vom
1882 718 1987 778 Opfer
2010 722 2114 782 steigt,

1273 769 1386 829 Still,
1415 769 1474 829 wie
1501 769 1545 829 die
1572 766 1686 826 größte
1714 766 1838 826 Freude
1866 763 2028 823 schweigt,

1276 815 1353 875 Voll
1374 816 1436 876 wie
1468 816 1509 876 ein
1551 816 1669 876 Meer,
1701 816 1768 876 rein
1800 813 1861 873 wie
1893 816 1939 876 ein
1976 816 2084 876 Kind,

1274 866 1361 926 Doch
1395 867 1499 927 stark,
1528 867 1588 927 wie
1611 864 1782 924 Euphrats
1811 861 1932 921 Wellen
1960 864 2048 924 sind:

1327 934 1383 994 So
1412 938 1497 998 ists,
1520 939 1570 999 wo
1605 939 1735 999 GOttes
1764 936 1854 996 Odem
1912 939 2013 999 weht,

1273 981 1332 1041 So
1366 990 1522 1050 herrlich,
1550 987 1598 1047 wo
1626 987 1674 1047 die
1708 984 1777 1044 Lust
1811 987 1962 1047 entsteht,

1277 1031 1343 1091 Die
1366 1036 1461 1096 Lust,
1489 1039 1539 1099 die
1573 1037 1673 1097 weder
1708 1034 1780 1094 Zeit
1803 1038 1869 1098 noch
1904 1040 1992 1100 Zahn

1276 1087 1362 1147 Noch
1400 1090 1492 1150 Eckel
1515 1088 1732 1148 untergraben
1765 1085 1867 1145 kann.

1326 1156 1372 1216 In
1407 1162 1552 1222 Trübsal
1582 1160 1674 1220 steigt
1698 1158 1738 1218 sie
1768 1160 1837 1220 noch
1872 1160 1901 1220 so
1931 1161 2034 1221 kühn,

1274 1207 1367 1267 Weil
1394 1210 1539 1270 Palmen
1576 1208 1664 1268 unter
1695 1207 1794 1267 Lasten
1836 1204 1929 1264 blühn

1275 1255 1380 1315 Wann
1421 1255 1481 1315 erst
1506 1254 1561 1314 der
1587 1255 1683 1315 Acker
1714 1254 1854 1314 donnern
1890 1252 1975 1312 hört,

1269 1302 1332 1362 Ist
1354 1300 1407 1360 ihm
1455 1300 1507 1360 der
1539 1300 1650 1360 Regen
1683 1300 1757 1360 noch
1794 1300 1820 1360 so
1852 1300 1969 1360 werth.
1996 1300 2033 1360 u.
2049 1299 2075 1359 s.
2097 1297 2138 1357 w.

1269 1381 1343 1441 Der
1375 1386 1517 1446 Beyfall
1544 1387 1597 1447 des
1629 1387 1724 1447 ersten
1751 1390 1867 1450 Theils
1894 1390 2020 1450 bewegt
2047 1390 2100 1450 den
2137 1390 2205 1450 Ver

1217 1431 1340 1491 fasser,
1362 1431 1413 1491 den
1450 1431 1563 1491 dritten
1595 1435 1693 1495 Theil
1720 1437 1822 1497 eiligst
1855 1437 1880 1497 zu
1922 1437 2144 1497 versprechen,
2171 1439 2222 1499 der

1216 1479 1264 1539 die
1286 1479 1432 1539 Festtage
1455 1480 1481 1540 in
1509 1482 1557 1542 sich
1585 1485 1741 1545 enthalten
1769 1488 1839 1548 soll.
1867 1486 1980 1546 Kosten
2008 1485 2034 1545 in
2062 1485 2110 1545 der
2133 1488 2224 1548 Kan=

1215 1529 1344 1589 terschen
1385 1533 1655 1593 Buchhandlung
1684 1536 1802 1596 allhier
1831 1536 1893 1596 wie
1916 1537 1989 1597 auch
2029 1536 2057 1596 in
2092 1536 2210 1596 Elbing

1210 1584 1270 1644 und
1299 1584 1403 1644 Mitau
1437 1584 1447 1644 2
1481 1585 1514 1645 fl.
1542 1587 1586 1647 21
1603 1587 1652 1647 gr.

1224 1770 1444 1830 französischen
1468 1772 1624 1832 Berliner
1654 1773 1816 1833 gelehrten
1851 1775 2008 1835 Zeitung.
2084 1772 2159 1832 Die
2177 1769 2228 1829 or¬

1226 1817 1374 1877 dentliche
1398 1818 1652 1878 Versammlung
1676 1819 1729 1879 der
1758 1824 1930 1884 Academie
1959 1820 2065 1880 wurde
2085 1820 2113 1880 an
2142 1821 2228 1881 dem¬

1225 1861 1320 1921 selben
1351 1864 1441 1924 Tage
1462 1862 1517 1922 von
1548 1867 1653 1927 Herrn
1684 1870 1816 1930 Formey
1852 1870 1942 1930 durch
1978 1870 2159 1930 Vorlesung
2185 1867 2225 1927 ei¬

1222 1907 1276 1967 nes
1307 1909 1438 1969 Briefes
1459 1909 1594 1969 eröfnet,
1620 1915 1751 1975 welchen
1777 1915 1852 1975 Mr.
1867 1915 1973 1975 Gyot,
1994 1915 2033 1975 ein
2059 1917 2215 1977 Mitglied

1223 1957 1268 2017 der
1289 1954 1461 2014 Academie
1487 1954 1532 2014 der
1554 1960 1813 2020 Wissenschaften
1844 1960 1874 2020 zu
1905 1963 2073 2023 Besancon
2109 1963 2139 2023 an
2165 1963 2210 2023 ihn

1226 2002 1432 2062 geschrieben,
1458 2002 1498 2062 um
1539 2002 1563 2062 zu
1589 2002 1760 2062 erfahren,
1796 2005 1831 2065 ob
1857 2005 1912 2065 das
1938 2008 1988 2068 bey
2019 2008 2069 2068 der
2094 2009 2210 2069 letztern

1230 2049 1457 2109 Anwesenheit
1483 2046 1533 2106 des
1560 2046 1747 2106 Türkischen
1778 2051 2020 2111 Abgesandten,
2041 2055 2066 2115 in
2087 2055 2137 2115 der
2153 2055 2228 2115 Aca¬

1230 2097 1327 2157 demie
1348 2094 1564 2154 abgebrandte
1586 2094 1756 2154 chymische
1777 2097 1983 2157 Feuerwerk,
1999 2100 2096 2160 etwas
2112 2103 2220 2163 ähnli¬

1228 2145 1291 2205 ches
1318 2144 1343 2204 in
1370 2142 1423 2202 der
1444 2143 1623 2203 Erfindung
1650 2144 1707 2204 mit
1730 2148 1924 2208 demjenigen
1957 2150 2056 2210 habe,
2083 2151 2209 2211 welches

1226 2193 1322 2253 dieser
1357 2190 1555 2250 französische
1590 2197 1749 2257 Gelehrte
1784 2199 1811 2259 zu
1852 2202 1994 2262 Brüssel
2017 2202 2221 2262 angegeben.

1232 2240 1297 2300 Den
1331 2240 1479 2300 Beschluß
1507 2243 1606 2303 dieser
1634 2250 1887 2310 Versammlung
1911 2252 2031 2312 machte
2054 2249 2097 2309 H.
2120 2251 2213 2311 Euler

1227 2288 1313 2348 durch
1337 2288 1406 2348 eine
1435 2293 1644 2353 französische
1674 2303 1893 2363 Abhandlung
1929 2303 1980 2363 von
2016 2306 2067 2366 der
2091 2306 2223 2366 Zusam¬

1226 2339 1417 2399 mensetzung
1445 2342 1565 2402 zweyer
1582 2348 1794 2408 verschiedner
1817 2354 2090 2414 Objectivgläser,
2112 2353 2226 2413 welche

1224 2385 1280 2445 bey
1320 2387 1489 2447 Brechung
1530 2396 1586 2456 der
1620 2402 1841 2462 Lichtstrahlen
1870 2405 1937 2465 doch
1973 2401 2057 2461 keine
2080 2402 2227 2462 Undeut¬

1225 2435 1340 2495 lichkeit
1364 2443 1583 2503 verursachen,
1612 2449 1699 2509 nebst
1723 2452 1803 2512 einer
1827 2452 2064 2512 Beschreibung
2088 2450 2133 2510 der
2157 2452 2226 2512 vor¬

1211 2488 1399 2548 züglichsten
1429 2491 1486 2551 Art
1511 2494 1569 2554 von
1593 2500 1862 2560 Augengläsern.

1467 2545 1636 2605 Paris,
1660 2550 1711 2610 den
1745 2551 1813 2611 22.
1836 2551 1949 2611 April.

1265 2583 1338 2643 Der
1364 2590 1543 2650 eigentliche
1568 2599 1692 2659 Zufall,
1717 2599 1748 2659 an
1786 2599 1916 2659 welchem
1953 2599 2002 2659 die
2021 2599 2213 2659 Marquisin

1223 2631 1273 2691 von
1297 2638 1534 2698 Pompadour,
1557 2646 1766 2706 Ehrendame
1784 2645 1829 2705 der
1858 2646 2022 2706 Königin,
2039 2647 2073 2707 am
2113 2646 2203 2706 15ten

1219 2682 1317 2742 dieses
1342 2686 1427 2746 ihren
1459 2691 1551 2751 Geist
1576 2695 1724 2755 aufgeben
1755 2694 1890 2754 müssen,
1916 2694 1983 2754 war
2014 2694 2056 2754 ein
2076 2692 2210 2752 heftiges

1225 2733 1436 2793 Blutspeyen.
1485 2744 1539 2804 In
1570 2745 1619 2805 dem
1656 2742 1709 2802 von
1734 2742 1788 2802 ihr
1819 2741 1994 2801 errichteten
2032 2739 2213 2799 Testament

1221 2784 1274 2844 hat
1304 2784 1345 2844 sie
1370 2784 1458 2844 ihren
1500 2793 1635 2853 Bruder
1666 2792 1719 2852 den
1755 2790 1920 2850 Marquis
1957 2789 2010 2849 von
2046 2787 2211 2847 Marigny

1224 2835 1274 2895 zum
1314 2839 1580 2899 Universalerben
1609 2839 1783 2899 eingesetzt.
1829 2835 1908 2895 Dem
1948 2835 2072 2895 Könige
2095 2835 2151 2895 hat
2175 2835 2208 2895 sie

1225 2885 1284 2945 das
1309 2888 1410 2948 Hotel
1429 2891 1604 2951 d'Evreux
1628 2891 1712 2951 nebst
1738 2888 1911 2948 ohngefehr
1942 2888 2075 2948 100000
2105 2885 2213 2945 Livres

2136 2939 2214 2999 ver=
