2479 3508
453 344 644 404 Berlin,
667 337 717 397 den
755 334 812 394 23.
843 336 937 396 Jun.

255 399 298 459 Am
336 397 461 457 vorigen
492 384 714 444 Donnerstage
737 382 832 442 hielte
855 383 900 443 die
930 383 1099 443 Akademie
1130 377 1173 437 der

202 443 455 503 Wissenschaften
482 434 549 494 ihre
570 428 755 488 ordentliche
776 431 1049 491 Versammlung.
1103 428 1176 488 Der

183 495 268 555 Herr
293 488 464 548 Secretair
489 476 617 536 Formey
648 476 752 536 verlas
777 479 929 539 darinnen
967 479 1046 539 einen
1077 476 1174 536 Brief

201 541 287 601 eines
312 531 503 591 Mitgliedes
528 524 577 584 des
602 523 762 583 Doctoris
787 527 953 587 Mediciná
991 527 1021 587 zu
1059 524 1169 584 Padua

199 583 357 643 Caldani,
380 572 539 632 worinnen
568 572 596 632 er
619 569 669 629 den
698 571 766 631 Tod
790 572 840 632 des
863 575 987 635 Grafen
1017 572 1185 632 Algarotti

194 628 384 688 berichtete,
426 620 478 680 der
507 617 559 677 den
594 619 687 679 23ten
728 618 774 678 des
809 619 936 679 vorigen
972 619 1116 679 Monats
1145 617 1174 677 zu

195 672 340 732 Venedig
364 667 498 727 erfolget
516 667 568 727 ist.
615 664 661 724 Es
697 664 807 724 wurde
837 667 906 727 auch
936 667 983 727 ein
1018 664 1117 724 Brief
1146 665 1186 725 ei¬

191 720 245 780 nes
273 715 469 775 catholischen
497 712 688 772 Geistlichen
721 716 918 776 vorgelesen,
940 715 1103 775 worinnen
1137 714 1180 774 die

194 763 301 823 Frage
323 763 421 823 wegen
459 759 507 819 der
536 760 800 820 Souverainität
828 763 877 823 des
910 763 1050 823 Pabstes
1078 763 1185 823 unter¬

199 812 279 872 sucht
296 808 420 868 wurde,
442 807 620 867 imgleichen
653 805 690 865 ein
724 810 896 870 Schreiben
935 810 988 870 des
1021 810 1167 870 Jesuiten

189 858 223 918 La
254 856 382 916 Borde,
407 852 535 912 welches
560 854 639 914 neue
659 855 897 915 Entdeckungen
937 855 986 915 zur
1016 855 1178 915 Verbesse¬

193 906 275 966 rung
312 902 363 962 der
400 901 596 961 Telescopien
643 903 705 963 und
752 903 984 963 Microscopien
1027 903 1186 963 anzeigte.

190 951 274 1011 Herr
304 950 378 1010 Catt
396 951 527 1011 meldete
550 951 595 1011 der
624 952 813 1012 Akademie,
825 954 882 1014 daß
905 954 996 1014 Ihro
1019 951 1116 1011 Maj.
1134 950 1179 1010 die

189 998 316 1058 Herren
349 999 526 1059 Burgelat,
549 1001 704 1061 Wattelet
727 1001 787 1061 und
815 1001 870 1061 den
904 999 970 1059 Abt
998 998 1186 1058 d'Expilly,

199 1048 226 1108 zu
271 1049 487 1109 auswärtigen
526 1049 736 1109 Mitgliedern
770 1049 919 1109 bestätigt
947 1049 1063 1109 hätte:
1092 1046 1180 1106 Herr

200 1096 298 1156 Euler
321 1100 379 1160 gab
414 1100 460 1160 die
478 1100 657 1160 Nachricht
675 1097 727 1157 von
756 1099 842 1159 einem
890 1097 1173 1157 Augsspurgischen

199 1147 372 1207 Künstler,
394 1147 572 1207 Brandes,
595 1145 719 1205 welcher
747 1148 795 1208 dem
839 1145 958 1205 Könige
985 1148 1022 1208 ein
1062 1145 1191 1205 Panto¬

190 1195 288 1255 meter
310 1193 488 1253 überreicht
514 1193 618 1253 hätte,
640 1193 770 1253 welches
812 1193 869 1253 alle
901 1193 1089 1253 Maschinen
1126 1190 1177 1250 von

186 1240 279 1300 dieser
301 1240 361 1300 Art
383 1237 548 1297 übertrift.
598 1237 697 1297 Ihro
730 1237 828 1297 Maj.
851 1237 950 1297 haben
983 1237 1032 1297 der
1066 1237 1186 1297 Akade¬

197 1285 259 1345 mie
293 1284 345 1344 die
374 1282 613 1342 Untersuchung
657 1282 752 1342 davon
801 1279 1026 1339 aufgetragen.
1103 1277 1174 1337 Den

197 1330 324 1390 Schluß
354 1329 398 1389 der
423 1327 560 1387 Sitzung
590 1327 703 1387 machte
728 1324 776 1384 H.
796 1324 1031 1384 Premontval,
1052 1324 1179 1384 welcher

197 1374 275 1434 seine
300 1373 394 1433 dritte
419 1369 630 1429 Abhandlung
655 1369 709 1429 von
739 1369 787 1429 der
808 1368 989 1428 Erziehung
1014 1366 1171 1426 aufzeigte

188 1419 299 1479 wovon
335 1416 385 1476 der
406 1414 481 1474 erste
507 1413 603 1473 Theil
624 1413 669 1473 die
690 1413 821 1473 Uebung
847 1412 897 1472 des
928 1410 1171 1470 Gedächtnisses

188 1464 338 1524 vortrug.
391 1458 468 1518 Das
495 1461 734 1521 Departement
755 1458 802 1518 der
828 1458 994 1518 geistlichen
1015 1457 1176 1517 Geschäfte

191 1512 250 1572 und
289 1511 370 1571 zwar
403 1509 430 1569 in
452 1509 653 1569 lutherischen
681 1507 833 1567 Kirchen=
844 1506 904 1566 und
937 1506 1181 1566 Armensachen,

197 1563 298 1623 haben
333 1560 400 1620 Se.
429 1560 525 1620 Maj.
554 1557 643 1617 Dero
672 1557 818 1617 würklich
847 1555 1045 1615 Geheimten
1074 1554 1163 1614 Etats

200 1610 262 1670 und
291 1608 596 1668 Kriegesminister,
619 1607 669 1667 des
698 1605 805 1665 Herrn
840 1605 896 1665 von
931 1605 1173 1665 Münchhausen

193 1661 354 1721 Excellenz
375 1658 531 1718 wiederum
573 1655 797 1715 anvertrauet,
824 1658 959 1718 nachdem
1006 1655 1058 1715 des
1090 1654 1188 1714 Frey¬

194 1708 285 1768 herrn
313 1708 368 1768 von
406 1709 673 1769 Danckelmanns
707 1709 869 1769 Excellenz
897 1708 967 1768 dero
1001 1706 1191 1766 allerunter¬

191 1757 335 1817 thänigst
358 1757 490 1817 gesuchte
513 1755 679 1815 Erlassung
708 1757 729 1817 in
758 1757 807 1817 den
836 1757 1018 1817 gnädigsten
1041 1754 1190 1814 Ausdrü¬

188 1805 253 1865 cken
286 1805 443 1865 erhalten.
487 1802 611 1862 Ferner
634 1802 726 1862 haben
764 1802 834 1862 Se.
851 1802 948 1862 Maj.
965 1800 1013 1860 den
1047 1802 1193 1862 bisheri¬

199 1853 252 1913 gen
280 1852 404 1912 zweiten
431 1846 642 1906 Präsidenten
669 1843 717 1903 bey
745 1840 831 1900 Dero
859 1843 988 1903 hiesigen
1016 1843 1096 1903 Hof=
1124 1845 1177 1905 und

200 1946 249 2006 lich
277 1943 448 2003 geheimten
477 1933 760 1993 Etats=Krieges=
777 1930 837 1990 und
861 1928 1121 1988 Justizminister
1143 1928 1187 1988 er¬

193 1993 321 2053 nannt,
347 1987 403 2047 und
430 1984 599 2044 demselben
630 1978 759 2038 zugleich
785 1978 836 2038 das
868 1975 1109 2035 Departement
1130 1975 1176 2035 der

202 2037 371 2097 geistlichen
405 2028 574 2088 Geschäfte
607 2027 658 2087 der
699 2025 894 2085 reformirten
928 2023 1084 2083 Kirchen-
1117 2023 1175 2083 und

197 2081 413 2141 Schulsachen
443 2075 664 2135 aufgetragen.

433 2124 688 2184 Bamberg,
709 2124 760 2184 den
794 2123 832 2183 8.
859 2121 950 2181 Jun.

244 2175 376 2235 Gestern
407 2175 636 2235 Nachmittage
655 2175 806 2235 verließen
837 2172 884 2232 des
909 2171 1042 2231 hiesigen
1067 2166 1169 2226 Herrn

199 2227 414 2287 Stadthalter
438 2225 499 2285 und
528 2223 812 2283 Domdechanten,
835 2220 1010 2280 Freyherrn
1039 2217 1072 2277 v.
1090 2214 1180 2274 Wer¬

200 2279 326 2339 derstein
356 2273 493 2333 Hochw.
511 2273 563 2333 das
592 2270 759 2330 Zeitliche.

462 2320 625 2380 Paris,
668 2316 722 2376 vom
766 2317 807 2377 4.
832 2318 923 2378 Jun.

270 2372 314 2432 Am
372 2369 639 2429 letztverwichnen
685 2363 885 2423 Sonntag,
925 2360 1073 2420 Montag
1113 2356 1175 2416 und

188 2420 369 2480 Dienstage
396 2417 492 2477 waren
530 2416 577 2476 die
599 2411 738 2471 Prinzen
771 2409 823 2469 von
850 2411 1010 2471 Geblüte,
1032 2405 1176 2465 Herzoge

198 2464 258 2524 und
284 2461 389 2521 Pairs
415 2461 460 2521 des
486 2461 698 2521 Königreichs
724 2455 749 2515 im
790 2458 986 2518 Parlament
1007 2452 1178 2512 versamm¬

198 2509 263 2569 ket;
289 2507 318 2567 es
344 2508 465 2568 wurden
495 2508 540 2568 die
561 2503 929 2563 Gegeneinwendungen
970 2503 1025 2563 auf
1046 2500 1090 2560 die
1111 2499 1166 2559 von

199 2558 252 2618 dem
291 2557 492 2617 Parlament
508 2556 536 2616 zu
563 2554 699 2614 Rennes
721 2555 889 2615 gemachten
923 2550 1101 2610 Ansprüche
1129 2545 1172 2605 die

196 2605 312 2665 Pairie
335 2602 519 2662 betreffend,
553 2601 681 2661 verlesen
715 2602 775 2662 und
810 2603 988 2663 gebilliget,
1016 2599 1077 2659 und
1111 2595 1183 2655 dar¬

199 2656 258 2716 auf
285 2649 485 2709 beschlossen:
518 2648 572 2708 daß
605 2646 664 2706 nur
692 2646 783 2706 allein
822 2649 870 2709 dem
914 2646 1113 2706 Parlament
1136 2643 1162 2703 zu

200 2704 326 2764 Paris,
350 2700 396 2760 als
420 2697 546 2757 welches
570 2696 627 2756 von
663 2697 691 2757 je
721 2694 772 2754 her
802 2697 853 2757 der
883 2697 1096 2757 Gerichtshof
1120 2692 1171 2752 der

206 2754 312 2814 Pairs
338 2748 494 2808 gewesen,
520 2745 663 2805 zukäme,
683 2745 707 2805 in
739 2745 864 2805 Sachen
890 2745 946 2805 das
972 2746 1091 2806 Leben,
1123 2741 1172 2801 die
1210 2742 1354 2802 Jupiter
1374 2743 1454 2803 nahe
1480 2749 1523 2809 bey
1555 2754 1598 2814 der
1624 2751 1762 2811 Sonnen
1794 2748 1856 2808 mit
1882 2751 1988 2811 bloßen
2014 2751 2120 2811 Augen
2152 2749 2195 2809 se¬

210 2808 293 2868 Ehre
317 2804 369 2864 und
401 2801 446 2861 das
477 2799 583 2859 Glück
599 2799 644 2859 der
668 2797 774 2857 Pairs
806 2799 988 2859 betreffend,
1027 2798 1170 2858 Urtheile

1220 333 1249 393 zu
1279 333 1391 393 fällen,
1416 333 1481 393 mit
1499 330 1748 390 Ausschlieffung
1778 336 1825 396 der
1855 336 1967 396 andern
2010 333 2204 393 Parlamen¬

1216 378 1281 438 ter.
1337 380 1412 440 Von
1453 377 1549 437 diesem
1600 380 1792 440 Memoire,
1833 383 1964 443 welches
1994 381 2019 441 in
2056 379 2110 439 4to
2141 380 2196 440 und

1217 428 1351 488 ziemlich
1390 428 1471 488 stark
1493 425 1547 485 ist,
1575 425 1634 485 soll
1656 426 1726 486 eins
1764 431 1812 491 dem
1856 431 1986 491 Könige
2014 428 2186 488 präsentire

1221 474 1277 534 und
1303 474 1385 534 jedem
1432 473 1628 533 Parlament
1659 472 1685 532 im
1732 478 1922 538 Königreich
1959 479 2000 539 ein
2032 479 2201 539 Exemplar

1216 521 1411 581 zugefertigt
1427 521 1566 581 werden.
1618 523 1700 583 Man
1737 527 1876 587 zweifelt
1892 527 1985 587 aber,
2006 526 2041 586 ob
2078 524 2108 584 es
2135 524 2191 584 nun

1215 569 1264 629 die
1284 570 1397 630 andern
1427 569 1658 629 Parlamenter
1693 569 1742 629 der
1772 573 1968 633 Monarchie
1994 572 2086 632 dabey
2117 572 2205 632 beru¬

1221 616 1272 676 hen
1303 616 1416 676 lassen,
1437 616 1509 676 oder
1531 616 1685 676 vielmehr
1706 616 1772 676 noch
1810 619 1865 679 mit
1887 619 2072 679 Nachdruck
2094 619 2201 679 weiter

1218 667 1321 727 suchen
1347 664 1492 724 werden.

1345 712 1476 772 Auszug
1511 712 1594 772 eines
1622 710 1816 770 Schreibens
1845 712 1900 772 aus
1921 712 2066 772 London,

1586 758 1645 818 vom
1686 760 1720 820 6.
1745 760 1837 820 Jun.

1262 803 1332 863 Von
1368 806 1524 866 Aberdeen
1560 806 1581 866 in
1624 805 1844 865 Schottland,
1866 804 1908 864 wo
1945 804 1994 864 die
2023 804 2207 864 Presbyte=

1216 852 1332 912 ryaner
1364 855 1427 915 eine
1459 853 1564 913 schöne
1591 852 1786 912 Universität
1813 853 1934 913 haben,
1966 852 2082 912 meldet
2109 852 2203 912 man,

1216 900 1274 960 daß
1301 900 1342 960 die
1370 903 1607 963 Methodisten,
1624 902 1698 962 oder
1725 900 1771 960 die
1799 900 1978 960 Anhänger
2000 897 2058 957 von
2091 900 2190 960 Herrn

1217 948 1371 1008 Wesley,
1388 950 1433 1010 sich
1461 950 1521 1010 eine
1544 951 1704 1011 prächtige
1727 951 1838 1011 Kirche
1855 948 1981 1008 daselbst
1999 948 2115 1008 bauen.
2143 948 2209 1008 Un¬

1224 995 1280 1055 sere
1303 997 1410 1057 hiesige
1439 998 1648 1058 Gesellschaft
1671 996 1727 1056 zur
1756 996 1982 1056 Beförderung
2017 997 2067 1057 des
2102 995 2203 1055 Chri¬

1224 1046 1420 1106 stenthums,
1443 1047 1500 1107 hat
1524 1046 1570 1106 sich
1605 1046 1778 1106 anheischig
1814 1046 1969 1106 gemacht,
1998 1048 2090 1108 unter
2125 1045 2205 1105 Auf¬

1218 1094 1286 1154 sicht
1308 1094 1355 1154 des
1382 1094 1530 1154 Bischofs
1553 1094 1611 1154 von
1638 1095 1743 1155 Sater
1771 1097 1828 1157 und
1850 1097 1956 1157 Man,
1994 1094 2105 1154 10000
2143 1093 2206 1153 Bi=

1221 1142 1287 1202 beln
1319 1142 1376 1202 und
1402 1145 1500 1205 andre
1521 1145 1593 1205 gute
1614 1145 1764 1205 geistliche
1786 1142 1914 1202 Bücher
1936 1142 1961 1202 in
1992 1142 2043 1202 der
2065 1142 2209 1202 Mancki¬

1223 1190 1298 1250 schen
1329 1190 1475 1250 Sprache
1501 1190 1622 1250 drucken
1648 1190 1677 1250 zu
1703 1187 1824 1247 lassen,
1855 1188 1891 1248 um
1932 1187 2078 1247 dieselben
2114 1187 2199 1247 unter

1223 1235 1267 1295 die
1293 1234 1490 1294 Einwohner
1516 1234 1561 1294 der
1587 1234 1687 1294 Insel
1703 1234 1784 1294 Man
1819 1228 2056 1288 auszutheilen.

2122 1231 2197 1291 Die

1221 1279 1412 1339 Landcharte
1433 1279 1528 1339 zeiget
1550 1279 1625 1339 uns,
1655 1278 1705 1338 daß
1737 1278 1781 1338 die
1807 1276 1908 1336 Insel
1929 1274 2014 1334 Man
2051 1273 2191 1333 zwischen

1218 1324 1367 1384 England
1404 1324 1465 1384 und
1502 1321 1625 1381 Irland
1662 1321 1765 1381 liegt;
1812 1321 1883 1381 Sie
1920 1319 1981 1379 hat
2018 1321 2193 1381 ohngefehr

1216 1366 1329 1426 20000
1360 1366 1571 1426 Einwohner,
1592 1366 1664 1426 ihre
1685 1366 1835 1426 Sprache
1861 1366 1902 1426 ist
1928 1366 1984 1426 von
2021 1366 2067 1426 der
2098 1369 2201 1429 engli¬

1216 1410 1292 1470 schen
1324 1410 1401 1470 ganz
1422 1413 1673 1473 unterschieden,
1694 1412 1756 1472 und
1783 1412 1854 1472 wird
1880 1413 1941 1473 hier
1968 1413 2106 1473 Mancks
2122 1416 2199 1476 Lan¬

1213 1458 1316 1518 gvage
1342 1458 1496 1518 genannt.
1549 1458 1620 1518 Sie
1647 1459 1744 1519 haben
1781 1460 1827 1520 die
1853 1458 1956 1518 Bibel
1987 1461 2059 1521 noch
2091 1464 2142 1524 nie
2163 1464 2188 1524 in

1209 1506 1295 1566 ihrer
1323 1506 1425 1566 eignen
1458 1506 1604 1566 Sprache
1627 1507 1762 1567 gehabt,
1790 1508 1870 1568 weil
1893 1509 1930 1569 sie
1963 1509 2022 1569 kein
2061 1512 2185 1572 englisch

1213 1554 1393 1614 verstehen.
1446 1557 1559 1617 Sollte
1580 1557 1647 1617 man
1679 1556 1761 1616 wohl
1782 1557 1916 1617 denken,
1938 1557 1994 1617 daß
2026 1557 2092 1617 eine
2124 1560 2201 1620 brit¬

1218 1607 1306 1667 tische
1330 1606 1424 1666 Insel
1449 1605 1525 1665 nahe
1549 1607 1602 1667 bey
1632 1608 1691 1668 uns
1715 1608 1797 1668 zwar
1828 1608 1909 1668 ihren
1952 1607 2093 1667 Bischoff
2123 1608 2193 1668 aber

1223 1655 1302 1715 keine
1330 1650 1432 1710 Bibel
1449 1655 1556 1715 habe?

1441 1706 1651 1766 Livorno,
1684 1706 1740 1766 den
1774 1706 1836 1766 22.
1862 1707 1970 1767 May.

1265 1754 1381 1814 Unsere
1406 1757 1590 1817 Regierung
1615 1757 1707 1817 hielte
1732 1757 1781 1817 den
1806 1757 1940 1817 Envoye
1972 1754 2027 1814 von
2052 1757 2199 1817 Tripoli,

1217 1805 1344 1865 welcher
1372 1802 1438 1862 hier
1472 1805 1560 1865 durch
1594 1807 1665 1867 nach
1688 1805 1831 1865 Venedig
1860 1805 2014 1865 gereiset,
2043 1805 2192 1865 während

1216 1846 1313 1906 seines
1340 1846 1551 1906 Aufenthalts
1584 1849 1605 1909 in
1638 1850 1686 1910 dem
1725 1849 2017 1909 Großherzogthum
2055 1852 2195 1912 Toscana

202 1897 495 1957 Kammergericht,
522 1891 623 1951 Herrn
649 1888 706 1948 von
732 1885 904 1945 Dorville,
924 1884 955 1944 zu
982 1885 1065 1945 Dero
1085 1886 1186 1946 würk=
1219 1888 1282 1948 aus
1314 1888 1366 1948 dem
1405 1888 1557 1948 Kayserl.
1571 1894 1692 1954 Schatz
1718 1894 1800 1954 frey.
1846 1894 1935 1954 Eine
1961 1897 2107 1957 englische
2134 1897 2203 1957 Fre¬

1217 1934 1300 1994 gatte
1320 1932 1398 1992 liegt
1418 1933 1442 1993 in
1472 1933 1579 1993 unserm
1619 1936 1717 1996 Hafen
1747 1941 1805 2001 und
1830 1939 1903 1999 wird
1938 1942 2060 2002 ehstens
2090 1944 2148 2004 mit
2173 1945 2187 2005 4

1217 1978 1423 2038 Ingenieurs
1453 1978 1516 2038 nach
1546 1980 1594 2040 den
1625 1984 1791 2044 Corsischen
1821 1984 1933 2044 Küsten
1963 1984 2120 2044 absegeln,
2140 1989 2174 2049 um

1213 2025 1323 2085 selbige
1344 2023 1465 2083 sowohl
1486 2023 1531 2083 als
1558 2023 1603 2083 die
1623 2025 1760 2085 dortigen
1791 2025 1892 2085 Häfen
1918 2028 1948 2088 zu
1979 2031 2201 2091 untersuchen.

1213 2070 1308 2130 Drey
1333 2069 1393 2129 mit
1414 2067 1494 2127 Korn
1524 2068 1670 2128 beladene
1695 2070 1761 2130 hier
1781 2073 2022 2133 angekommene
2043 2079 2193 2139 englische

1216 2117 1345 2177 Schiffe
1373 2115 1567 2175 vermindern
1606 2117 1648 2177 die
1682 2119 1892 2179 Theurung,
1925 2122 2000 2182 weil
2022 2127 2190 2187 Neapolis

1215 2167 1275 2227 und
1303 2164 1352 2224 der
1375 2163 1591 2223 Kirchenstaat
1614 2169 1691 2229 gnug
1719 2171 1819 2231 damit
1842 2173 1979 2233 versehen
2013 2175 2090 2235 sind.

1285 2210 1550 2270 Einkiöping
1573 2217 1600 2277 in
1629 2220 1839 2280 Schweden,
1862 2223 1911 2283 den
1939 2223 2000 2283 29.
2018 2226 2122 2286 May.

1263 2258 1350 2318 Man
1384 2258 1439 2318 hat
1462 2261 1533 2321 hier
1561 2267 1610 2327 die
1634 2268 1738 2328 Kunst
1766 2270 1943 2330 erfunden,
1965 2273 2026 2333 aus
2054 2273 2197 2333 Hopfen=

1219 2308 1346 2368 stengeln
1374 2306 1440 2366 eine
1458 2308 1518 2368 Art
1541 2313 1590 2373 des
1613 2318 1740 2378 Hanfes
1762 2321 2012 2381 zuzubereiten,
2046 2323 2101 2383 aus
2129 2321 2200 2381 wel=

1210 2357 1273 2417 chem
1314 2354 1360 2414 sich
1389 2359 1667 2419 Fischergeräͤthe,
1691 2369 1939 2429 Pferdestränge
1974 2369 2032 2429 und
2061 2370 2199 2430 derglei¬

1214 2405 1278 2465 chen
1306 2402 1429 2462 Sachen
1462 2408 1548 2468 mehr
1570 2411 1624 2471 gar
1646 2415 1732 2475 wohl
1754 2417 1937 2477 verfertigen
1965 2417 2072 2477 laßen.

1314 2451 1485 2511 Torneo
1517 2457 1547 2517 in
1579 2461 1775 2521 Finnland,
1794 2464 1842 2524 den
1880 2463 1941 2523 21.
1967 2464 2089 2524 Aprill.

1267 2500 1305 2560 Am
1358 2500 1429 2560 1sten
1470 2504 1560 2564 dieses
1594 2511 1737 2571 Monats
1770 2512 1809 2572 ist
1836 2508 1881 2568 die
1902 2507 2025 2567 Sonne
2052 2512 2188 2572 gänzlich

1209 2548 1390 2608 verfinstert
1408 2554 1572 2614 gewesen;
1595 2559 1645 2619 der
1669 2560 1776 2620 Mond
1799 2557 1861 2617 war
1879 2554 1941 2614 hier
1964 2557 2020 2617 und
2043 2559 2071 2619 zu
2100 2558 2184 2618 Pello

1214 2597 1357 2657 beynahe
1385 2596 1396 2656 6
1429 2602 1578 2662 Minuten
1612 2607 1639 2667 im
1684 2606 1799 2666 Diseus
1828 2602 1877 2662 der
1900 2602 2065 2662 Sonnen.
2110 2608 2192 2668 Hie¬

1216 2643 1297 2703 selbst
1319 2644 1378 2704 und
1406 2648 1493 2708 gegen
1526 2655 1568 2715 die
1596 2654 1742 2714 Gränzen
1776 2649 1970 2709 Lapplandes
1998 2652 2090 2712 haben
2118 2655 2193 2715 eini=

1209 2696 1247 2756 ge
1269 2691 1463 2751 Beobachter
1492 2700 1502 2760 2
1531 2700 1624 2760 große
1647 2700 1797 2760 Sterne,
1819 2700 1952 2760 nämlich
1980 2700 2091 2760 Venus
2125 2700 2185 2760 und

1204 2793 1261 2853 hen
1287 2793 1434 2853 können.

2082 2847 2180 2907 Wan
