2034 2755
167 247 1032 299 gleich so dumm gemacht, daß er alsdenn nur glaubt
167 282 1026 338 im Besitze zu seyn, wenn er sich des begehrten wirk¬
174 323 1028 386 lich beraubt. Pyrrhus wuste sehr wohl, daß Tap¬
182 371 1030 425 ferkeit und Macht allgemeine Bewunderung erwer¬
176 410 1021 475 ben; er befolgte den Trieb der Ehrsucht ganz richtig
182 458 1032 512 und war nichts weiter als wofür ihn Cyneas hiel¬
176 492 1030 549 te, nemlich ein Thor. Wenn aber Nero sich dem
176 538 1021 588 öffentlichen Gespötte aussetzet, indem er von eine
180 577 1034 644 Bühne elende Verse abließt, um den Dichterpreiß zu
180 625 1037 685 erlangen, und noch am Ende seines Lebens sagt:
182 661 1037 714 quantus artifex morior! so sehe ich an diesem ge=
187 703 1032 768 fürchteten und ausgelachten Beherrscher von Rom
187 789 1030 846 für, daß alle Narrheit eigentlich auf zwo Leiden
191 831 1039 887 schaften gepropft sey, den Hochmuth und den Geitz.
187 874 1034 930 Beyde Neigungen sind ungerecht und werden daher
184 959 1041 1006 und ihr Zweck zerstöhrt sich selbst. Der Hochmüthi¬
191 1000 1041 1061 ge äußert eine unverdeckte Anmaßung des Vorzuges
195 1082 1034 1147 selben. Er glaubt geehrt zu seyn, indem er ausge
187 1119 1034 1175 pfiffen wird, denn es ist nichts klärer, als daß die
187 1165 1041 1217 Verachtung anderer dieser ihre eigene Eitelkeit gegen
187 1208 1045 1267 den Anmaßer empöre. Der Geitzige hat seiner Mei¬
187 1251 1041 1301 nung nach sehr viel nöthig und kann unmöglich das
184 1293 1039 1345 mindeste seiner Güter entbehren; er entbehrt indeßen
184 1336 1041 1390 wirklich ihrer aller, indem er durch Kargheit einen
191 1377 1045 1425 Beschlag auf dieselbe legt. Die Verblendung des
191 1416 1041 1470 Hochmuthes macht theils alberne, theils aufge¬
184 1455 1486 1507 blasene Narren, nachdem entweder läppische dabey lange aufzuhalten.
193 1494 1048 1555 Flatterhaftigkeit oder steife Dummheit in dem leeren
184 1542 1048 1598 Kopfe Besitz genommen hat. Die filzige Habsucht
187 1577 1054 1640 hat von je her zu viel lächerlichen Geschichten Anlaß
191 1620 1048 1685 gegeben, die schwerlich wunderlicher können ausgeson¬
191 1750 1048 1811 der Thor auf sich ziehet, ist lustig und schonend, der
191 1785 1052 1850 Narr verdient die schärfeste Geißel des Satyrs, allein
200 1833 1048 1887 er fühlt sie gleichwohl nicht. Man darf nicht gänz¬
200 1874 1048 1928 lich verzweifeln, daß ein Thor noch einmal gescheut
200 1915 1048 1980 werden könne, wer aber einen Narren klug zu machen
200 1956 1048 2019 gedenkt, wäschet einen Mohren. Die Ursache ist, daß
195 1997 1041 2052 bey jenem doch eine wahre und natürliche Neigung
200 2043 1050 2099 herrschet, welche die Vernunft allenfalls nur fesselt,
200 2082 1050 2132 bey diesem aber ein albernes Hirngespenst, das ihre
202 2125 1050 2182 Grundsätze umkehret. Ich überlaße es andern aus¬
206 2173 1056 2227 zumachen, ob man wirklich Ursache habe über die wun¬
200 2212 1048 2266 derliche Wahrsagung des Holbergs bekümmer
206 2245 1052 2312 zu seyn: daß nemlich der tägliche Anwachs der Nar¬
208 2292 1048 2349 ren bedenklich sey und fuͤrchten laße, sie koͤnnten es sich
202 2334 1056 2412 wohl noch in den Kopf setzen, die fünfte Monar¬
167 169 1911 269 zu fesseln vermag. Der Narr aber ist dadurch zu= chie zu stiften. Gesetzt aber, daß sie dieses auch im
1043 252 1911 297 Schilde führeten, so dürften sie sich gleichwohl nicht
1054 291 1906 358 so sehr beeifern; denn einer könte dem andern füglich
1045 338 1913 390 ins Ohr sagen, was der bekannte Possenreißer eines
1043 367 1909 429 benachbarten Hofes, als er in Narrenkleidern durch
1050 425 1911 477 eine pohlnische Stadt ritt, den Studenten zurief, die
1050 462 1909 507 ihm nachliefen: ” Ihr Herren seyd fleißig, lernet et¬
1054 499 1909 577 "was, denn wenn unser zu viel sind, so können wir
1054 540 1596 592 „nimmermehr alle Brod haben.
1089 570 1904 631 Ich komme von den Gebrechen des Kopfes, welche
1058 629 1909 674 verachtet und gehöhnet werden, zu denen, die man
1048 670 1915 727 gemeiniglich mit Mitleiden ansiehet, von denen, welche
1054 709 1909 759 die freye bürgerliche Gemeinschaft nicht aufheben, zu
182 753 1909 802 nichts besseres, als einen Narren. Ich halte da= denenjenigen, deren sich die obrigkeitliche Vorsorge
1050 792 1909 841 annimmt und um welcher willen sie Verfügungen
1056 839 1904 883 macht. Ich theile diese Krankheiten zwiefach ein
1058 876 1911 924 in die der Ohnmacht und in die der Verkehrtheit.
180 902 1909 974 gehasset, beyde sind ihrer Natur nach abgeschmackt Die erstere stehen unter der allgemeinen Benennung
1056 961 1924 1017 der Blödsinnigkeit, die zweyte unter dem Nah¬
1056 1004 1922 1052 men des gestöhrten Gemüths. Der Blödsin¬
184 1041 1922 1093 vor andere durch eine deutliche Geringschätzung der= nige befindet sich in einer großen Ohnmacht des Ge¬
1063 1084 1913 1132 dächtnißes, der Vernunft und gemeiniglich auch so
1063 1132 1922 1180 gar der sinnlichen Empfindungen. Dieses Uebel ist
1063 1173 1922 1228 mehrentheils unheilbar, denn wenn es schwer ist die
1063 1212 1913 1256 wilde Unordnungen des gestöhrten Gehirns zu heben,
1069 1254 1919 1303 so muß es beynahe unmöglich seyn in seine erstorbe¬
1065 1297 1926 1345 ne Organen ein nenes Leben zu gießen. Die Erschei¬
1067 1329 1926 1384 nungen dieser Schwachheit, welche den Unglücklichen
1063 1384 1919 1425 niemals aus dem Stande der Kindheit herausgehen
1065 1421 1919 1475 läßt, sind zu bekannt, als daß es nöthig wäre sich
1232 1503 1759 1598 (Die Fortsetzung folgt künftig.)
1412 1570 1585 1637 Berlin.
1117 1592 1922 1676 F. W. Birnstiel hat gedruckt: Die Staats¬
193 1661 1919 1720 nen werden als sie wirklich geschehen. Der Thor ist verwaltung des Herrn William Pitt in
191 1707 1924 1759 nicht weise, der Narr ist nicht klug. Der Spott, den und außer Großbritannien vor und wäh¬
1063 1744 1926 1809 rend seinem Staats=Secretariat unpar¬
1067 1794 1926 1841 theyisch erzählet und beurtheilt, 1763.
1067 1828 1922 1880 S. 325. in 8. Da diese Schrift einen Uebersetzer
1063 1869 1928 1926 gefunden; so wünscht derselbe vermuthlich auch Leser,
1063 1924 1926 1978 welche der Kupferstich des Herrn Pitts in einer et¬
1065 1958 1930 2008 was beweglichen Stellung selbst einzuladen scheint.
1065 1993 1930 2049 Nach einer Zueignungsschrift an den Grafen Temple
1074 2047 1922 2089 entdeckt der Geschichtschreiber gar bald, von welcher
1082 2080 1926 2147 Natur seines Helden Fähigkeiten zu Regierungsge¬
1082 2123 1928 2175 schäften gewesen. Weil ihn seine Glücksumstände
1074 2175 1928 2216 zu weiter nichts als zum Sitz im Unterhause des
1080 2210 1926 2262 Parlaments geschickt machten, so verschaften ihm sei¬
1074 2253 1930 2297 ne Freunde eine Bestallung bey der Armee, die er aber
1074 2295 1928 2340 nur bis 1737. bekleidete; denn die Bestechung stand
1074 2334 1930 2392 damals in einem so niedrigen Ansehen, daß man so
