2034 2755
65 139 928 230 gar einen Cornet, der kühn gnug war den Gehalt
65 211 917 272 des Prinzen von Wallis mit seiner Stimme zu ver
65 243 923 317 mehren, die Standarte aus den Händen nahm. Die¬
72 289 923 361 ser degradirte Cornet wurde nicht nur der Minister
72 332 923 398 seines Volks, sondern auch in den Augen unsers
65 378 923 439 Herolds, der Gott des Krieges, der Schutzgeist Eng¬
67 415 925 491 lands, der Leitstern seines Jahrhunderts, und was
952 169 1818 228 noch weit ärger ist, der Tert eines politischen Legenden¬
949 224 1808 274 schreibers, der mit der Staatsveränderung des Grafen
949 269 1808 315 von Bute die Dienstfertigkeit des deutschen Ueber¬
949 311 1808 363 setzers unterhalten hat und die Erwartung der Lesei
943 352 1810 400 nächstens übertreffen wird. Kostet in der Kanter¬
949 393 1808 445 schen Buchhandlung allhier, wie auch in Elbing und
943 437 1267 491 Mitau 2 fl. 24 gr.
267 526 719 613 Haag, den 1. Februar.
106 556 921 650 Gestern erfuhr man mit Ankunft der englischen
72 608 923 697 Briefe, daß der Erbprinz von Braunschweig und die
63 652 923 739 Prinzeßin Augusta, seine Gemalin, den 28ten Jan. bey
65 702 925 784 Aagang des Paquetboots sich zu Harwich befunden
67 745 928 826 haben, daß aber die Jacht, mit welcher Höchstdiesel¬
63 786 930 878 den nach Helvoetsluys überschiffen wollen, durch den
72 828 639 906 Sturm dort aufgehalten worden.
689 854 928 908 Der Capitain
65 910 928 991 che zu Helvoetsluys angekommen, sind der Meynung,
63 949 925 1045 daß die Jacht noch bis jetzt nicht in See gehen können.
272 1021 717 1075 London, vom 27. Jan.
102 1041 923 1110 Die Sache des Herrn Wilkes beschäftigte das Un=
65 1078 919 1160 terhaus den 1gten dieses Monats bis zum 20ten des
70 1123 923 1201 Morgens um 4 Uhr. Weil der Lord=Canzler Gicht¬
72 1169 917 1247 schmerzen hatte, präsidirte der Graf Mansfield den
56 1217 919 1286 23 d. im Ober=Parlement. Den Tag nach der Hoch=
65 1258 921 1325 geit des Erbprinzens von Braunschweig und der Prin=
59 1297 928 1369 geßin Augusta hatte die Warterin dieser Prinzeßin
65 1338 928 1412 die Ehre ihre Aufwartung zu machen, und überreich¬
67 1382 925 1456 te zugleich das erste paar Kinderschuhe, das Ihro
65 1414 1808 1501 Kronigl. Hoheit getragen hatte, die ihr dafür ein Ge=leute, bey einer Versammlung von 600 Mitgliedern
72 1460 923 1540 schenk von 100 Guineen machte. Den 19ten besuch=
67 1508 917 1575 te der Prinz von Braunschweig das Theater zu
65 1542 919 1610 Drury=Lane; woselbst viele Damen aus Neugierde
59 1595 919 1662 einen Platz mit 5 Guineen bezahlten. Unmittelbar
65 1627 925 1708 nach dem ersten Aufzuge des Stücks, verschwunden
74 1666 923 1745 Jhro Durchlauchten, (worüber kein geringes Auf¬
65 1710 925 1794 sehen entstand) kamen aber nach 3 Viertelstunden
65 1755 925 1836 wieder zum Vorschein. Man hat nachhero erfahren,
65 1781 925 1873 daß die Königl. Gesellschaft der Wissenschaften an
63 1834 917 1918 eden dem Tage eine Versammlung gehabt, und daß
65 1884 915 1979 der Prinz diese Gelegenheit nicht versäumen wollen
72 1912 461 1986 derselben beyzuwohnen.
506 1944 910 2003 Der Graf von Morton
70 1955 925 2036 der darin prasidirte, bewillkommte ihn mit einer fran¬
70 2001 919 2086 zösischen Anrede, die der Prinz in eben der Sprache
63 2042 917 2123 beantwortete, und der Gesellschaft die Erlaubnis gab
72 2088 923 2166 seinen Namen in ihr Buch einzutragen. Den 20ten
70 2129 919 2207 speiste das hohe Paar mit Ihro Majestäten im Hau
70 2166 919 2249 se der Königin, woselbst des Abends Concert war.
63 2205 923 2301 Den 21ten besah der Erbprinz die Bibliothek und
63 2251 928 2333 dazu gehörige Seltenheiten. Den 22ten war der
65 2292 928 2375 Hof zahlreicher als er seit 35 Jahr gewesen ist. Die
74 2333 928 2435 Prinzeßin von Braunschweig war in einem silbernen
956 528 1812 606 Brocat gekleidet, von dem die Elle 11 Guinees und
943 604 1812 647 20 Pfund ohne die Garnitur gewogen haben soll.
956 647 1805 687 Denselben Morgen begab sich der Erbprinz nach
949 678 1812 736 Hayes um den Herrn Pitt zu besuchen, der Gicht¬
958 723 1814 778 schmerzen hatte, und speiste nach diesem Besuch Mit¬
945 769 1805 817 tags bey dem Herzog von Newcastle. Den 22ter
945 797 1812 869 besahen Ihro Durchl. das Merkwürdigste im Tour
945 849 1812 906 und fuhren in Gesellschaft des Marquis von Gran¬
67 865 1808 945 des Paquetboots sowol als die übrigen Seeleute, wel= by, des Lord Berkeley, des Generals Townshend,
949 936 1812 991 und des Ritters Carl Frederick zu Wasser nach Green¬
949 982 1805 1030 wich, von hier zu Lande nach Woolwich und speiseten
949 1025 1808 1071 daselbst Mittags. Den 24ten speiste der Erbprinz
943 1067 1805 1114 bey dem Herzog von Cumberland, und des Abends
945 1108 1812 1156 gab man ein großes Festin im Concertsaal der Ma¬
943 1151 1812 1195 dame Conollay. Der Herzog von Cumberland be¬
949 1193 1818 1234 fand sich darauf mit mehr als 250. Personen von
949 1232 1816 1277 Adel. Der Prinz eröfnete mit der Herzogin von
945 1271 1812 1327 Richmond den Bal, der bis 6 Uhr des Morgens
943 1314 1104 1384 wahrete.
1151 1330 1597 1406 Dublin, den 17. Jan.
986 1369 1812 1458 Gestern beschloß die Innung der hiesigen Kauf¬
945 1488 1803 1534 einmüthig einen Aufnahmebrief in einer goldenen
952 1525 1808 1571 Büchse dem Lord Richter Pratt überreichen zu laßen
943 1571 1812 1619 und diesem Beyspiel folgte noch denselben Tag die
945 1608 1362 1675 Innung der Wundärzte.
1175 1621 1588 1705 Paris, den 26. Jan.
986 1682 1821 1740 Der König hat dem Cardinal von Choiseul die Ab¬
943 1734 1810 1790 tey von St. Bertin zu St. Omer ertheilt. Der neue
952 1777 1808 1827 General=Controleur der Finanzen, Herrn von Laverdy,
943 1821 1805 1868 erwirbt sich immer mehr den Beyfall des Publici.
949 1862 1816 1912 Man schickte ihm dieser Tagen einen künstlich gear¬
945 1905 1808 1951 beiteten Aufsatz von Zucker, auf dem ein Landmann
949 1951 1812 2001 vorgestellt war, der Gold säete mit der Devise: Il va
943 1992 1812 2042 reverdir. Der Herr de Ste. Foix, einer der ersten
949 2036 1808 2088 Commis beym Departement der auswärtigen Ge¬
956 2075 1812 2125 schäfte, ist an die Stelle des verstorbenen Herrn
949 2112 1812 2164 Moufle von Georville zum Schatzmeister der Marine
949 2157 1805 2207 ernennt worden, deßen Einnahme sich auf 800000.
943 2205 1810 2253 Livres belauft. Die Leute des Königs, denen das
952 2240 1814 2296 Parlament die Untersuchung einer Schrift aufgetra¬
945 2290 1810 2335 gen hatte, welche den Titel führt: Hirtenunterricht
943 2333 1812 2383 des Herrn Erzbischofs von Paris über die Eingriffe
943 2364 1814 2444 der weltlichen Gerichshöfe zum Nachtheil des Anse¬
1712 2416 1810 2485 bens
