2479 3508
624 1223 744 1283 27tes
790 1222 956 1282 Stück.
1018 1225 1230 1285 Freytag,
1268 1225 1335 1285 den
1382 1226 1434 1286 4.
1473 1225 1578 1285 May
1625 1225 1775 1285 1764.

407 1294 645 1354 Frankfurt
671 1292 733 1352 und
765 1294 953 1354 Leipzig.

228 1345 403 1405 Otto,
440 1345 677 1405 Buchhändler
705 1340 730 1400 in
767 1342 916 1402 Lindau,
948 1342 1004 1402 hat
1031 1342 1180 1402 verlegt:

223 1386 494 1446 :"Religiose
533 1389 721 1449 Gespräche
760 1387 815 1447 der
860 1386 1004 1446 Todten.
1065 1386 1175 1446 1763.

179 1430 270 1490 „S.
292 1440 379 1500 355,
401 1437 427 1497 in
455 1437 514 1497 8.”
575 1430 655 1490 Wir
683 1432 791 1492 wollen
824 1431 894 1491 eine
921 1432 1008 1492 kurze
1035 1431 1170 1491 Anzeige

186 1485 237 1545 der
264 1485 506 1545 unterredenden
538 1482 698 1542 Personen
730 1482 786 1542 und
812 1482 869 1542 von
895 1482 946 1542 dem
988 1479 1112 1539 Inhalt
1133 1477 1179 1537 ih¬

184 1536 231 1596 res
258 1536 502 1596 Gegenstandes
529 1536 634 1596 thun,
667 1533 826 1593 wiewohl
848 1533 979 1593 letzterer
1012 1530 1091 1590 nicht
1118 1528 1176 1588 im¬

189 1587 257 1647 mer
284 1587 443 1647 eigentlich
475 1587 639 1647 bestimmt
666 1584 787 1644 werden
820 1583 925 1643 kann,
957 1581 1031 1641 weil
1058 1581 1173 1641 heilige

185 1637 430 1697 Leidenschaften
459 1637 509 1697 den
537 1638 705 1698 Augapfel
722 1634 744 1694 so
773 1634 968 1694 verdrehen,
985 1633 1041 1693 daß
1064 1632 1092 1692 er
1115 1631 1187 1691 bis¬

188 1691 293 1751 weilen
321 1688 376 1748 gar
399 1688 622 1748 verschwindt.
667 1688 700 1748 I.
723 1686 984 1746 Augustinus
1018 1685 1073 1745 und
1107 1679 1185 1739 Pe¬

189 1739 337 1799 lagius
364 1736 501 1796 erklären
533 1739 581 1799 sich
608 1736 723 1796 wieder
756 1735 803 1795 die
820 1735 1026 1795 theologische
1053 1733 1184 1793 Hypo¬

187 1787 352 1847 thesen,
378 1785 423 1845 die
449 1784 518 1844 man
544 1784 574 1844 zu
600 1781 766 1841 Lehrsätzen
797 1781 842 1841 des
862 1778 1038 1838 Glaubens
1064 1781 1179 1841 macht,

191 1824 279 1884 „und
304 1831 348 1891 die
368 1828 583 1888 vorgegebene
603 1825 710 1885 Lücken
740 1824 789 1884 der
814 1822 1039 1882 Erkenntniß,
1064 1825 1176 1885 welche

195 1870 243 1930 „so
276 1879 351 1939 viele
373 1873 589 1933 Lichtpuncten
623 1869 676 1929 für
704 1867 752 1927 die
769 1867 930 1927 Ewigkeit
953 1870 1088 1930 abgeben
1115 1872 1185 1932 soll¬

190 1920 283 1980 "ten,
306 1925 394 1985 durch
417 1920 615 1980 schmacklose
638 1912 920 1972 Scholasticitäten
942 1915 1102 1975 ausfüllt,
1125 1918 1180 1978 an=

187 1970 294 2030 statt
311 1970 365 2030 daß
392 1968 435 2028 die
457 1964 591 2024 heiligen
619 1960 781 2020 Schriften
820 1960 846 2020 in
868 1960 954 2020 ihrem
1003 1963 1170 2023 besondern

181 2011 279 2071 und
310 2012 547 2072 bestimmtesten
584 2011 671 2071 Sinn
708 2011 754 2071 die
780 2008 924 2068 Modelle
956 2010 1028 2070 aller
1054 2011 1183 2071 religio¬

187 2056 260 2116 sen
298 2061 473 2121 Gedanken
516 2061 653 2121 abgeben
696 2058 844 2118 sollten."
930 2054 977 2114 II.
1004 2057 1184 2117 Cypria¬

192 2109 269 2169 nus
300 2109 362 2169 und
388 2109 619 2169 Donatus,
646 2109 743 2169 wider
775 2107 821 2167 den
857 2106 996 2166 Rigor
1028 2106 1079 2166 der
1100 2103 1182 2163 Kir¬

188 2163 370 2223 chenzucht,
404 2159 415 2219 "
438 2159 465 2219 zu
499 2163 588 2223 deren
622 2163 710 2223 guten
744 2157 939 2217 Verfassung
979 2154 1078 2214 zuerst
1112 2154 1178 2214 Ca=

192 2208 319 2268 nons
346 2211 504 2271 gehören,
532 2213 579 2273 die
601 2211 813 2271 vollkommen
840 2206 941 2266 sittlich
968 2202 1026 2262 und
1058 2203 1084 2263 so
1117 2201 1185 2261 ver¬

190 2260 339 2320 ständig
367 2263 455 2323 sind,
483 2263 537 2323 daß
577 2261 615 2321 sie
643 2258 725 2318 nicht
753 2256 935 2316 unthunlich
963 2250 1079 2310 werden
1112 2248 1184 2308 kön¬

189 2309 303 2369 snen;
344 2312 505 2372 zweytens
541 2309 651 2369 reine,
682 2309 877 2369 bedeutende
908 2303 968 2363 und
1009 2300 1174 2360 einfaltige

193 2363 503 2423 „Gebrauche."
567 2357 628 2417 III.
657 2357 821 2417 Arius,
856 2352 1025 2412 Faustus
1054 2346 1183 2406 Soci¬

192 2411 269 2471 nus
305 2411 362 2471 und
388 2411 538 2471 Plato,
574 2405 687 2465 wieder
719 2405 775 2465 alle
796 2402 951 2462 Theorien
982 2399 1002 2459 in
1034 2395 1085 2455 den
1116 2393 1183 2453 Ge¬

198 2461 376 2521 heimnissen
409 2457 452 2517 des
474 2454 669 2514 Glaubens.
713 2451 837 2511 "Man
865 2451 984 2511 nimmt
1001 2445 1043 2505 sich
1071 2444 1098 2504 so
1120 2443 1184 2503 viel

192 2502 372 2562 Freyheit
396 2506 418 2566 in
447 2503 628 2563 Ausübung
657 2501 747 2561 seiner
770 2503 957 2563 Pflichten,
986 2499 1036 2559 als
1065 2494 1093 2554 in
1122 2491 1184 2551 Ab¬

195 2552 340 2612 fassung
368 2554 465 2614 seiner
488 2551 681 2611 Gedanken.
731 2549 779 2609 Es
807 2551 844 2611 ist
866 2551 947 2611 keine
969 2543 1185 2603 Subordina¬

189 2598 279 2658 tion
311 2605 395 2665 mehr
417 2599 559 2659 zwischen
586 2599 633 2659 den
665 2599 791 2659 Haupt=
813 2600 871 2660 und
892 2593 1183 2653 Nebenbegriffen.

190 2643 287 2703 "Der
309 2652 440 2712 Glaube
462 2646 538 2706 wird
566 2647 592 2707 zu
620 2646 707 2706 einer
729 2649 974 2709 willkührlichen
1002 2642 1110 2702 Ethic,
1132 2641 1164 2701 de

200 2700 316 2760 »Altar
337 2700 390 2760 des
412 2697 570 2757 Ewigen,
592 2694 724 2754 welcher
751 2696 808 2756 kein
835 2698 967 2758 anderes
994 2691 1115 2751 Model
1132 2689 1179 2749 als

198 2748 275 2808 "sich
298 2750 391 2810 selber
414 2748 491 2808 hat,
520 2745 591 2805 nach
625 2742 708 2802 einem
753 2748 979 2808 mechanischen
1013 2742 1063 2802 der
1085 2739 1190 2799 Men¬

198 2801 300 2861 "schen
327 2799 591 2859 ausgezeichner,
613 2793 672 2853 und
700 2793 742 2853 die
770 2798 915 2858 Religion
948 2794 1028 2854 einer
1051 2790 1185 2850 Schrift

210 2857 375 2917 ähnlich,
399 2849 557 2909 worinnen
588 2847 669 2907 Züge
688 2847 776 2907 eines
801 2847 989 2907 Originals,
1001 2844 1059 2904 und
1096 2841 1177 2901 einer

1220 1295 1346 1355 "Copie
1377 1297 1440 1357 mit
1469 1296 1626 1356 einander
1661 1297 1829 1357 vermengt
1859 1294 1963 1354 sind."
2044 1288 2108 1348 IV.
2132 1293 2206 1353 Leo

1219 1342 1436 1402 Isaurus,
1463 1341 1514 1401 der
1541 1339 1826 1399 Bilderstürmer,
1847 1339 1893 1399 die
1920 1336 2075 1396 Kayserin
2112 1341 2215 1401 Ire¬

1204 1384 1281 1444 ne,
1308 1387 1577 1447 Melanchton
1615 1384 1677 1444 und
1708 1385 1754 1445 der
1781 1381 1962 1441 Erzbischof
1989 1387 2196 1447 Trautson

1209 1428 1330 1488 werden
1363 1431 1568 1491 aufgeführt,
1590 1431 1621 1491 um
1665 1431 1690 1491 zu
1717 1431 1839 1491 zeigen,
1855 1430 1929 1490 daß,
1945 1428 1992 1488 wo
2014 1429 2061 1489 die
2083 1434 2198 1494 Sitten

1214 1479 1335 1539 fehlen,
1347 1480 1412 1540 man
1440 1479 1467 1539 in
1496 1479 1545 1539 der
1563 1479 1705 1539 Religion
1734 1479 1783 1539 den
1811 1479 2026 1539 Aberglauben
2060 1482 2203 1542 bedürfe.

1211 1527 1249 1587 V.
1272 1530 1527 1590 Gregorius
1556 1530 1605 1590 der
1628 1530 1728 1590 große
1745 1528 1811 1588 und
1829 1527 2045 1587 Origines
2079 1530 2206 1590 bestim¬

1214 1578 1274 1638 men
1302 1581 1352 1641 den
1380 1581 1541 1641 religiosen
1569 1578 1674 1638 Werth
1702 1580 1752 1640 der
1775 1578 2035 1638 Gelehrsamkeit
2058 1578 2113 1638 und
2141 1580 2207 1640 Un¬

1208 1631 1406 1691 wissenheit.
1454 1631 1512 1691 VI.
1536 1631 1735 1691 Photius
1759 1628 1857 1688 aber,
1881 1628 1933 1688 der
1963 1628 2132 1688 Patriarch
2168 1628 2197 1688 zu

1217 1684 1483 1744 Constantinopel
1512 1682 1574 1742 und
1609 1682 1789 1742 Simeon
1830 1679 1880 1739 der
1916 1679 2113 1739 Stylite,
2142 1679 2198 1739 des

1218 1733 1303 1793 Hof=
1316 1733 1370 1793 und
1402 1733 1659 1793 Mönchlebens.
1702 1728 1775 1788 VII.
1801 1728 2033 1788 Erasmus,
2064 1730 2113 1790 als
2138 1727 2205 1787 Po¬

1215 1781 1411 1841 liceyrichter
1443 1781 1490 1841 der
1522 1781 1723 1841 moralischen
1755 1778 1844 1838 Welt
1872 1780 1929 1840 und
1956 1780 2130 1840 Luther,
2152 1777 2204 1837 der

1215 1825 1469 1885 Kirchenengel,
1496 1828 1654 1888 verstehen
1682 1828 1728 1888 sich
1755 1825 1908 1885 einander
1930 1828 1999 1888 noch
2026 1827 2126 1887 nicht,
2142 1828 2205 1888 und

1217 1870 1322 1930 zanken
1360 1870 1406 1930 sich
1445 1873 1476 1933 um
1524 1873 1635 1933 Mosis
1667 1874 1815 1934 Leichnam
1864 1875 1926 1935 und
1959 1874 2075 1934 Casars
2102 1874 2207 1934 Bart.

1217 1912 1299 1972 VIII.
1322 1915 1432 1975 Prinz
1455 1917 1610 1977 Moritz
1627 1920 1688 1980 und
1711 1921 1843 1981 Jacob
1871 1921 2098 1981 Arminius
2132 1921 2209 1981 wol¬

1210 1963 1256 2023 len
1287 1960 1375 2020 keine
1396 1964 1800 2024 Religionsstreitigkeiten
1838 1966 1925 2026 mehr
1946 1969 1977 2029 zu
2003 1969 2215 2029 Staatspar¬

1215 2008 1299 2068 teyen
1326 2008 1480 2068 erheben.
1528 2006 1592 2066 IX.
1619 2011 1788 2071 Eduard
1815 2013 1867 2073 der
1895 2011 1995 2071 sechste
2022 2014 2086 2074 und
2113 2017 2213 2077 Carl

1215 2058 1262 2118 der
1295 2055 1432 2115 zweyte,
1464 2052 1596 2112 Könige
1623 2052 1675 2112 von
1714 2055 1893 2115 England,
1920 2055 2026 2115 stellen
2063 2059 2121 2119 uns
2159 2062 2206 2122 die

1211 2103 1477 2163 Schulfüchserey
1518 2100 1568 2160 des
1597 2100 1705 2160 Hofes
1740 2103 1785 2163 als
1814 2103 1870 2163 den
1905 2102 2029 2162 Grund
2058 2107 2206 2167 mancher

1211 2150 1514 2210 Nationalschulden
1549 2151 1600 2211 vor
1624 2151 1755 2211 Augen.
1813 2151 1870 2211 X.

1920 2150 1989 2210 Die
2015 2154 2127 2214 Blicke
2148 2158 2197 2218 des

1220 2196 1332 2256 rohen
1355 2200 1592 2260 Parteygeistes
1615 2202 1734 2262 werden
1757 2205 1841 2265 durch
1864 2205 1943 2265 einen
1972 2205 2129 2265 Triumph
2153 2208 2197 2268 der

1221 2248 1395 2308 "Charitas
1420 2252 1601 2312 Christiana
1632 2255 1753 2315 belehrt
1778 2255 1837 2315 und
1862 2255 2061 2315 beschämt,"
2098 2256 2182 2316 indem

1220 2297 1356 2357 Mylord
1392 2300 1611 2360 Rochester
1642 2304 1741 2364 seinen
1778 2304 1985 2364 Beichtvater
2021 2308 2198 2368 Richard

1226 2345 1379 2405 Baxter
1403 2348 1551 2408 bekehrt.
1593 2354 1664 2414 XI.
1682 2354 1752 2414 Der
1771 2357 1895 2417 Herzog
1919 2357 1995 2417 von
2020 2357 2120 2417 Alba
2144 2357 2202 2417 und

1221 2393 1368 2453 Admiral
1391 2397 1458 2457 von
1487 2402 1667 2462 Coligni
1690 2405 1780 2465 reden
1809 2405 1865 2465 von
1899 2405 2057 2465 religiosen
2091 2407 2209 2467 Mani¬

1221 2443 1306 2503 festen
1338 2446 1399 2506 und
1430 2452 1664 2512 geharnischten
1702 2455 1868 2515 Aposteln.
1918 2451 1998 2511 XII.
2024 2452 2097 2512 Mit
2122 2454 2208 2514 einer

1214 2494 1314 2554 neuen
1338 2496 1533 2556 Bothschaft
1551 2503 1610 2563 aus
1640 2503 1687 2563 der
1717 2503 1882 2563 religiosen
1906 2497 1994 2557 Welt
2018 2500 2095 2560 wird
2125 2500 2213 2560 Til¬

1220 2544 1344 2604 lotson
1374 2545 1433 2605 vom
1476 2551 1659 2611 Tyndall
1678 2548 1920 2608 bewillkommt,
1939 2551 1991 2611 und
2017 2550 2069 2610 mit
2093 2551 2211 2611 folgen¬

1217 2593 1264 2653 der
1295 2596 1516 2656 Betrachtung
1546 2602 1749 2662 beurlaubt:
1792 2599 1809 2659 "
1827 2595 1916 2655 Man
1953 2599 2036 2659 sollte
2060 2598 2203 2658 zwischen

1220 2638 1326 2698 "einer
1350 2643 1456 2703 bloßen
1486 2650 1723 2710 Metaphysick,
1741 2648 1800 2708 und
1830 2646 1883 2706 dem
1925 2646 2119 2706 erhabensten
2150 2645 2208 2705 Zu¬

1249 2692 1498 2752 sammenhange
1521 2697 1571 2757 der
1594 2700 1707 2760 Rechte
1731 2696 1792 2756 und
1816 2694 2036 2754 Verhaltnisse
2059 2691 2110 2751 des
2139 2691 2211 2751 reli¬

1239 2739 1342 2799 giosen
1366 2745 1533 2805 Menschen
1563 2748 1620 2808 und
1644 2742 1805 2802 Christen,
1823 2742 1903 2802 einen
1927 2739 2118 2799 Unterscheid
2142 2739 2187 2799 ma

1243 2790 1340 2850 chen,
1367 2793 1428 2853 und
1465 2799 1600 2859 niemals
1637 2795 1693 2855 auf
1719 2791 1801 2851 einen
1849 2790 2061 2850 undeutlichen
2098 2787 2211 2847 Calcul

1246 2843 1297 2903 des
1326 2844 1393 2904 blos
1410 2847 1710 2907 Wahrscheinlichen
1739 2844 1789 2904 die
1807 2841 1903 2901 große
1921 2833 2203 2893 Angelegenheiten

2097 2888 2205 2948 'seines
