2479 3508
625 1240 745 1300 28tes
791 1240 957 1300 Stück.
1019 1240 1245 1300 Montag,
1276 1240 1343 1300 den
1389 1241 1442 1301 7.
1473 1240 1578 1300 May
1625 1242 1775 1302 1764.

588 1309 777 1369 Berlin.

286 1366 363 1426 W.
389 1360 646 1420 Burmanns
683 1360 796 1420 Fabeln
838 1354 899 1414 und
936 1357 1177 1417 Erzehlungen.
1214 1354 1296 1414 zwey
1322 1354 1502 1414 geworfen.

263 1402 317 1462 .6
339 1404 452 1464 Bogen
479 1404 506 1464 in
534 1404 614 1464 8vo.
642 1402 739 1462 Diese
767 1402 847 1462 schon
875 1402 901 1462 im
940 1402 1064 1462 vorigen
1092 1402 1177 1462 Jahr

180 1457 206 1517 in
232 1455 377 1515 Winters
399 1449 513 1509 Verlag
540 1449 821 1509 herausgegebene
837 1447 951 1507 Fabeln
973 1446 1029 1506 sind
1051 1446 1071 1506 in
1098 1449 1170 1509 zwey

185 1508 318 1568 Bücher
345 1500 541 1560 abgetheilt,
568 1499 626 1559 und
664 1496 721 1556 alle
749 1495 774 1555 in
812 1495 1061 1555 ungebundener
1089 1494 1173 1554 Rede

181 1556 326 1616 verfaßt.
378 1548 495 1608 Einige
524 1548 608 1608 zwar
631 1548 687 1608 sind
715 1548 816 1608 weder
839 1545 889 1605 der
907 1548 1087 1608 Erfindung
1110 1545 1176 1605 noch

186 1610 236 1670 dem
270 1603 448 1663 Zuschnitte
471 1602 538 1662 nach
567 1599 773 1659 vollkommen
807 1599 886 1659 neu,
903 1599 930 1659 es
959 1599 1115 1659 herrschet
1138 1596 1182 1656 in¬

186 1711 317 1771 Kenner
339 1705 460 1765 werden
493 1703 536 1763 die
559 1703 635 1763 erste
658 1700 817 1760 beständig
850 1700 904 1760 der
927 1700 1042 1760 letztern
1075 1700 1190 1760 vorzu¬

197 1760 304 1820 ziehen
339 1755 460 1815 wissen.
516 1752 637 1812 Unsere
664 1751 745 1811 Leser
773 1751 881 1811 mögen
923 1751 1010 1811 selbst
1038 1754 1092 1814 aus
1126 1750 1173 1810 den

194 1806 358 1866 folgenden
387 1802 432 1862 die
455 1799 585 1859 übrigen
614 1796 830 1856 beurtheilen.

408 1844 488 1904 Der
515 1842 638 1902 Fuchs
676 1840 735 1900 und
768 1839 822 1899 der
849 1837 967 1897 Esel.

242 1891 312 1951 Der
337 1893 442 1953 Fuchs
467 1891 531 1951 war
555 1885 721 1945 ungemein
751 1882 933 1942 aufgelegt,
958 1884 1004 1944 sich
1034 1885 1093 1945 mit
1111 1887 1163 1947 dem

197 1948 271 2008 Esel
289 1941 485 2001 abzugeben.
531 1933 617 1993 Was
641 1928 762 1988 machen
791 1929 854 1989 sie,
878 1927 964 1987 Herr
987 1930 1085 1990 Esel?
1114 1930 1154 1990 fin

191 1996 221 2056 er
257 1993 291 2053 an
327 1990 356 2050 zu
392 1981 581 2041 schwatzen,
617 1972 627 2032 —

688 1975 770 2035 leben
807 1972 842 2032 sie
874 1972 977 2032 noch?
1024 1974 1075 2034 der
1106 1975 1183 2035 Esel

189 2036 340 2096 schwieg.
391 2028 472 2088 Wem
511 2023 643 2083 gehören
681 2023 756 2083 denn
795 2023 870 2083 diese
890 2020 1021 2080 Lasten,
1054 2023 1103 2083 die
1129 2023 1179 2083 ihr

183 2079 400 2139 kreuzbraver
422 2073 542 2133 Puckel
564 2072 672 2132 trägt?
717 2070 771 2130 der
793 2070 869 2130 Esel
886 2070 1033 2130 schwieg.
1082 2070 1179 2130 Sind

198 2131 237 2191 sie
255 2124 334 2184 schon
369 2121 430 2181 sehr
459 2124 527 2184 alt?
556 2123 629 2183 Sie
652 2121 736 2181 sehen
766 2121 788 2181 ja
811 2121 889 2181 schon
925 2118 986 2178 sehr
1009 2118 1083 2178 grau
1112 2118 1184 2178 aus,

184 2175 271 2235 Herr
295 2172 388 2232 Esel!
412 2172 487 2232 Der
512 2172 587 2232 Esel
606 2174 751 2234 schwieg.
798 2172 915 2232 Haben
945 2166 980 2226 sie
1004 2166 1073 2226 noch
1097 2166 1178 2226 viele

187 2226 312 2286 Herren
343 2223 504 2283 Brüder?
546 2225 618 2285 Ja,
642 2223 701 2283 rief
732 2223 785 2283 der
816 2220 1013 2280 verdrüßlich
1043 2217 1186 2277 werden¬

190 2277 230 2337 de
264 2276 358 2336 Esel.

422 2320 610 2380 Jupiter
644 2316 702 2376 und
735 2318 787 2378 der
813 2314 950 2374 Löwe.

237 2370 317 2430 Der
341 2372 427 2432 Blitz
446 2370 543 2430 schlug
567 2366 595 2426 in
625 2366 671 2426 die
689 2365 770 2425 Höle
788 2367 840 2427 des
869 2364 1106 2424 majestätischen
1136 2357 1181 2417 Lö¬

187 2422 275 2482 wen.
322 2421 400 2481 Der
422 2414 677 2474 unerschrockene
703 2411 786 2471 ward
813 2417 963 2477 hierüber
995 2414 1021 2474 im
1058 2409 1167 2469 gering

191 2468 251 2528 sten
285 2467 368 2527 nicht
385 2464 618 2524 beunruhiget.
663 2461 779 2521 Löwe!
813 2463 873 2523 rief
896 2464 946 2524 der
969 2460 1063 2520 große
1086 2458 1185 2518 Jupi¬

188 2515 252 2575 ter,
275 2515 394 2575 zitterst
416 2512 448 2572 du
476 2513 530 2573 vor
558 2511 671 2571 meinen
704 2509 823 2569 Blitzen
851 2512 948 2572 nicht,
971 2512 1014 2572 die
1036 2511 1095 2571 ich,
1118 2506 1171 2566 dich

835 2563 993 2623 Zittern?
1029 2559 1094 2619 rief
1129 2556 1181 2616 der

188 2568 220 2628 zu
258 2563 466 2623 verderben,
504 2558 711 2618 schleudere?

426 2608 474 2668 ich
507 2609 587 2669 finde
621 2608 723 2668 keinen
756 2608 874 2668 Grund
907 2613 934 2673 in
967 2611 1053 2671 mir,
1075 2608 1107 2668 zu
1135 2603 1188 2663 zit¬

192 2611 343 2671 Große,

187 2664 249 2724 tern
290 2661 301 2721 —
359 2657 398 2717 ich
428 2657 474 2717 bin
497 2655 675 2715 unschuldig
705 2655 761 2715 und
785 2655 831 2715 Du
866 2660 922 2720 bist
940 2657 1078 2717 gerecht.

379 2703 453 2763 Der
484 2705 582 2765 Affe
612 2703 675 2763 und
705 2703 757 2763 der
786 2710 1007 2770 Spiegel.

238 2758 310 2818 Der
335 2754 401 2814 Affe
433 2754 517 2814 ward
542 2751 615 2811 sehr
634 2753 822 2813 ungehalten
859 2760 931 2820 über
956 2757 1010 2817 sein
1035 2751 1175 2811 Bildnis

196 2813 222 2873 im
262 2808 425 2868 Spiegel.
465 2802 484 2862 O
524 2803 556 2863 du
590 2802 773 2862 Betruger,
800 2806 904 2866 sprach
931 2809 957 2869 er
984 2807 1048 2867 voll
1062 2802 1186 2862 Wuth,

203 2865 258 2925 das
280 2864 342 2924 soll
350 2861 392 2921 ich
414 2858 505 2918 seyn,
534 2857 575 2917 ich
598 2852 717 2912 schöner
746 2855 837 2915 Affe?
873 2852 886 2912 —
951 2855 1091 2915 Erfahre
1113 2852 1176 2912 dein

1210 1312 1371 1372 gerechtes
1394 1312 1573 1372 Schicksal!
1596 1312 1747 1372 Plötzlich
1776 1312 1879 1372 wurde
1909 1312 1960 1372 der
1978 1312 2122 1372 Spiegel
2140 1312 2209 1372 ent¬

1251 1396 1368 1456 Diesem
1419 1399 1581 1459 Geschöpf
1616 1396 1654 1456 ist
1688 1396 1755 1456 eine
1789 1401 1884 1461 stolze
1919 1403 2203 1463 Empfindlichkeit

1204 1443 1277 1503 noch
1300 1444 1333 1504 zu
1362 1446 1538 1506 vergeben,
1567 1446 1640 1506 aber
1663 1446 1748 1506 wenn
1777 1449 1839 1509 erst
1862 1449 1873 1509 —
1936 1449 2026 1509 Soll
2044 1454 2083 1514 ich
2106 1454 2196 1514 mehr

1209 1491 1338 1551 sagen?

1551 1537 1629 1597 Der
1663 1543 1858 1603 Phönix.

1250 1593 1505 1653 Jahrhunderte
1529 1593 1631 1653 waren
1660 1593 1848 1653 verflossen,
1872 1596 1928 1656 seit
1952 1596 2042 1656 denen
2071 1596 2116 1656 sich
2145 1600 2196 1660 der

184 1659 274 1719 dessen
314 1655 336 1715 in
377 1652 427 1712 den
468 1652 593 1712 meisten
622 1649 706 1709 mehr
735 1649 843 1709 Natur
878 1649 922 1709 als
951 1649 1082 1709 Kunst,
1111 1649 1167 1709 und
1208 1645 1281 1705 rare
1304 1643 1435 1703 Phönix
1459 1643 1537 1703 nicht
1561 1643 1645 1703 hatte
1663 1643 1748 1703 sehen
1777 1643 1885 1703 laßen.
1914 1643 2044 1703 Endlich
2073 1646 2197 1706 erschien

1208 1696 1258 1756 er.
1304 1693 1388 1753 Voll
1413 1694 1514 1754 seines
1537 1694 1673 1754 Stolzes
1708 1693 1787 1753 über
1816 1696 1872 1756 das
1907 1694 1997 1754 frohe
2021 1697 2202 1757 Gedränge

1211 1743 1283 1803 aller
1311 1744 1478 1804 Gefieder,
1501 1745 1545 1805 die
1567 1745 1611 1805 ihn
1646 1745 1834 1805 ehrerbietig
1857 1745 2146 1805 bewillkommten,
2158 1747 2174 1807 -

1208 1791 1274 1851 rief
1297 1791 1351 1851 er:
1380 1791 1468 1851 Was
1508 1792 1546 1852 ist
1575 1793 1757 1853 seltsamer,
1791 1793 1840 1853 als
1874 1793 1946 1853 ich?
1991 1796 2113 1856 Nennt
2141 1799 2202 1859 mir

1211 1837 1314 1897 etwas
1353 1837 1532 1897 seltsamers

1671 1840 1804 1900 alsdenn
1857 1839 1931 1899 will
1959 1840 2000 1900 ich
2043 1845 2107 1905 mir
2145 1846 2202 1906 das

1210 1882 1379 1942 Schicksal
1406 1884 1490 1944 selbst
1522 1885 1749 1945 wiederfahren
1786 1885 1902 1945 laßen,
1929 1888 2013 1948 nicht
2040 1894 2129 1954 mehr
2162 1894 2193 1954 zu

1214 1927 1314 1987 seyn.

1473 1926 1563 1986 Ach!
1595 1933 1743 1993 Freunde
1776 1933 1839 1993 sind
1871 1934 2030 1994 seltsamer
2062 1940 2109 2000 als
2147 1942 2205 2002 du,

1212 1975 1312 2035 klagte
1347 1970 1407 2030 und
1438 1970 1503 2030 rief
1534 1974 1599 2034 eine
1629 1978 1780 2038 verlaßne
1811 1979 2017 2039 Philomele.
2043 1982 2057 2042 —
2123 1987 2198 2047 Der

1213 2017 1342 2077 Phönix
1364 2017 1504 2077 schwang
1532 2017 1574 2077 sich
1602 2019 1629 2079 in
1662 2023 1921 2083 Sonnenwege,
1948 2025 2007 2085 und
2046 2031 2099 2091 hat
2132 2034 2202 2094 sich,

1211 2067 1367 2127 beschämt
1389 2061 1399 2121 —
1466 2064 1530 2124 noch
1563 2064 1644 2124 nicht
1666 2067 1780 2127 wieder
1807 2069 1888 2129 sehen
1921 2070 2029 2130 laßen.
2079 2079 2192 2139 Kosten

1211 2115 1238 2175 in
1266 2115 1315 2175 der
1338 2109 1542 2169 Kanterschen
1565 2113 1824 2173 Buchhandlung
1852 2115 1962 2175 allhier
1990 2118 2045 2178 wie
2068 2125 2139 2185 auch
2167 2128 2189 2188 in

1212 2160 1328 2220 Elbing
1352 2158 1409 2218 und
1433 2160 1543 2220 Mitau
1573 2162 1607 2222 27
1626 2164 1677 2224 gr.

1602 2220 1801 2280 Leipzig.

1265 2261 1328 2321 M.
1346 2258 1391 2318 G.
1415 2265 1634 2325 Weidmanns
1657 2272 1761 2332 Erben
1790 2273 1847 2333 und
1877 2273 1968 2333 Reich
2004 2276 2095 2336 haben
2131 2278 2199 2338 ver¬

1213 2309 1301 2369 legt:
1327 2312 1508 2372 "Briefe
1548 2320 1616 2380 der
1642 2323 1748 2383 Lady
1787 2323 1931 2383 Marie
1963 2324 2195 2384 Worthley

1216 2360 1509 2420 „Montague,
1544 2369 1698 2429 während
1727 2372 1815 2432 ihren
1849 2372 1960 2432 Reisen
1994 2372 2021 2432 in
2055 2378 2210 2438 Eurcpa,

1211 2401 1304 2461 "Asia
1338 2411 1393 2471 und
1416 2416 1537 2476 Afrika,
1555 2419 1587 2479 an
1621 2420 1781 2480 Personen
1810 2422 1864 2482 von
1892 2422 2047 2482 Stande,
2065 2424 2208 2484 Gelehr¬

1212 2448 1265 2508 "te
1292 2458 1328 2518 rc.
1355 2458 1381 2518 in
1413 2466 1639 2526 verschiedenen
1667 2470 1798 2530 Theilen
1830 2469 1882 2529 von
1904 2469 2030 2529 Europa
2057 2471 2205 2531 geschrie¬

1210 2500 1316 2560 "ben;
1343 2509 1454 2569 welche
1481 2515 1576 2575 außer
1603 2518 1714 2578 andern
1741 2516 2086 2576 Merkwürdigkeiten,
2097 2521 2203 2581 Nach¬

1214 2555 1349 2615 "richten
1390 2560 1440 2620 von
1481 2564 1531 2624 der
1555 2569 1868 2629 Staatsverfassung
1908 2566 1964 2626 und
1999 2566 2049 2626 den
2084 2569 2197 2629 Sitten

1212 2597 1285 2657 "der
1308 2608 1433 2668 Türken
1462 2615 1655 2675 enthalten;
1684 2617 1746 2677 aus
1770 2617 1912 2677 Quellen
1947 2617 2128 2677 geschöpft,
2151 2617 2202 2677 die

1207 2645 1285 2705 "für
1309 2655 1424 2715 andere
1449 2663 1606 2723 Reisende
1637 2664 1866 2724 unzugänglich
1898 2664 2055 2724 gewesen.
2092 2663 2200 2723 1763.

1215 2698 1347 2758 Erster
1368 2707 1480 2767 Theil,
1494 2712 1550 2772 S.
1564 2713 1645 2773 100.
1671 2712 1816 2772 Zweyter
1836 2709 1949 2769 Theil,
1963 2709 2012 2769 S.
2026 2709 2082 2769 96.
2109 2709 2209 2769 Drit=

1230 2751 1289 2811 "ter
1314 2754 1434 2814 Theil,
1471 2758 1525 2818 S.
1544 2761 1603 2821 80.
1628 2763 1657 2823 in
1688 2756 1791 2816 8vo."
1858 2760 1929 2820 Auf
1960 2757 2026 2817 eine
2057 2757 2201 2817 Vorrede

1221 2802 1277 2862 von
1312 2804 1396 2864 einem
1443 2810 1703 2870 Frauenzimmer
1726 2806 1771 2866 A.
1788 2805 1851 2865 M.
1879 2805 2066 2865 geschrieben
2095 2808 2207 2868 1724.

1220 2855 1303 2915 folgt
1328 2855 1387 2915 eine
1412 2861 1586 2921 Nachricht
1611 2858 1658 2918 des
1683 2858 1851 2918 englischen
1876 2854 2134 2914 Herausgebers,
2153 2854 2206 2914 der

2153 2905 2219 2965 mit
