2479 3508
268 373 343 433 Fein
379 377 520 437 schnitzte
555 374 690 434 Colbert
720 374 766 434 die
796 377 965 437 Pilaster;

275 423 352 483 Der
384 425 515 485 kranken
557 423 787 483 Staatskunst
813 426 959 486 Podalir

276 473 364 533 War
392 473 441 533 die
476 473 619 533 Abigail
648 472 702 532 von
741 473 835 533 Cyr;

584 573 735 633 roaster.

280 641 354 701 Der
381 646 558 706 Character
579 646 691 706 unsers
713 646 819 706 schwer
847 646 872 706 zu
905 646 1070 706 treffenden
1102 649 1246 709 Monar¬

229 692 300 752 chen
345 694 383 754 ist
406 694 433 754 in
472 697 643 757 folgenden
682 697 787 757 Zügen
821 697 853 757 zu
887 697 1058 757 entwerfen
1091 700 1240 760 gewaget

227 742 405 802 worden:

327 816 837 876 Vergöttrungslarvengrößrer
871 819 978 879 Held!

278 865 443 925 Original
470 864 539 924 voll
567 864 791 924 Hypothesen,

283 912 391 972 Blitz,
413 912 713 972 undurchschaubar
741 913 795 973 für
828 912 876 972 die
904 912 1012 972 Welt,

281 960 472 1020 Problem,
500 963 531 1023 zu
569 960 718 1020 knotreich
757 960 959 1020 aufzulösen,

285 1007 403 1067 Kern,
425 1009 638 1069 unenthülset
666 1007 719 1067 für
752 1009 799 1069 die
826 1009 917 1069 Zeit,

280 1055 502 1115 Kosmopolit
528 1055 580 1115 der
611 1052 797 1112 Ewigkeit,

280 1101 354 1161 Den
392 1101 513 1161 Geist,
540 1100 593 1160 vor
626 1100 678 1160 dem
727 1100 774 1160 sich
812 1100 945 1160 Kronen
977 1102 1120 1162 beugen,

281 1152 351 1212 Aus
389 1151 482 1211 dessen
520 1146 651 1206 Strahl
678 1148 727 1208 ihr
761 1148 907 1208 Abglanz
940 1148 1048 1208 quillt,

283 1198 342 1258 Als
377 1200 420 1260 ein
460 1198 508 1258 ihn
542 1196 718 1256 schildernd
752 1195 933 1255 Ebenbild,

230 1249 332 1309 Wenn
385 1250 419 1310 er
460 1249 516 1309 den
575 1246 781 1306 Todesstaub
822 1245 896 1305 Dir
937 1246 1166 1306 abgehaucht,

585 1297 718 1357 zeigen.

284 1372 431 1432 Hierauf
460 1372 538 1432 folgt
568 1372 635 1432 eine
659 1372 880 1432 Schilderung
920 1372 971 1432 vom
1017 1374 1164 1434 Einzuge
1187 1374 1237 1434 des

230 1422 361 1482 Königs
390 1422 418 1482 in
447 1422 561 1482 Berlin
590 1422 612 1482 in
648 1422 739 1482 diesen
773 1422 842 1482 drey
871 1420 1071 1480 Strophen.

336 1491 426 1551 Mich
460 1492 539 1552 reizt
568 1491 659 1551 Dein
693 1493 909 1553 heimgesucht
938 1491 1073 1551 Berlin,

278 1542 369 1602 Halb
403 1543 570 1603 meütrend
604 1542 756 1602 freudig,
778 1542 864 1602 Dich
898 1544 930 1604 zu
963 1542 1071 1602 sehen.

285 1590 359 1650 Die
386 1590 497 1650 Stadt
529 1587 581 1647 eilt
609 1588 666 1648 vor
699 1590 756 1650 das
794 1587 883 1647 Thor
916 1592 947 1652 zu
980 1590 1090 1650 ziehn,

286 1634 361 1694 Den
394 1637 535 1697 frühsten
575 1634 666 1694 Blick
695 1634 765 1694 nach
798 1631 874 1691 Dir
902 1637 933 1697 zu
967 1637 1102 1697 drehen.

289 1682 413 1742 Scherz
442 1685 571 1745 gaukelt
600 1682 715 1742 lockrer
744 1682 878 1742 Knaben
917 1679 1070 1739 Schaar,

284 1729 391 1789 Dicht
416 1730 499 1790 stellt
524 1727 567 1787 ein
607 1726 768 1786 Schwarm
818 1722 886 1782 Dir
921 1722 1072 1782 Männer
1102 1726 1174 1786 dar,

283 1775 469 1835 Neugierig
501 1772 661 1832 Mütter,
689 1769 800 1829 schwer
834 1769 886 1829 von
924 1769 1094 1829 Kindern,

285 1821 390 1881 Bunt
423 1822 507 1882 putzt
534 1819 592 1879 vom
641 1819 889 1879 Friedensband
921 1820 963 1880 ein
1001 1822 1138 1882 Straus

281 1873 364 1933 Das
392 1873 622 1933 Schnitzwerk
650 1868 785 1928 Deines
813 1870 919 1930 Hofes
953 1871 1031 1931 aus,

223 1924 379 1984 Anchisen
424 1924 542 1984 scheint
574 1922 661 1982 Dein
706 1921 806 1981 Gruß
856 1925 906 1985 der
945 1927 1057 1987 Jahre
1095 1927 1169 1987 Last

588 1975 761 2035 mindern.

330 2068 391 2128 So
425 2070 519 2130 wiegt
548 2072 597 2132 sich
632 2070 731 2130 Titan
765 2072 826 2132 aus
860 2070 910 2130 dem
961 2070 1060 2130 Meer

278 2122 343 2182 Auf
372 2121 619 2181 Chrysopasnem
669 2120 960 2180 Sonnenwagen,

283 2171 408 2231 Aurora
447 2169 562 2229 hüpfet
591 2166 650 2226 vor
679 2166 733 2226 ihm
778 2167 832 2227 her

290 2214 364 2274 Der
391 2214 486 2274 Welt
513 2214 566 2274 den
603 2212 831 2272 Morgengruß
869 2214 900 2274 zu
933 2217 1043 2277 sagen.

283 2259 373 2319 Sein
406 2259 502 2319 Auge
529 2258 625 2318 funkt
652 2255 802 2315 electrisch
835 2261 930 2321 Licht.

286 2309 382 2369 Huld
417 2306 529 2366 lächelt
553 2302 728 2362 Grübchen
762 2303 813 2363 ins
847 2311 988 2371 Gesicht,

286 2358 358 2418 Der
386 2354 626 2414 Thränenthau
666 2353 715 2413 der
744 2354 838 2414 Welt
861 2363 1090 2423 entschleichet,

282 2407 580 2467 Brunstwiehernd
613 2402 764 2462 schnauft
791 2405 841 2465 das
874 2408 949 2468 Roß
982 2410 1039 2470 vor
1071 2411 1140 2471 Lust

294 2459 424 2519 Bäumt
458 2456 511 2516 auf
539 2451 593 2511 den
632 2449 719 2509 Hals
747 2449 762 2509 —

812 2455 918 2515 wölbt
945 2458 1003 2518 aus
1036 2458 1084 2518 die
1116 2458 1228 2518 Brust

238 2508 348 2568 Trabt
378 2502 716 2562 Schenkelwechselnd
752 2496 821 2556 stolz

906 2506 1066 2566 schnarcht

1146 2512 1237 2572 spitzt

590 2552 647 2612 das
680 2549 750 2609 Ohr
783 2545 795 2605 —

851 2551 981 2611 stampft
1010 2554 1021 2614 -

1073 2560 1210 2620 keichet.

328 2649 498 2709 Verjüngt
528 2652 618 2712 fliegt
648 2647 881 2707 Schleyerfrey
916 2644 967 2704 vom
1019 2652 1093 2712 Flor

283 2700 457 2760 Penelope
485 2700 549 2760 mit
572 2698 713 2758 keuschem
764 2694 872 2754 Blicke

285 2749 434 2809 Ulyssens
466 2748 557 2808 ofnem
605 2748 668 2808 Arm
717 2746 817 2806 zuvor

283 2797 398 2857 Bebt,
420 2797 436 2857 —
497 2799 606 2859 drückt
629 2798 683 2858 ihn
722 2797 765 2857 ein

865 2790 932 2850 und
961 2793 1061 2853 prallt
1090 2802 1235 2862 zurücke.

282 2847 355 2907 Ihr
384 2849 479 2909 Auge
508 2847 632 2907 jauchzt
656 2844 666 2904 —
730 2848 780 2908 die
809 2841 956 2901 Wangen
990 2841 1086 2901 blühn

711 2897 768 2957 die
794 2897 916 2957 Hände
948 2891 1043 2951 glühn
1076 2888 1088 2948 —

278 2896 351 2956 Der
389 2900 494 2960 Busen
538 2899 630 2959 wallt

1325 380 1562 440 Abglittschend
1598 383 1770 443 schlüpfrig
1801 386 1942 446 taumeln
1980 386 2097 446 Küsse.

1326 430 1417 490 Ach!
1439 431 1569 491 stottert
1591 434 1628 494 sie
1662 432 1672 492 —
1737 434 1829 494 Mein
1862 431 1877 491 -

1931 434 2039 494 Mein
2079 435 2188 495 Ulyß!

1324 475 1409 535 Bist
1438 478 1471 538 du
1506 479 1567 539 es?
1602 479 1613 539 —
1670 484 1720 544 Ja
1755 484 1788 544 du
1823 482 1901 542 bists
1930 485 2060 545 gewiß!

227 525 280 585 An
314 522 565 582 Friedrichs
600 521 771 581 Piedestal
792 524 871 584 ruht
899 527 1031 587 Bayl',
1051 527 1150 587 Lock,
1178 532 1237 592 Zo=
1278 530 1364 590 So,
1404 533 1556 593 Numa,
1597 530 1769 590 klammert
1803 535 1855 595 sich
1896 535 1962 595 dein
2002 534 2095 594 Volk
2129 536 2181 596 dir
2222 534 2261 594 um

1622 577 1675 637 die
1702 579 1814 639 Füße.

1328 649 1407 709 Das
1432 652 1530 712 ganze
1549 652 1690 712 Gedicht
1709 652 1782 712 wird
1813 655 1978 715 dergestalt
2004 657 2205 717 beschlossen:

1373 721 1452 781 Das
1487 725 1766 785 tausendzüngige
1801 724 1948 784 Gerücht

1326 770 1469 830 Klatscht
1497 774 1558 834 mit
1586 775 1641 835 dem
1686 777 1990 837 aufgeschwungnen
2029 778 2145 838 Flügel

1325 814 1458 874 Erhöht
1485 820 1575 880 Dein
1613 819 1693 879 Bild
1731 822 1789 882 ans
1821 823 2050 883 Sonnenlicht

1326 866 1518 926 Geschliffen
1554 870 1615 930 auf
1638 868 1689 928 der
1724 870 1905 930 Wahrheit
1934 873 2092 933 Spiegel.

1326 915 1486 975 Schaut,
1509 918 1658 978 Völker!
1686 917 1758 977 tönt
1781 916 1841 976 es,
1864 921 2018 981 Preußen
2058 927 2135 987 zeigt

1319 960 1393 1020 Den
1431 966 1586 1026 Helden,
1613 966 1662 1026 der
1694 965 1763 1025 euch
1796 966 1988 1026 übersteigt,

1329 1010 1550 1070 Spartaner!
1578 1011 1594 1071 —
1650 1011 1777 1071 Römer
1811 1010 1821 1070 —
1882 1014 2114 1074 Alemannen!

1319 1055 1443 1115 Drauf
1471 1059 1666 1119 überliefert
1694 1058 1726 1118 es
1759 1060 1807 1120 die
1835 1058 1910 1118 Zeit

1329 1104 1393 1164 Zum
1442 1104 1551 1164 Pomp
1590 1106 1638 1166 der
1671 1106 1779 1166 sichern
1812 1106 1980 1166 Ewigkeit

1276 1154 1333 1214 Ein
1375 1153 1520 1213 Seraph
1561 1154 1660 1214 starrt
1696 1154 1730 1214 es
1765 1154 1806 1214 an
1848 1152 1864 1212 —
1935 1154 2016 1214 küßt
2052 1155 2080 1215 es

2199 1160 2270 1220 und

1623 1201 1735 1261 trågts
1768 1201 1826 1261 von
1859 1204 2008 1264 dannen.

1371 1300 1664 1360 Unsterblichkeit!
1700 1299 1757 1359 von
1793 1300 1844 1360 dir
1874 1300 1965 1360 allein

1313 1351 1411 1411 Kann
1445 1351 1698 1411 Friedrichs
1731 1348 1791 1408 Lob
1825 1351 2006 1411 verbreitet
2034 1354 2154 1414 werden

1324 1401 1400 1461 Aetz
1422 1400 1460 1460 du
1499 1402 1585 1462 Sein
1624 1402 1798 1462 Denkmal
1821 1403 1973 1463 Sternen
2012 1403 2055 1463 ein

1325 1452 1415 1512 Nach
1452 1452 1723 1512 weggeschnelltem
1771 1451 1860 1511 Ball
1882 1452 1935 1512 der
1967 1452 2093 1512 Erden.

1325 1497 1431 1557 Wenn
1469 1497 1527 1557 vor
1554 1500 1607 1560 den
1645 1503 1851 1563 Schauplatz
1879 1500 1974 1560 dieser
2007 1500 2096 1560 Welt

1329 1544 1415 1604 Sein
1453 1548 1642 1608 abgerollter
1676 1551 1838 1611 Vorhang
1871 1551 1957 1611 fällt,

1326 1594 1503 1654 (Schlaff,
1532 1598 1587 1658 daß
1621 1596 1654 1656 er
1683 1599 1921 1659 augenblicklich
1961 1600 2088 1660 wanke)

1321 1639 1396 1699 Und
1435 1639 1478 1699 wo
1512 1642 1565 1702 der
1593 1642 1756 1702 Sphären
1794 1646 1919 1706 Triller
1947 1649 2065 1709 klingt,

1321 1677 1387 1737 Ein
1425 1682 1557 1742 Pindar
1590 1685 1736 1745 Adonien
1774 1687 1854 1747 singt

1271 1727 1330 1787 Da
1360 1728 1432 1788 glüh
1474 1730 1527 1790 von
1564 1730 1813 1790 Friedrichs
1844 1732 1944 1792 Ruhm
2005 1733 2058 1793 sein
2094 1736 2272 1796 festlichster

1623 1780 1807 1840 Gedanke.

1326 1837 1442 1897 Kostet
1467 1840 1497 1900 in
1534 1843 1582 1903 der
1614 1844 1821 1904 Kanterschen
1859 1846 2122 1906 Buchhandlung
2159 1849 2269 1909 allhier

1267 1888 1323 1948 wie
1349 1894 1417 1954 auch
1449 1894 1473 1954 in
1505 1894 1624 1954 Elbing
1649 1894 1711 1954 und
1743 1897 1855 1957 Mitau
1881 1897 1918 1957 18
1950 1900 1999 1960 gr.

1711 1966 1831 2026 Ulm.

1318 2020 1392 2080 Auf
1411 2020 1521 2080 Kosten
1553 2020 1602 2080 der
1621 2023 1949 2083 Bartholomäischen
1975 2020 2148 2080 Handlung
2173 2018 2210 2078 ist
2229 2019 2278 2079 er=

1270 2065 1437 2125 schienen:
1460 2060 1582 2120 "Der
1622 2069 1766 2129 Christ
1801 2072 1839 2132 am
1896 2070 2079 2130 Sabbat
2108 2067 2169 2127 von
2209 2067 2275 2127 M.

1273 2117 1538 2177 2Balthasar
1567 2115 1714 2175 Haug,
1737 2118 1748 2178 2
1783 2118 1918 2178 Theile,
1947 2119 2009 2179 1ste
2038 2120 2139 2180 Theil
2163 2118 2173 2178 7
2202 2116 2275 2176 Bo¬

1293 2166 1380 2226 'gen,
1414 2166 1463 2226 2te
1497 2160 1596 2220 Theil
1624 2160 1662 2220 15
1696 2163 1806 2223 Bogen
1840 2163 1867 2223 in
1901 2166 1972 2226 groß
2000 2168 2038 2228 8.
2094 2167 2171 2227 Der
2188 2166 2276 2226 Ver=

1272 2214 1393 2274 fasser,
1421 2209 1569 2269 Pfarrer
1602 2208 1627 2268 in
1660 2210 1888 2270 Stotzingen,
1920 2211 2079 2271 Kayserl.
2106 2217 2270 2277 gekrönter

1275 2261 1409 2321 Dichter
1443 2260 1502 2320 und
1535 2258 1692 2318 Mitglied
1725 2258 1774 2318 der
1807 2255 2050 2315 Gesellschaften
2084 2261 2110 2321 in
2144 2262 2268 2322 Leipzig

1272 2311 1331 2371 und
1359 2310 1561 2370 Helmstädt,
1583 2303 1620 2363 ist
1643 2306 1686 2366 ein
1714 2309 1899 2369 berühmter
1927 2305 2112 2365 Schwabe,
2134 2308 2194 2368 und
2222 2308 2275 2368 hat

1271 2358 1322 2418 bey
1349 2360 1447 2420 diesen
1484 2354 1654 2414 geistlichen
1680 2357 1846 2417 poetischen
1877 2354 2167 2414 Betrachtungen,
2194 2357 2265 2417 oder

1268 2408 1429 2468 Liedern,
1455 2405 1518 2465 wie
1543 2404 1611 2464 man
1641 2405 1675 2465 sie
1695 2408 1818 2468 nennen
1843 2408 1931 2468 will,
1956 2405 2049 2465 mehr
2079 2405 2142 2465 eine
2172 2405 2269 2465 from¬

1271 2458 1321 2518 me
1339 2456 1389 2516 als
1413 2450 1606 2510 dichterische
1629 2455 1777 2515 Absicht,
1801 2455 1846 2515 die
1875 2453 1925 2513 sich
1966 2452 2022 2512 auf
2052 2455 2131 2515 seine
2154 2455 2273 2515 Erfah¬

1264 2506 1349 2566 rung
1376 2504 1434 2564 von
1462 2502 1515 2562 der
1537 2503 1782 2563 Erbaulichkeit
1799 2506 1846 2566 der
1879 2503 1990 2563 Reime
2018 2503 2039 2563 in
2077 2503 2130 2563 den
2157 2506 2274 2566 geistli¬

1264 2555 1332 2615 chen
1365 2553 1470 2613 Reden
1498 2549 1651 2609 gründet.
1700 2551 1747 2611 Er
1775 2554 1827 2614 hat
1849 2552 1912 2612 also
1939 2554 1992 2614 aus
2019 2553 2067 2613 der
2094 2554 2268 2614 Sonntäg¬

1270 2604 1362 2664 lichen
1395 2600 1559 2660 Pericopa
1592 2598 1651 2658 sein
1679 2605 1930 2665 Predigtthema
1963 2602 1990 2662 in
2018 2603 2115 2663 Verse
2149 2602 2268 2662 zusam¬

1269 2650 1334 2710 men
1365 2646 1557 2706 gebunden,
1583 2646 1633 2706 so,
1659 2649 1714 2709 daß
1750 2649 1780 2709 er
1811 2652 1861 2712 dem
1907 2652 2195 2712 Evangeliumtert
2216 2652 2271 2712 ge¬

1264 2699 1322 2759 nau
1355 2697 1493 2757 gefolget
1510 2694 1569 2754 ist,
1601 2696 1664 2756 und
1698 2700 1803 2760 liefert
1831 2700 1895 2760 uns
1922 2699 1991 2759 jetzt
2024 2702 2108 2762 einen
2141 2698 2258 2758 ganzen

1274 2749 1453 2809 Jahrgang
1486 2742 1607 2802 davon.
1661 2745 1740 2805 Den
1773 2748 1968 2808 Verächtern
2006 2748 2053 2808 der
2086 2745 2260 2805 geistlichen

1269 2797 1423 2857 Gesänge
1444 2793 1553 2853 meynt
1574 2795 1599 2855 er
1625 2796 1718 2856 theils
1745 2799 1832 2859 durch
1863 2799 1910 2859 den
1941 2796 2033 2856 Titel
2060 2795 2111 2855 des
2138 2791 2266 2851 Buchs,

1256 2844 1355 2904 theils
1382 2842 1513 2902 dadurch
1539 2841 1570 2901 zu
1598 2847 1786 2907 begegnen,
1813 2847 1870 2907 daß
1907 2846 1938 2906 er
1970 2844 2027 2904 das
2054 2841 2274 2901 Melodeyen¬

1263 2894 1392 2954 register
1416 2892 1466 2952 bis
1489 2891 1517 2951 zu
1546 2893 1636 2953 Ende
1659 2894 1806 2954 verspart
1824 2897 1897 2957 hat.
1954 2894 2005 2954 An
2034 2891 2084 2951 der
2107 2887 2265 2947 Schreib¬
