2479 3508
546 360 734 420 Pyrmont,
757 360 807 420 den
841 359 901 419 15.
929 360 1023 420 Jun.

340 407 420 467 Wir
441 408 542 468 hoffen
577 407 603 467 in
637 407 746 467 kurzem
787 407 840 467 das
868 407 976 467 Glück
1004 404 1031 464 zu
1058 404 1179 464 haben,
1207 401 1274 461 Se.

295 461 395 521 Maj.
427 455 480 515 den
523 452 628 512 König
666 452 692 512 in
734 452 914 512 Preussen,
952 452 1062 512 welche
1094 449 1158 509 eine
1179 449 1274 509 Reise

293 506 367 566 nach
399 501 509 561 Ihren
541 497 804 557 Westphälischen
842 500 984 560 Staaten
1032 497 1269 557 vorzunehmen

290 553 418 613 willens
445 551 524 611 sind,
552 550 605 610 auf
627 548 696 608 eine
718 548 862 608 Zeitlang
889 545 958 605 hier
990 548 1016 608 zu
1055 545 1161 605 sehen.
1226 545 1273 605 In

293 598 345 658 dem
387 598 465 658 Amt
486 595 684 655 Coldingen,
710 595 794 655 durch
826 592 950 652 welches
982 592 1054 652 Se.
1081 592 1174 652 Maj.
1196 589 1284 649 paßi¬

285 646 335 706 ren
366 646 498 706 wollen,
524 646 641 706 werden
672 643 789 703 bereits
816 640 988 700 dieserhalb
1020 640 1065 700 die
1086 638 1187 698 Wege
1208 640 1284 700 aus¬

301 694 475 754 gebessert.

539 739 745 799 London,
778 738 832 798 den
876 739 935 799 19.
963 736 1054 796 Jun.

348 786 425 846 Der
451 784 548 844 Brief
570 785 620 845 des
648 784 765 844 Major
787 784 925 844 Adams,
951 784 1080 844 welcher
1112 781 1157 841 die
1178 781 1286 841 Trup¬

288 837 343 897 pen
379 837 429 897 des
450 834 597 894 Königes
623 831 684 891 und
710 831 760 891 die
781 831 949 891 Indianer
970 828 994 888 in
1025 828 1177 888 Bengala
1203 825 1289 885 com¬

294 885 476 945 mandiret,
501 879 634 939 meldet,
659 877 713 937 daß
743 878 787 938 die
812 876 925 936 Stadt
945 873 994 933 der
1019 875 1186 935 Morgier,
1212 872 1285 932 wel¬

292 930 340 990 che
360 932 447 992 durch
476 928 558 988 2000
593 927 699 987 Mann
734 924 782 984 von
816 923 865 983 der
880 921 995 981 Armee
1016 922 1068 982 des
1093 921 1277 981 abgesetzten

305 978 445 1038 Nabads
471 973 732 1033 Coßin=Ali=Kan
763 969 974 1029 vertheidiget
995 969 1115 1029 würde,
1146 967 1196 1027 sich
1226 966 1276 1026 den

302 1024 346 1084 11
376 1021 449 1081 Oct.
469 1019 552 1079 1763
582 1016 611 1076 an
642 1016 690 1076 die
715 1013 872 1073 Truppen
907 1013 1005 1073 dieses
1035 1011 1172 1071 Majors
1207 1010 1290 1070 erge¬

302 1068 378 1128 ben,
408 1067 465 1127 und
495 1064 542 1124 den
567 1061 581 1121 6
611 1061 706 1121 Nov.
736 1060 783 1120 die
803 1060 914 1120 Stadt
938 1058 1068 1118 Patna,
1098 1060 1126 1120 in
1161 1058 1285 1118 welcher

309 1118 358 1178 sich
388 1112 496 1172 10000
531 1109 639 1169 Mann
679 1106 732 1166 von
772 1106 821 1166 der
852 1106 964 1166 Armee
995 1103 1063 1163 eben
1103 1106 1196 1166 dieses
1221 1106 1294 1166 Na¬

305 1163 385 1223 bads
416 1157 598 1217 befanden,
634 1154 724 1214 durch
755 1152 906 1212 dieselben
942 1151 1094 1211 Truppen
1125 1151 1175 1211 des
1211 1148 1291 1208 Ma¬

304 1213 368 1273 jors
393 1205 636 1265 eingenommen
671 1201 794 1261 worden
815 1201 878 1261 sey.
928 1198 1151 1258 Ohngeachtet
1167 1196 1210 1256 die
1231 1196 1294 1256 Be¬

308 1258 442 1318 lagerten
479 1255 618 1315 10mahl
634 1250 747 1310 stärker
769 1251 815 1311 als
842 1249 887 1309 die
909 1246 1090 1306 Belagerer
1111 1246 1234 1306 waren,
1261 1243 1281 1303 so

300 1306 419 1366 bestand
446 1303 513 1363 doch
540 1302 633 1362 unser
659 1300 773 1360 ganzer
805 1298 935 1358 Verlust
967 1297 1023 1357 nur
1055 1294 1081 1354 in
1113 1295 1148 1355 40
1185 1292 1273 1352 Euro

310 1354 399 1414 päern
426 1351 490 1411 und
511 1350 574 1410 150
601 1348 797 1408 Cypaisern.
845 1347 955 1407 Zwölf
972 1346 1125 1406 Canonen
1152 1342 1205 1402 von
1226 1341 1289 1401 ver¬

308 1399 477 1459 schiedenem
530 1396 662 1456 Calibre
694 1396 752 1456 sind
784 1396 810 1456 in
848 1393 958 1453 unsere
985 1393 1101 1453 Hände
1133 1393 1286 1453 gefallen.

306 1446 566 1506 Coßin=Ali=Kan
594 1442 648 1502 floh
676 1441 703 1501 in
731 1440 784 1500 das
812 1440 1089 1500 Gouvernement
1118 1437 1166 1497 des
1194 1437 1291 1497 Sou¬

311 1494 509 1554 jah=Dolah,
527 1491 609 1551 eines
638 1488 770 1548 Veziers
798 1488 847 1548 des
876 1488 1014 1548 Mogol.
1059 1486 1135 1546 Der
1164 1485 1285 1545 Major

300 1542 424 1602 Adams
446 1539 508 1599 und
534 1536 591 1596 alle
612 1536 638 1596 in
670 1536 795 1596 Indien
826 1534 1008 1594 befindliche
1029 1533 1221 1593 Engländer
1238 1530 1289 1590 be¬

301 1590 415 1650 dauren
443 1584 553 1644 hiebey
581 1584 624 1644 die
646 1584 706 1644 200
740 1581 953 1641 Europäische
976 1578 1107 1638 Officier
1130 1581 1189 1641 und
1212 1577 1299 1637 Sol¬

302 1634 413 1694 daten,
437 1631 548 1691 welche
572 1631 618 1691 der
643 1628 760 1688 Nabad
784 1628 843 1688 aus
867 1628 972 1688 Rache
996 1628 1048 1688 den
1073 1628 1084 1688 6
1114 1628 1190 1688 Oct.
1202 1625 1289 1685 1763

306 1677 501 1737 umbringen
529 1673 642 1733 lassen.

582 1715 726 1775 Caen,
757 1712 810 1772 den
842 1712 902 1772 12.
933 1712 1023 1772 Jun.

357 1763 425 1823 Die
452 1762 565 1822 hiesige
591 1757 761 1817 Academie
794 1757 844 1817 der
876 1754 996 1814 schönen
1029 1751 1281 1811 Wissenschaften

311 1814 365 1874 hat
390 1810 438 1870 den
469 1808 584 1868 Preis,
609 1805 737 1865 welcher
763 1805 810 1865 den
842 1805 859 1865 1
884 1802 969 1862 Dec.
995 1802 1085 1862 1764
1117 1802 1305 1862 ausgethei¬

317 1863 358 1923 let
376 1858 494 1918 werden
525 1856 595 1916 soll,
619 1856 678 1916 auf
703 1855 749 1915 die
774 1855 1016 1915 Ausarbeitung
1046 1854 1093 1914 der
1118 1855 1217 1915 Frage
1248 1851 1300 1911 ge¬

311 1912 394 1972 setzt:
423 1906 506 1966 Was
529 1903 579 1963 für
608 1906 725 1966 Mittel
748 1903 960 1963 anzuwenden
983 1903 1060 1963 sind,
1089 1903 1122 1963 um
1156 1903 1200 1963 die
1218 1902 1301 1962 Ma=

311 2008 467 2068 fältigen,
491 2005 572 2065 ohne
596 2001 642 2061 dem
683 2000 816 2060 Feldbau
851 2001 880 2061 zu
910 1999 1066 2059 schaden?
1101 1990 1147 2050 Er
1171 1996 1205 2056 ist
1229 1996 1287 2056 von

316 2053 378 2113 300
407 2053 530 2113 Livres.
576 2050 650 2110 Für
673 2049 723 2109 das
752 2047 836 2107 Jahr
860 2043 949 2103 1765
973 2043 1029 2103 hat
1052 2043 1103 2103 der
1126 2043 1289 2103 Chevalier

320 2102 469 2162 Turgat,
480 2097 697 2157 Gouverneur
718 2094 769 2154 von
795 2091 944 2151 Cayanne
961 2091 1017 2151 und
1038 2091 1193 2151 Gyanne,
1214 2090 1301 2150 Mit¬

316 2151 391 2211 glied
419 2147 510 2207 dieser
538 2145 705 2205 Academie
728 2141 738 2201 3
766 2141 879 2201 Preise
901 2139 1090 2199 ausgesetzt:
1118 2139 1166 2199 den
1199 2139 1285 2199 ersten

308 2199 366 2259 von
393 2194 456 2254 500
489 2190 595 2250 Livres
622 2190 669 2250 für
702 2186 909 2246 denjenigen,
941 2187 1068 2247 welcher
1101 2184 1217 2244 Mittel
1244 2186 1276 2246 an

308 2243 406 2303 geben
439 2237 542 2297 wird,
586 2232 645 2292 wie
673 2231 727 2291 das
760 2234 978 2294 Ochsenfleisch
1006 2234 1038 2294 am
1082 2231 1288 2291 wohlfeilsten

313 2287 526 2347 einzusalzen,
564 2278 622 2338 und
650 2276 703 2336 daß
730 2276 756 2336 es
783 2277 804 2337 in
837 2282 884 2342 den
912 2282 1066 2342 Colonien
1093 2282 1146 2342 dem
1184 2282 1301 2342 irrlan¬

322 2334 431 2394 dischen
455 2327 670 2387 Ochsenfleisch
694 2324 775 2384 gleich
798 2327 932 2387 erhalten
956 2330 1066 2390 werden
1095 2328 1194 2388 kann.
1218 2327 1287 2387 Den

325 2384 393 2444 2ten
431 2377 483 2437 von
521 2374 584 2434 400
627 2372 732 2432 Livres
770 2372 823 2432 für
855 2377 1055 2437 denjenigen,
1083 2375 1209 2435 welcher
1236 2374 1293 2434 aus

321 2432 373 2492 dem
415 2426 569 2486 Getreide
594 2420 640 2480 der
664 2417 812 2477 Provinz
824 2421 847 2481 so
866 2426 948 2486 gutes
972 2426 1073 2486 Mehl
1091 2423 1143 2483 zum
1180 2423 1303 2483 Trans¬

327 2479 395 2539 vort
413 2477 441 2537 in
471 2476 516 2536 die
535 2468 673 2528 Colonie
697 2464 864 2524 zubereiten
888 2472 985 2532 kann,
1009 2470 1054 2530 als
1079 2470 1130 2530 das
1148 2470 1292 2530 englische

320 2527 422 2587 Mehl
446 2525 500 2585 ist;
525 2521 579 2581 den
604 2515 676 2575 3ten
701 2512 755 2572 von
786 2509 846 2569 300
883 2515 985 2575 Livres
1016 2515 1064 2575 für
1095 2518 1300 2578 denjenigen,

325 2575 455 2635 welcher
476 2572 496 2632 so
525 2569 600 2629 gute
615 2564 773 2624 gesalzene
794 2560 932 2620 Butter,
953 2566 1000 2626 als
1029 2566 1076 2626 die
1091 2566 1290 2626 irrländische

319 2623 366 2683 ist,
396 2620 520 2680 machen
551 2614 650 2674 kann.

543 2661 758 2721 Lissabon,
791 2655 839 2715 den
880 2655 934 2715 22.
968 2658 1071 2718 May,

377 2712 451 2772 Den
474 2709 564 2769 19ten
595 2709 692 2769 dieses
715 2704 857 2764 Monats
881 2700 978 2760 haben
1009 2703 1068 2763 wir
1099 2706 1144 2766 ein
1175 2706 1294 2766 starkes

320 2760 486 2820 Erdbeben
514 2757 645 2817 gehabt,
667 2754 790 2814 welches
820 2750 909 2810 aber,
930 2751 1020 2811 Gott
1041 2751 1082 2811 sey
1111 2754 1228 2814 Dank,
1249 2752 1297 2812 oh¬

318 2811 359 2871 ne
378 2810 531 2870 Schaden
562 2805 788 2865 abgegangen.

1516 354 1770 414 Warschau,
1801 357 1853 417 den
1895 354 1954 414 28.
1990 354 2084 414 Jun.

1356 398 1551 458 Vorgestern
1578 401 1683 461 reisete
1711 404 1757 464 der
1779 401 2016 461 Großfeldherr
2049 398 2106 458 von
2133 401 2281 461 Lithauen

1303 447 1363 507 und
1395 444 1532 504 Bischof
1563 446 1619 506 von
1656 449 1782 509 Wilda,
1814 448 1905 508 nebst
1932 446 2028 506 vielen
2070 446 2187 506 andern
2218 448 2289 508 nach

1311 494 1419 554 Wilda
1441 493 1565 553 zurück,
1592 493 1648 553 und
1674 495 1726 555 der
1748 497 1840 557 Fürst
1862 496 1965 556 Anton
1992 493 2194 553 Sulkowski
2215 494 2261 554 gin

1311 542 1357 602 als
1394 541 1575 601 Gesandter
1602 541 1669 601 nach
1695 542 1918 602 Petersburg,
1945 545 1980 605 um
2012 542 2131 602 sowohl
2147 541 2194 601 den
2220 539 2297 599 Ver¬

1314 589 1386 649 lauf
1403 587 1452 647 des
1481 589 1691 649 Reichstages
1719 591 1808 651 Ihro
1830 589 1963 649 Rußisch
1991 590 2135 650 Kaiserl.
2158 588 2296 648 Majest.

1311 635 1357 695 als
1389 637 1461 697 auch
1492 637 1544 697 die
1576 637 1752 697 Nachricht
1778 637 1835 697 von
1867 639 1954 699 dem.
1965 640 2287 700 Höchstdenenselben

1310 682 1369 742 von
1404 682 1453 742 der
1478 682 1641 742 Republik
1666 685 1868 745 zuerkannten
1903 685 2006 745 Titel:
2037 687 2120 747 einer
2145 685 2288 745 Kaiserin

1313 728 1387 788 alley
1414 730 1546 790 Reussen
1578 730 1604 790 zu
1632 730 1864 790 überbringen.
1918 733 2002 793 Man
2034 735 2113 795 sagt,
2135 735 2193 795 daß
2220 736 2288 796 auch

1318 776 1386 836 eine
1408 778 1519 838 gleiche
1540 778 1784 838 Gesandtschaft
1805 778 1836 838 an
1874 780 1947 840 Se.
1970 781 2064 841 Maj.
2097 783 2144 843 den
2187 782 2292 842 König

1316 825 1372 885 von
1404 825 1554 885 Preussen
1586 825 1747 885 bestimmt
1763 825 1824 885 sey.
1851 826 2016 886 Hingegen
2049 828 2084 888 ist
2100 828 2146 888 der
2173 828 2302 888 Mund¬

1318 873 1420 933 schenk
1441 873 1492 933 von
1519 873 1668 933 Lithauen
1699 872 1874 932 Oskierski
1901 873 1957 933 aus
1994 873 2194 933 Petersburg
2236 876 2297 936 mit

1315 920 1401 980 einem
1444 921 1622 981 Schreiben
1651 921 1704 981 von
1738 920 1785 980 der
1815 918 1987 978 Rußischen
2021 924 2218 984 Monarchin
2257 924 2285 984 an

1322 966 1370 1026 die
1405 963 1646 1023 Conföderirten
1686 963 1823 1023 Stände
1853 966 2068 1026 angelanget,
2103 972 2196 1032 dessen
2231 969 2280 1029 In

1322 1010 1393 1070 halt
1410 1010 1459 1070 die
1482 1010 1692 1070 Bestätigung
1726 1010 1775 1070 der
1810 1010 2013 1070 Lithauischen
2042 1017 2291 1077 Conföderation

1317 1055 1467 1115 betreffen
1494 1058 1563 1118 soll.

1560 1103 1729 1163 Wilda,
1756 1102 1808 1162 den
1842 1103 1907 1163 29.
1933 1103 2024 1163 Jun.

1369 1148 1520 1208 Nachdem
1559 1148 1607 1208 sich
1635 1148 1688 1208 das
1716 1148 1835 1208 Schloß
1863 1151 2025 1211 Nieswiez
2047 1151 2079 1211 an
2112 1153 2155 1213 die
2182 1154 2306 1214 Confö¬

1318 1196 1450 1256 derirten
1483 1196 1673 1256 übergeben,
1700 1196 1726 1256 so
1748 1196 1832 1256 setzte
1854 1198 1901 1258 der
1923 1198 1991 1258 Hr.
2013 1200 2193 1260 Marschall
2209 1201 2299 1261 Graf

1316 1243 1372 1303 von
1409 1243 1657 1303 Brzostrowsky
1689 1243 1781 1303 seinen
1823 1246 1947 1306 Marsch
1984 1247 2050 1307 nach
2082 1247 2133 1307 der
2155 1246 2294 1306 Vestung

1318 1292 1480 1352 Schlucko
1503 1293 1594 1353 fort,
1627 1291 1751 1351 welcher
1779 1293 1843 1353 Ort
1877 1294 1925 1354 sich
1958 1296 2028 1356 auch
2061 1297 2185 1357 sogleich
2218 1297 2299 1357 ohne

1316 1341 1417 1401 einige
1444 1342 1651 1402 Gegenwehr
1673 1340 1843 1400 übergeben
1871 1342 1944 1402 hat.
2004 1345 2078 1405 Aus
2105 1345 2227 1405 Minsk
2254 1344 2307 1404 be¬

1316 1390 1427 1450 richtet
1444 1390 1534 1450 man,
1562 1390 1614 1450 daß
1641 1390 1689 1450 die
1710 1390 1987 1450 Capturgerichte,
2004 1393 2115 1453 welche
2137 1395 2307 1455 ohnlängst

1321 1437 1407 1497 ihren
1434 1437 1561 1497 Anfang
1588 1440 1795 1500 genommen,
1816 1442 1908 1502 ruhig
1937 1443 1996 1503 und
2030 1443 2203 1503 erwünscht
2231 1443 2310 1503 fort=

1321 1485 1464 1545 dauren.

1515 1533 1818 1593 Petersburg,
1859 1536 1915 1596 vom
1962 1536 2001 1596 1.
2025 1536 2122 1596 Jun.

1371 1576 1425 1636 Da
1456 1578 1567 1638 bereits
1593 1578 1622 1638 zu
1648 1581 1890 1641 Unterrichtung
1926 1580 1976 1640 der
2007 1582 2142 1642 adlichen
2174 1584 2299 1644 Jugend

1322 1622 1346 1682 im
1396 1622 1509 1682 Reiche
1539 1622 1751 1682 verschiedene
1776 1625 2071 1685 Ritterakademien
2106 1624 2165 1684 und
2195 1628 2307 1688 öffent¬

1322 1667 1396 1727 liche
1420 1664 1559 1724 Schulen
1597 1662 1658 1722 auf
1682 1664 1793 1724 Kosten
1831 1666 1882 1726 der
1911 1667 2018 1727 Krone
2052 1669 2196 1729 errichtet
2224 1672 2308 1732 sind;

1332 1711 1359 1771 so
1382 1706 1475 1766 haben
1504 1704 1592 1764 Ihro
1625 1706 1774 1766 Kayserl.
1791 1709 1890 1769 Maj.
1919 1712 1973 1772 auf
1996 1714 2106 1774 gleiche
2129 1715 2228 1775 Weise
2256 1721 2306 1781 für

1330 1751 1377 1811 die
1401 1752 1585 1812 anständige
1610 1754 1787 1814 Erziehung
1824 1757 1870 1817 der
1895 1757 2031 1817 Töchter
2062 1762 2114 1822 des
2145 1769 2304 1829 russischen

1330 1802 1425 1862 Adels
1460 1802 1562 1862 sorgen
1597 1803 1739 1863 wollen,
1779 1808 1835 1868 und
1864 1808 1897 1868 zu
1933 1811 2028 1871 diesem
2075 1814 2165 1874 Ende
2194 1818 2250 1878 das
2279 1819 2301 1879 in

1328 1850 1395 1910 St.
1407 1852 1605 1912 Petersburg
1629 1855 1822 1915 neuerbaute
1839 1858 2117 1918 Jungfernkloster
2141 1866 2316 1926 bestimmt,

1323 1903 1413 1963 allwo
1435 1903 1466 1963 zu
1493 1903 1573 1963 folge
1595 1903 1647 1963 der
1669 1903 1716 1963 für
1743 1903 1818 1963 diese
1845 1906 1998 1966 Stiftung
2025 1912 2211 1972 abgefaßten
2244 1915 2301 1975 und

313 1959 497 2019 nufacturen
522 1957 546 2017 in
578 1953 633 2013 der
652 1954 867 2014 Generalität
887 1951 941 2011 von
973 1951 1058 2011 Caen
1090 1949 1120 2009 zu
1158 1951 1293 2011 verviel=
1331 1951 1385 2011 von
1423 1950 1509 2010 Ihro
1541 1951 1638 2011 Maj.
1664 1951 1842 2011 gebilligten
1880 1955 2095 2015 Verordnung
2127 1958 2188 2018 200
2213 1963 2292 2023 Fräu

1328 1999 1410 2059 leins
1437 1996 1561 2056 erzogen
1592 1999 1705 2059 werden
1738 1999 1845 2059 sollen.
1908 2004 2011 2064 Diese
2033 2005 2058 2065 so
2079 2005 2224 2065 nützliche
2251 2011 2312 2071 An¬

1326 2045 1396 2105 stalt
1419 2043 1472 2103 soll
1489 2046 1538 2106 den
1577 2046 1679 2106 28sten
1707 2046 1816 2106 Junii
1838 2047 1897 2107 mit
1931 2049 1979 2109 der
2001 2055 2219 2115 Einweihung
2252 2058 2300 2118 des

1326 2091 1470 2151 Klosters
1497 2089 1579 2149 ihren
1610 2092 1734 2152 Anfang
1755 2094 1915 2154 nehmen,
1941 2100 1997 2160 und
2024 2100 2070 2160 die
2091 2106 2302 2166 Verordnung

1333 2141 1368 2201 ist
1395 2139 1451 2199 vom
1492 2138 1703 2198 dirigirenden
1740 2139 1859 2199 Senat
1885 2142 1910 2202 in
1942 2145 2018 2205 allen
2044 2151 2225 2211 Provinzen
2266 2154 2312 2214 be¬

1328 2187 1426 2247 kannt
1444 2184 1600 2244 gemacht.
1648 2184 1740 2244 Ihro
1770 2187 1862 2247 Maj.
1881 2187 1979 2247 haben
2009 2195 2078 2255 auch
2114 2197 2229 2257 bereits
2259 2201 2310 2261 die

1329 2234 1507 2294 Prinzessin
1545 2231 1637 2291 Anna
1659 2231 1875 2291 Sergejewna
1903 2237 2103 2297 Dolgorucki
2130 2240 2178 2300 zur
2206 2243 2308 2303 Ober¬

1329 2280 1556 2340 vorsteherin,
1585 2279 1645 2339 und
1684 2279 1783 2339 nächst
1818 2282 1967 2342 derselben
2017 2284 2067 2344 die
2101 2288 2305 2348 verwittwete

1329 2330 1556 2390 Etaatsräthin
1596 2323 1628 2383 de
1657 2323 1684 2383 la
1707 2327 1795 2387 Fond
1824 2330 1878 2390 zur
1901 2330 2167 2390 Oberaufseherin
2201 2339 2312 2399 ernen¬

1324 2379 1397 2439 net.
1443 2375 1489 2435 Zu
1518 2375 1568 2435 dem
1615 2370 1637 2430 in
1672 2378 1808 2438 Moscau
1844 2378 2009 2438 gestifteten
2038 2381 2248 2441 Findelhause
2277 2388 2316 2448 ist

1330 2428 1459 2488 kürzlich
1489 2423 1530 2483 ein
1560 2420 1696 2480 Wechsel
1720 2426 1773 2486 von
1803 2428 1855 2488 100
1885 2429 2027 2489 Ducaten
2051 2430 2104 2490 von
2134 2436 2310 2496 unbekann=

1333 2473 1374 2533 ter
1398 2473 1492 2533 Hand
1517 2470 1711 2530 eingeschickt
1730 2474 1877 2534 worden.

1387 2560 1493 2620 Diese
1505 2560 1676 2620 Zeitungen
1699 2563 1805 2623 werden
1828 2566 1989 2626 Montags
2012 2566 2065 2626 und
2088 2569 2237 2629 Freytags
2249 2569 2291 2629 um

1329 2611 1356 2671 10
1385 2611 1446 2671 Uhr
1469 2605 1669 2665 Vormittags
1692 2605 1720 2665 im
1760 2611 1966 2671 Kanterschen
1989 2615 2168 2675 Buchladen
2202 2617 2313 2677 ausge=

1334 2657 1449 2717 geben,
1461 2653 1543 2713 allwo
1566 2652 1632 2712 auch
1655 2653 1715 2713 noch
1738 2656 1787 2716 von
1810 2658 1854 2718 den
1877 2658 2003 2718 hiesigen
2031 2661 2109 2721 resp.
2120 2661 2302 2721 Liebhabern

1333 2703 1379 2763 die
1405 2700 1679 2760 Pránumeration
1710 2705 1766 2765 auf
1793 2705 1854 2765 dies
1886 2706 1973 2766 dritte
1995 2709 2144 2769 Quartal
2160 2709 2221 2769 mit
2242 2709 2252 2769 2
2278 2707 2314 2767 fl.

1327 2749 1559 2809 angenommen
1604 2748 1707 2808 wird;
1742 2752 1954 2812 Auswärtige
1984 2754 2058 2814 aber
2083 2754 2221 2814 belieben
2256 2757 2305 2817 sich

1337 2799 1467 2859 deshalb
1488 2796 1539 2856 bey
1560 2796 1637 2856 jedem
1677 2799 1827 2859 Postamt
1841 2802 1925 2862 ihres
1945 2803 2030 2863 Orts
2063 2802 2088 2862 zu
2122 2802 2265 2862 melden.
