2479 3508
202 348 255 408 die
271 348 331 408 nur
362 342 475 402 ihnen,
492 337 552 397 und
575 327 681 387 weiter
705 321 849 381 niemand
880 321 1008 381 nützen;
1040 323 1161 383 sondern

201 395 258 455 daß
281 392 316 452 sie
339 388 403 448 ihre
426 379 585 439 Einsichten
615 369 804 429 mittheilen,
826 369 883 429 und
906 370 964 430 wie
987 370 1037 430 die
1052 369 1167 429 Sönne

198 443 250 503 ihr
274 437 350 497 Licht
374 431 443 491 über
466 425 527 485 eine
551 416 635 476 Welt
651 413 819 473 verbreiten
843 418 957 478 sollen.
982 419 1050 479 Alle
1066 418 1172 478 Stän=

194 490 258 550 de,
280 485 337 545 alle
359 476 466 536 Alter,
496 467 554 527 alle
576 461 770 521 Personen,
792 467 871 527 jedes
908 467 1094 527 Geschlecht
1117 464 1174 524 soll

203 532 291 592 daran
317 524 417 584 Theil
431 514 588 574 nehmen,
614 511 645 571 es
671 509 727 569 soll
741 511 791 571 sich
817 513 867 573 bis
893 514 949 574 auf
975 515 1025 575 die
1051 515 1177 575 gering=

200 581 254 641 sten
286 573 310 633 im
348 567 427 627 Volk
447 557 650 617 ausbreiten.
695 562 749 622 Je
769 562 854 622 mehr
880 562 960 622 jeder
979 562 1114 622 Bürger
1140 558 1176 618 ei¬

200 623 257 683 nes
293 614 414 674 Staats
444 607 525 667 seine
555 604 723 664 Einsichten
759 608 921 668 aufklärt,
950 608 1002 668 das
1032 607 1176 667 nützliche

203 667 256 727 vom
294 659 413 719 minder
441 652 597 712 nützlichen
625 652 873 712 unterscheiden,
890 655 938 715 das
960 655 1068 715 wahre
1096 655 1176 715 Ver¬

200 713 318 773 gnügen
342 703 395 763 von
431 703 478 763 dem
520 700 644 760 falschen
674 701 821 761 erkennen
846 703 946 763 lernt,
964 706 1041 766 seine
1059 705 1177 765 Pflich=

198 763 265 823 ten,
283 755 327 815 als
350 750 497 810 Mensch,
514 748 559 808 als
582 748 774 808 Unterthan,
792 751 836 811 als
865 751 972 811 Christ
990 751 1175 811 vollkomm¬

203 807 256 867 ner
284 798 441 858 erkennet,
463 795 636 855 destomehr
664 796 739 856 wird
777 796 820 856 die
848 798 1091 858 Glückseligkeit
1119 798 1167 858 des

199 852 328 912 Ganzen
367 844 420 904 und
454 843 534 903 jedes
567 843 724 903 einzelnen
757 843 869 903 Theils
897 846 1075 906 befördert.
1119 843 1167 903 Es

198 900 235 960 ist
251 898 277 958 in
304 891 352 951 der
379 891 468 951 That
490 892 575 952 unsre
602 891 845 951 Schuldigkeit,
873 891 1031 951 Personen
1064 891 1116 951 von
1143 891 1180 951 je¬

192 945 242 1005 dem
288 942 374 1002 Alter
415 940 477 1000 und
513 942 650 1002 Stande
686 942 905 1002 einzuladen,
942 941 992 1001 sich
1033 942 1094 1002 mit
1120 941 1170 1001 den

199 990 444 1050 Wissenschaften
471 992 606 1052 bekannt
623 992 650 1052 zu
678 990 830 1050 machen,
863 990 917 1050 und
945 990 1031 1050 unsre
1054 990 1178 1050 Bemü=

197 1043 320 1103 hungen
347 1039 428 1099 nicht
450 1039 511 1099 blos
537 1040 594 1100 auf
615 1040 785 1100 diejenigen
811 1040 1089 1100 einzuschränken,
1105 1037 1177 1097 wel¬

196 1094 244 1154 che
266 1093 423 1153 Gelehrte
456 1091 511 1151 von
544 1091 722 1151 Profession
762 1091 853 1151 sind,
886 1091 962 1151 oder
990 1091 1022 1151 es
1055 1088 1168 1148 werden

191 1142 330 1202 wollen.

245 1190 291 1250 Es
314 1189 371 1249 hat
390 1183 452 1243 eine
476 1181 545 1241 Zeit
563 1181 713 1241 gegeben,
731 1181 771 1241 wo
795 1181 840 1241 die
858 1184 1112 1244 Gelehrsamkeit
1130 1184 1164 1244 ein

194 1233 380 1293 Handwerk
399 1228 480 1288 war,
500 1226 556 1286 und
581 1225 623 1285 als
653 1225 690 1285 ein
715 1225 891 1285 Handwerk
915 1225 1063 1285 getrieben
1092 1225 1178 1285 wur¬

194 1282 246 1342 de.
294 1276 352 1336 So
381 1273 438 1333 wie
458 1272 495 1332 ein
525 1270 664 1330 Gewerk
689 1270 770 1330 nicht
789 1270 895 1330 leidet,
919 1270 976 1330 daß
1005 1270 1087 1330 einer
1111 1270 1163 1330 von

196 1324 275 1384 einem
315 1318 428 1378 andern
453 1315 477 1375 in
507 1316 635 1376 dasselbe
665 1312 971 1372 herüberpfuschert,
991 1314 1015 1374 so
1041 1312 1159 1372 wollten

195 1372 244 1432 die
265 1364 626 1424 Professionsgelehrten
652 1360 798 1420 niemand
824 1357 1029 1417 aufnehmen,
1050 1357 1095 1417 als
1115 1357 1165 1417 der

447 1509 643 1569 Berlin,
673 1512 721 1572 den
757 1513 798 1573 3.
823 1511 905 1571 Jul.

244 1563 312 1623 Aus
335 1560 510 1620 Pommern
544 1561 600 1621 hat
629 1561 696 1621 man
726 1560 776 1620 die
799 1560 996 1620 Nachricht,
1031 1559 1087 1619 daß
1116 1560 1172 1620 da¬

199 1613 281 1673 selbst
304 1612 354 1672 der
377 1610 515 1670 Königl.
532 1608 720 1668 Preußische
748 1610 1003 1670 Generalmajor
1031 1608 1086 1668 von
1120 1608 1169 1668 der

195 1661 395 1721 Cavallerie,
432 1661 545 1721 Ritter
566 1658 617 1718 des
643 1661 766 1721 Ordens
792 1659 884 1719 Pour
906 1658 931 1718 le
952 1659 1080 1719 merite,
1107 1658 1163 1718 und

198 1709 299 1769 Drost
322 1709 350 1769 zu
379 1709 543 1769 Limberg,
560 1709 645 1769 Adam
691 1710 826 1770 Joachim
866 1709 957 1769 Graf
980 1706 1030 1766 von
1065 1707 1172 1767 Pode¬

199 1756 286 1816 wils,
308 1756 360 1816 den
391 1754 489 1814 23sten
522 1757 573 1817 des
589 1756 713 1816 vorigen
740 1757 880 1817 Monats
901 1757 922 1817 im
953 1754 1057 1814 67sten
1084 1757 1171 1817 Jahr

205 1803 297 1863 seines
326 1802 423 1862 Alters
454 1802 482 1862 an
511 1801 591 1861 einer
615 1799 742 1859 hitzigen
772 1799 1043 1859 Brustkrankheit
1061 1799 1175 1859 gestor¬

195 1847 248 1907 ben
281 1849 344 1909 sey.

420 1886 651 1946 Magdeburg,
674 1884 725 1944 den
765 1882 826 1942 28.
855 1883 945 1943 Jun.

245 1935 383 1995 Vorigen
416 1933 570 1993 Sonntag
591 1930 637 1990 als
664 1927 715 1987 den
741 1924 834 1984 24ten
860 1925 994 1985 feyerten
1031 1926 1077 1986 die
1103 1926 1175 1986 bey¬

195 1984 248 2044 den
275 1984 338 2044 hier
365 1978 545 2038 befindliche
567 1975 598 2035 an
625 1972 720 2032 diesem
763 1974 848 2034 Tage
864 1972 1054 2032 vereinigten
1076 1969 1171 2029 Frey¬

199 2028 414 2088 mäurerlogen
448 2024 475 2084 zu
497 2021 546 2081 den
586 2020 651 2080 drey
686 2023 818 2083 Säulen
857 2023 912 2083 und
951 2021 1000 2081 der
1028 2020 1171 2080 Bestän¬

205 2073 338 2133 digkeit,
367 2073 421 2133 das
444 2070 694 2130 Johannisfest.

444 2119 592 2179 Wien,
628 2119 681 2179 den
717 2121 776 2181 16.
806 2121 900 2181 Jun.

247 2163 316 2223 Die
334 2166 391 2226 von
421 2169 472 2229 dem
513 2169 693 2229 Bildhauer
717 2169 832 2229 Molk,
856 2169 914 2229 auf
932 2166 1058 2226 Befehl
1077 2163 1163 2223 Ihro

196 2220 338 2280 Kaiserl.
361 2219 457 2279 Maj.
475 2219 525 2279 für
560 2219 605 2279 die
634 2217 844 2277 Erzherzogin
873 2216 929 2276 von
964 2211 1167 2271 Oesterreich,

199 2270 270 2330 geb.
299 2268 475 2328 Prinzeßin
515 2267 569 2327 von
609 2264 735 2324 Parma
769 2264 829 2324 und
869 2259 1162 2319 Höchstderoselben

203 2318 290 2378 gleich
322 2318 388 2378 nach
414 2315 460 2375 der
487 2312 615 2372 Geburt
626 2309 765 2369 entseelte
781 2312 1008 2372 Leibesfrucht,
1029 2306 1168 2366 prächtig

202 2364 382 2424 verfertigte
408 2364 552 2424 zinnerne
578 2358 727 2418 Särger,
754 2360 877 2420 wurden
909 2360 939 2420 am
981 2356 1114 2416 Pfingst
1125 2354 1171 2414 H.

204 2411 309 2471 Abend
341 2411 441 2471 hinter
468 2411 515 2471 dem
558 2406 668 2466 großen
700 2406 890 2466 Grabmahl
907 2408 954 2468 für
981 2402 1164 2462 beyderseits

202 2455 344 2515 Kaiserl.
361 2455 456 2515 Maj.
478 2455 535 2515 mit
552 2455 599 2515 den
637 2452 869 2512 gewöhnlichen
901 2449 1176 2509 Kirchengebräu¬

194 2503 263 2563 chen
290 2503 358 2563 früh
385 2503 550 2563 Morgens
571 2499 735 2559 beygesetzt
768 2501 825 2561 und
858 2501 916 2561 mit
938 2500 948 2560 2
980 2497 1160 2557 Schlüsseln

203 2551 413 2611 verschlossen.
462 2548 532 2608 Die
554 2545 602 2605 von
635 2546 683 2606 dem
722 2548 770 2608 K.
787 2550 835 2610 K.
857 2547 1056 2607 Hofpoeten,
1079 2545 1170 2605 Joh.

208 2600 281 2660 Carl
300 2599 355 2659 von
387 2596 571 2656 Neverstein
609 2595 725 2655 darauf
750 2599 935 2659 verfertigte
960 2596 1156 2656 Inschriften

205 2655 261 2715 sind
290 2649 459 2709 folgende:

397 2740 453 2800 Hic
480 2739 578 2799 laetam
631 2739 786 2799 exspectat
813 2739 963 2799 Anastasin

308 2793 569 2853 ELISABETHA
624 2790 763 2850 MARIA
819 2793 1049 2853 BORBONIA

1205 322 1409 382 zunftmäßig
1443 327 1528 387 war,
1556 327 1615 387 und
1648 330 1837 390 niemanden
1870 330 1934 390 ihre
1967 327 2188 387 Geheimnisse

1210 372 1406 432 mittheilen.
1453 372 1525 432 Sie
1541 372 1644 432 hatten
1670 377 1820 437 Unrecht.
1872 377 1929 437 So
1950 374 2012 434 wie
2033 373 2115 433 jedes
2137 372 2198 432 Ge=

1210 416 1289 476 werk
1321 419 1374 479 für
1407 419 1464 479 alle
1497 419 1629 479 übrigen
1667 425 1836 485 arbeitet,
1874 424 1905 484 so
1932 425 2038 485 sollten
2071 422 2107 482 sie
2139 422 2192 482 für

1208 462 1268 522 alle
1295 467 1426 527 übrigen
1459 467 1628 527 studiren,
1666 469 1726 529 und
1760 470 1830 530 ihre
1857 470 2031 530 Einsichten
2065 470 2092 530 so
2125 469 2201 529 vor¬

1204 512 1349 572 tragen,
1385 515 1435 575 daß
1471 515 1506 575 sie
1532 515 1713 575 jedermann
1749 518 1874 578 nützlich
1905 518 2056 578 würden.
2112 518 2187 578 Wir

1209 560 1292 620 leben
1317 561 1341 621 in
1371 565 1494 625 Zeiten,
1509 563 1538 623 da
1568 563 1612 623 die
1637 563 1809 623 Gelehrten
1839 563 1932 623 dieses
1957 563 2133 623 erkennen;
2154 563 2188 623 sie

1211 607 1351 667 schreiben
1383 610 1434 670 für
1455 610 1507 670 alle
1534 609 1626 669 Arten
1653 607 1705 667 der
1721 610 1819 670 Leser,
1830 610 1861 670 sie
1882 610 1996 670 machen
2023 604 2194 664 Entwürfe

1213 660 1237 720 zu
1267 658 1346 718 einem
1381 657 1578 717 allgemeinen
1603 655 1810 715 Unterrichte,
1820 655 1854 715 sie
1874 656 1928 716 sind
1949 656 2032 716 mehr
2052 656 2194 716 bemüht,

1215 704 1259 764 die
1279 705 1525 765 Wissenschaften
1555 703 1707 763 gemeiner
1732 703 1756 763 zu
1791 703 1933 763 machen,
1949 703 1993 763 als
2018 703 2091 763 neue
2116 703 2194 763 Ent¬

1207 751 1375 811 deckungen
1404 751 1431 811 zu
1460 751 1586 811 wagen,
1605 751 1661 811 und
1689 751 1722 811 sie
1746 753 1773 813 zu
1802 751 1984 811 erweitern.
2013 748 2055 808 Es
2079 749 2195 809 kommt

1210 795 1261 855 bey
1287 798 1364 858 einem
1406 796 1515 856 großen
1546 798 1659 858 Theile
1681 798 1726 858 des
1753 798 1902 858 deutschen
1929 795 2115 855 Publiei
2131 797 2192 857 nur

1210 846 1324 906 darauf
1344 846 1403 906 an,
1433 846 1488 906 daß
1513 846 1542 906 er
1568 847 1641 907 diese
1667 849 1904 909 Bemühungen
1935 843 2103 903 erkennet,
2129 846 2187 906 und

1213 891 1248 951 sie
1275 891 1321 951 sich
1352 894 1383 954 zu
1409 894 1507 954 Nutze
1538 894 1656 954 macht.
1704 894 1806 954 Wenn
1843 894 1899 954 wir
1931 894 2116 954 wünschen,
2143 893 2189 953 die

1210 940 1463 1000 Wissenschaften
1494 945 1737 1005 auszubreiten,
1758 945 1815 1005 und
1841 942 1887 1002 die
1908 942 2078 1002 Litteratur
2100 942 2192 1002 allge¬

1211 990 1325 1050 meiner
1346 990 1376 1050 zu
1403 992 1554 1052 machen,
1575 992 1600 1052 so
1627 992 1736 1052 müssen
1773 992 1830 1052 wir
1861 992 1996 1052 bemüht
2018 990 2111 1050 seyn,
2132 991 2183 1051 den

1213 1037 1334 1097 größten
1371 1040 1472 1100 Theil
1494 1040 1605 1100 unsrer
1627 1043 1759 1103 Bürger
1791 1040 1854 1100 eine
1882 1040 1971 1100 Liebe
1998 1040 2051 1100 zur
2073 1039 2194 1099 Lectüre

1211 1086 1278 1146 oder
1309 1085 1361 1145 zur
1382 1088 1495 1148 Lesung
1527 1091 1657 1151 dessen,
1678 1091 1745 1151 was
1776 1088 1854 1148 schon
1891 1088 2118 1148 gemeinnützig
2145 1088 2191 1148 ist,

1206 1136 1460 1196 beyzubringen.
1511 1136 1576 1196 Und
1612 1137 1673 1197 dies
1699 1136 1775 1196 wird
1801 1136 1882 1196 nicht
1903 1135 1994 1195 besser
2015 1133 2192 1193 geschehen,

1209 1182 1253 1242 als
1278 1184 1366 1244 durch
1397 1182 1445 1242 die
1466 1184 1672 1244 Vorstellung
1702 1184 1756 1244 des
1786 1180 1923 1240 Nutzens
1958 1178 2017 1238 und
2042 1178 2189 1238 Vergnü¬

1207 1228 1311 1288 gens,
1330 1228 1380 1288 den
1413 1225 1453 1285 ein
1476 1225 1558 1285 jeder
1582 1224 1723 1284 Stand,
1746 1225 1787 1285 ein
1819 1222 1905 1282 jedes
1929 1222 2015 1282 Alter
2038 1221 2184 1281 erlangen

1202 1267 1305 1327 kann,
1339 1267 1428 1327 wenn
1466 1267 1493 1327 er
1522 1267 1578 1327 sein
1612 1270 1813 1330 Erkänntniß
1842 1267 1903 1327 mit
1922 1267 2096 1327 Wahrheit
2125 1267 2180 1327 und

1207 1312 1427 1372 Wissenschaft
1447 1312 1627 1372 bereichert.

1397 1354 1486 1414 (Die
1509 1357 1705 1417 Fortsetzung
1734 1357 1811 1417 folgt
1828 1357 1985 1417 künftig.)

1392 1506 1476 1566 Anno
1507 1509 1615 1569 saluiis
1641 1512 1761 1572 nostrae
1793 1512 2017 1572 MDCCXLI.

1327 1557 1446 1617 Vltima
1490 1558 1576 1618 Dec.
1610 1560 1739 1620 Primam
1805 1560 1903 1620 Lucem
1974 1557 2065 1617 nacta

1420 1608 1598 1668 MDCCLX
1637 1607 1728 1667 Prid.
1751 1608 1864 1668 Nonas
1897 1608 1978 1668 Oct.

1380 1658 1586 1718 Inclytissimo
1620 1655 1797 1715 JOSEPHO
1842 1658 2025 1718 Austriaco.

1446 1706 1474 1766 In
1508 1706 1597 1766 Alma
1632 1706 1699 1766 Hac
1728 1706 1812 1766 Vrbe
1846 1706 1952 1766 Nupta

1408 1754 1660 1814 MDCCLXIII.
1682 1754 1695 1814 V
1732 1757 1808 1817 Cal.
1830 1760 1991 1820 Decemb.

1556 1802 1682 1862 Conjux
1705 1802 1837 1862 Oprima

1526 1843 1633 1903 Decor
1680 1847 1855 1907 Principum

1551 1885 1665 1945 Populi
1690 1890 1834 1950 Deliciae

1433 1930 1540 1990 Coelo
1580 1933 1656 1993 ante
1687 1934 1771 1994 Diem
1819 1939 1956 1999 recepta.

1325 2028 1397 2088 Non
1436 2028 1569 2088 reliquit
1599 2029 1651 2089 Sed
1696 2031 1866 2091 Ignoravit
1889 2037 2037 2097 Saeculum

1440 2073 1674 2133 CHRISTINA
1710 2080 1936 2140 ARCHIDVX

1564 2127 1823 2187 Innocentissima

1250 2173 1290 2233 An
1324 2169 1381 2229 lesu
1416 2169 1546 2229 Christ.
1564 2178 1820 2238 MDCCLXIII.
1837 2183 1902 2243 Die
1927 2184 2026 2244 XXII
2052 2181 2141 2241 NoV.

1474 2220 1583 2280 Terris
1615 2229 1718 2289 tantum
1771 2229 1912 2289 ostensa.

1230 2266 1308 2326 Sed.
1325 2264 1347 2324 O
1388 2264 1465 2324 Spem
1506 2270 1552 2330 Ex
1576 2275 1694 2335 spem!
1727 2279 1828 2339 Eadem
1884 2281 1986 2341 iterum
2026 2279 2151 2339 sublata

1313 2312 1486 2372 Moriendi
1517 2321 1625 2381 sensum
1673 2327 1841 2387 Celeritate
1872 2330 1932 2390 non
1969 2327 2070 2387 sensit.

1213 2370 1277 2430 Die
1297 2372 1407 2432 beyden
1434 2379 1596 2439 Schlüssel
1616 2385 1668 2445 von
1702 2389 1786 2449 jedem
1839 2387 1929 2447 dieser
1956 2388 2066 2448 Särge
2093 2387 2183 2447 wur=

1206 2421 1251 2481 den
1284 2420 1329 2480 dem
1369 2428 1656 2488 Hofcammerrath
1690 2438 1748 2498 von
1781 2437 1905 2497 Mayer
1938 2435 1990 2495 und
2030 2435 2082 2495 dem
2122 2435 2173 2495 P.

1207 2469 1378 2529 Guardian
1407 2474 1602 2534 übergeben.

1451 2547 1640 2607 Wezlar,
1670 2554 1718 2614 den
1754 2554 1817 2614 21.
1845 2551 1936 2611 Jun.

1241 2587 1348 2647 Heute
1378 2590 1485 2650 Abend
1515 2598 1593 2658 starb
1617 2602 1718 2662 alhier
1742 2599 1795 2659 der
1820 2599 2010 2659 Kaiserliche
2035 2602 2094 2662 und
2124 2601 2171 2661 des

1200 2639 1599 2699 Reichscammergerichts
1629 2647 1709 2707 ältest
1721 2646 1750 2706 er
1773 2646 1947 2706 Präsident
1971 2646 2028 2706 und
2052 2646 2178 2706 Kaiser¬

1204 2682 1295 2742 licher
1327 2685 1511 2745 würklicher
1542 2694 1836 2754 Geheimterrath,
1874 2693 1953 2753 Carl
1985 2692 2082 2752 Graf
2108 2691 2162 2751 von

1199 2733 1414 2793 Wiedrunkel
1437 2737 1465 2797 im
1511 2742 1613 2802 8osten
1654 2745 1744 2805 Jahr
1779 2742 1876 2802 seines
1905 2742 2012 2802 Alters
2041 2742 2097 2802 und
2126 2742 2154 2802 im

1203 2787 1309 2847 41sten
1344 2787 1437 2847 seiner
1465 2791 1612 2851 Würde.

2029 2838 2181 2898 London,
