2479 3508
256 372 357 432 seines
386 372 516 432 Geistes
552 373 608 433 und
642 373 812 433 Gemüths
847 374 1079 434 entscheiden."

1131 374 1234 434 XIII.

232 424 338 484 Zween
368 422 543 482 öffentliche
567 416 674 476 Lehrer
697 421 747 481 der
771 425 1105 485 Gottesgelahrtheit,
1123 425 1230 485 Joh.

230 470 389 530 Heinr.
411 470 665 530 Heidegger
697 470 723 530 zu
761 473 872 533 Zürich
899 473 957 533 und
989 473 1121 533 Sam.
1143 470 1232 530 We¬

230 516 400 576 renfels
431 516 461 576 zu
498 518 622 578 Basel,
654 518 787 578 handeln
824 521 880 581 von
918 521 969 581 der
995 521 1222 581 theologischen

249 566 457 626 Intoleranz,
473 566 532 626 und

584 565 635 625 der
651 569 843 629 Zerrüttung
865 569 947 629 eines
969 572 1046 632 jeden
1073 572 1233 632 willkühr¬

240 616 351 676 "lichen
383 613 488 673 Plans
526 615 573 675 der
605 616 769 676 religiosen
796 616 853 676 wie
880 617 927 677 der
954 616 1218 676 philosophischen

232 659 456 719 "Erkenntniß
488 664 576 724 durch
608 664 733 724 gewisse
764 667 1035 727 unvermeidliche
1073 667 1229 727 Einflüsse

236 706 310 766 „der
332 715 490 775 gelehrten
522 713 612 773 Welt
628 715 654 775 in
686 712 734 772 die
756 715 1078 775 Schulmethoden."
1137 715 1232 775 XIV.

230 763 432 823 Huldrich
464 761 682 821 Zwinglin
725 763 852 823 verläßt
890 763 943 823 den
991 763 1129 823 Bruder
1156 763 1235 823 Ni¬

233 810 360 870 claus
395 809 449 869 von
489 810 542 870 der
572 810 704 870 Flühe
740 809 798 869 aus
833 810 1059 870 Unterwalden
1094 813 1152 873 mit
1177 810 1226 870 der

236 858 474 918 Erinnerung:
495 855 510 915 "
537 852 588 912 den
625 858 754 918 Stifter
786 861 894 921 unsers
927 861 1159 921 Wohlstandes
1191 861 1221 921 zu

240 906 423 966 "erflehen,
450 906 504 966 daß
543 905 569 965 er
608 903 661 963 den
700 907 905 967 moralischen
944 909 1100 969 Pflichten
1139 909 1225 969 ihres

236 954 506 1014 „beyderseitigen
544 955 787 1015 Christentums
831 956 890 1016 das
934 957 1036 1017 gröste
1080 958 1225 1018 religiose

240 1001 404 1061 "Ansehen
436 1001 600 1061 verleihe,
632 1001 696 1061 und
728 1002 807 1062 diese
840 1002 950 1062 wahre
983 1004 1136 1064 Religion
1174 1003 1226 1063 des

237 1047 405 1107 "Herzens
438 1049 464 1109 zu
496 1049 543 1109 der
565 1050 771 1110 allgemeinen
798 1049 883 1109 ihrer
904 1049 1052 1109 geliebten
1084 1052 1237 1112 Mitbür¬

261 1097 315 1157 ger
340 1096 477 1156 mache."
536 1094 615 1154 XV.
640 1096 802 1156 Menno
837 1094 1053 1154 Simonis
1088 1097 1146 1157 und
1181 1096 1230 1156 der

236 1145 484 1205 mennonitische
505 1139 666 1199 Prediger
693 1142 718 1202 zu
745 1142 905 1202 London,
926 1142 1066 1202 Jacob
1092 1145 1232 1205 Foster

239 1193 429 1253 vergleichen
455 1190 502 1250 sich
533 1190 605 1250 über
626 1190 677 1250 den
703 1190 816 1250 breiten
848 1190 924 1250 Weg
956 1190 1007 1250 der
1029 1190 1234 1250 Sittlichkeit

240 1240 299 1300 und
326 1240 493 1300 Vernunft
516 1240 564 1300 zum
602 1237 851 1297 Himmelreich.
895 1237 992 1297 XVI.
1020 1240 1127 1300 Joh.
1144 1237 1235 1297 Coc¬

232 1288 350 1348 cejus
379 1291 435 1351 und
464 1291 560 1351 Jac.
579 1288 748 1348 Saurin
777 1288 993 1348 rechtfertigen
1028 1288 1095 1348 ihre
1118 1288 1237 1348 Ausle¬

235 1339 400 1399 gungsart
423 1339 472 1399 der
496 1339 628 1399 heiligen
656 1339 806 1399 Schrift.
862 1339 1011 1399 Letzterer
1034 1341 1150 1401 nimmt
1173 1339 1233 1399 mit

231 1387 279 1447 der
306 1387 514 1447 Anmerkung
552 1387 729 1447 Abschied,
751 1391 766 1451 "
788 1387 841 1447 daß
884 1390 954 1450 man
997 1390 1082 1450 einem
1131 1390 1232 1450 Volk,

234 1424 292 1484 „um
335 1437 467 1497 dasselbe
489 1437 515 1497 zu
542 1434 737 1494 gewinnen,
759 1437 838 1497 nicht
860 1437 928 1497 stets
950 1437 1003 1497 das
1030 1440 1231 1500 Gegentheil

230 1481 355 1541 „seiner
376 1485 569 1545 Principien
595 1485 791 1545 vorhalten,
817 1486 944 1546 sondern
970 1488 999 1548 es
1025 1488 1232 1548 unvermerkt

227 1526 317 1586 „und
344 1533 429 1593 durch
461 1532 509 1592 die
531 1533 739 1593 gründlichste
766 1533 898 1593 Lehrart
925 1536 978 1596 zur
1006 1536 1223 1596 Annehmung

231 1581 286 1641 der
314 1584 541 1644 gründlichsten
581 1581 719 1641 Lehrart
742 1583 886 1643 bewegen
925 1584 1036 1644 müsse.
1120 1584 1230 1644 XVII.

231 1631 339 1691 Joh.
356 1629 448 1689 Lor.
470 1629 535 1689 von
568 1625 812 1685 Mosheim,
840 1631 975 1691 Canzler
997 1631 1046 1691 der
1068 1628 1236 1688 Universi¬

234 1676 278 1736 tät
299 1677 506 1737 Göttingen,
533 1675 618 1735 freut
639 1673 685 1733 sich
716 1671 725 1731 ”
746 1672 822 1732 über
848 1673 892 1733 die
913 1673 1121 1733 Vorstellung
1147 1673 1227 1733 einer

233 1720 410 1780 „Religion
440 1721 463 1781 in
487 1721 574 1781 ihren
603 1718 862 1778 ursprünglichen
901 1718 959 1778 und
993 1718 1223 1778 empfundenen

233 1766 457 1826 „Begriffen,
486 1762 543 1822 und
568 1763 682 1823 erklärt
702 1760 749 1820 die
769 1763 940 1823 geheiligte
960 1760 1055 1820 Gabe
1079 1763 1108 1823 zu
1137 1760 1218 1820 reden

231 1806 306 1866 "für
334 1814 388 1874 das
410 1813 595 1873 moralische
617 1811 676 1871 und
704 1810 845 1870 religiose
868 1814 1232 1874 Vereinigungsmittel

237 1861 333 1921 "aller
356 1861 539 1921 christlichen
567 1861 783 1921 Gemeinden.
848 1864 1021 1924 Vielleicht
1038 1864 1113 1924 wird
1135 1863 1226 1923 daher

234 1912 273 1972 ein
309 1915 486 1975 erneuertes
517 1912 749 1972 homiletisches
775 1913 998 1973 Seminarium
1039 1915 1099 1975 aus
1125 1915 1220 1975 vielen

229 1963 387 2023 Idiomen
425 1963 477 2023 der
505 1962 620 2022 Kirche
648 1963 705 2023 nur
738 1963 806 2023 eins
834 1963 1119 2023 hervorbringen,
1162 1966 1219 2026 und

225 2014 379 2074 diejenige
401 2014 620 2074 Dogmatick,
642 2011 754 2071 welche
787 2011 834 2071 dem
883 2011 1032 2071 unnützen
1065 2011 1230 2071 Schulge=

225 2064 302 2124 zänk
323 2063 370 2123 die
386 2061 801 2121 Staatsangelegenheiten
828 2061 879 2121 des
895 2061 1040 2121 Herzens
1067 2058 1227 2118 vorzieht,

224 2112 293 2172 auch
326 2112 432 2172 Creter
459 2112 518 2172 und
546 2109 668 2169 Araber
690 2109 722 2169 zu
755 2109 942 2169 Proselyten
969 2109 1119 2169 machen.
1152 2108 1226 2168 Der

231 2160 453 2220 Hofprediger
476 2158 763 2218 Bourdaloue
791 2157 899 2217 drückt
921 2159 969 2219 sich
1003 2160 1073 2220 noch
1106 2154 1225 2214 runder

229 2208 304 2268 aus,
325 2208 380 2268 und
412 2205 498 2265 sagt:
534 2200 544 2260 "
570 2202 650 2262 Man
682 2202 753 2262 muß
784 2202 829 2262 die
850 2208 1002 2268 Summe
1028 2208 1074 2268 der
1100 2205 1231 2265 morali¬

223 2246 325 2306 „schen
354 2252 609 2312 Empfindungen
637 2249 719 2309 durch
747 2249 801 2309 alle
813 2252 986 2312 äußerliche
1009 2255 1226 2315 Hülfsmittel

227 2291 305 2351 "der
336 2298 456 2358 Sitten
494 2296 524 2356 so
561 2296 633 2356 groß
670 2294 827 2354 machen,
864 2300 912 2360 als
949 2303 979 2363 es
1017 2306 1083 2366 seyn
1126 2303 1222 2363 kann.

224 2343 366 2403 „Nichts
388 2345 459 2405 muß
487 2342 563 2402 über
592 2339 641 2399 die
663 2342 948 2402 Gerichtsbarkeit
971 2354 1058 2414 eines
1092 2351 1223 2411 religio¬

226 2391 293 2451 "sen
323 2395 517 2455 Moralisten
546 2390 647 2450 seyn,
672 2390 728 2450 und
757 2391 837 2451 erst,
860 2398 945 2458 wenn
980 2402 1008 2462 er
1043 2402 1117 2462 alles
1151 2399 1225 2459 We¬

253 2449 397 2509 sentliche
422 2444 481 2504 mit
500 2440 548 2500 dem
591 2435 730 2495 Ansehen
761 2439 809 2499 der
834 2444 984 2504 Religion
1021 2449 1075 2509 auf
1094 2449 1148 2509 das
1179 2449 1226 2509 ge=

235 2496 386 2556 "naueste
403 2494 434 2554 zu
459 2488 626 2548 verbinden
659 2485 762 2545 weiß,
779 2488 810 2548 so
835 2494 994 2554 empfängt
1019 2497 1146 2557 dieselbe
1171 2497 1218 2557 da=

234 2545 351 2605 "durch
376 2545 453 2605 einen
487 2538 643 2598 göttlichen
668 2535 793 2595 Glanz.
865 2539 991 2599 XVIII.
1008 2544 1077 2604 Der
1102 2548 1219 2608 heilige

232 2593 458 2653 Bernhard
478 2590 544 2650 und
572 2587 678 2647 Pabst
699 2581 925 2641 Alexander
946 2588 998 2648 der
1019 2593 1119 2653 sechste
1146 2595 1225 2655 han¬

226 2642 291 2702 deln
322 2641 419 2701 unter
444 2638 558 2698 andern
595 2635 650 2695 von
687 2632 741 2692 der
772 2632 868 2692 Buße
899 2634 983 2694 eines
1014 2642 1208 2702 vornehmen

230 2688 390 2748 Sünders
416 2688 464 2748 für
490 2685 563 2745 seine
589 2682 848 2742 vorhergehende
868 2682 1040 2742 Erhöhung
1072 2689 1146 2749 über
1165 2691 1220 2751 sei¬

225 2742 256 2802 ne
276 2738 405 2798 sittliche
432 2734 632 2794 Verdienste.
678 2730 787 2790 XIX.
808 2729 982 2789 Thedor
1009 2739 1125 2799 Beza
1151 2741 1215 2801 und

219 2791 404 2851 Johann
438 2785 623 2845 Claude,
657 2784 823 2844 Prediger
857 2784 883 2844 zu
917 2787 1128 2847 Charenton,
1162 2793 1215 2853 be¬

1271 374 1385 434 rühren
1418 374 1596 434 polemische
1618 380 1781 440 Lehrarten
1809 378 1868 438 und
1895 380 2117 440 Kunstgriffe,
2145 385 2204 445 und
2232 385 2274 445 er¬

1271 421 1381 481 innern
1407 422 1452 482 sich
1483 423 1568 483 jener
1589 427 1674 487 Zeit,
1690 428 1725 488 da
1776 428 1887 488 mitten
1913 428 1973 488 aus
1999 431 2049 491 dem
2090 433 2266 493 Gedränge

1288 470 1468 530 prächtiger
1489 473 1649 533 Palläste,
1665 476 1758 536 unter
1780 476 1830 536 den
1857 479 1965 539 Tönen
1991 478 2038 538 der
2059 479 2172 539 Musen
2203 481 2265 541 und

1292 518 1317 578 in
1354 518 1488 578 Begleit
1520 519 1572 579 der
1598 524 1774 584 Gratien,
1801 527 1920 587 Furien
1957 526 1982 586 in
2019 527 2263 587 Betschwestern

1294 569 1480 629 verkleidet,
1502 568 1527 628 in
1559 569 1616 629 alle
1637 573 1823 633 Provinzen
1855 575 1907 635 des
1933 578 2162 638 unglücklichen
2194 578 2281 638 Gal¬

1282 615 1371 675 'liens
1398 618 1552 678 giengen,
1563 617 1610 677 wo
1633 616 1669 676 sie
1691 620 1748 680 mit
1765 625 1929 685 Ablegung
1957 627 2041 687 ihrer
2063 628 2179 688 Maske
2201 628 2275 688 das¬

1275 666 1396 726 "jenige
1417 664 1544 724 thaten,
1561 667 1639 727 wozu
1671 667 1708 727 sie
1730 672 1894 732 bestimmt
1910 673 2036 733 waren.
2096 676 2174 736 XX.
2196 676 2269 736 Mit

1269 711 1353 771 einem
1404 715 1606 775 moralischen
1642 715 1777 775 Gefühl
1803 718 1853 778 des
1889 721 2090 781 Mitleidens
2121 724 2196 784 über
2222 724 2266 784 die

1271 761 1509 821 Verfolgungen
1543 766 1591 826 der
1619 766 1764 826 Jesuiten
1798 769 1976 829 beschließen
2009 772 2057 832 der
2080 772 2264 832 Erzbischof

1270 807 1377 867 Laud
1410 809 1475 869 und
1502 810 1556 870 P.
1578 813 1615 873 la
1643 813 1805 873 Chaise
1833 816 1908 876 diese
1936 818 1967 878 20
2001 820 2200 880 Gespräche,
2217 821 2270 881 de¬

1267 853 1318 913 ren
1354 858 1576 918 ungenannter
1608 861 1768 921 Verfasser
1799 863 1887 923 Herr
1913 867 2140 927 Wegelin,
2177 864 2269 924 Pro¬

1270 903 1357 963 fessor
1379 903 1404 963 in
1436 903 1503 963 St.
1519 909 1669 969 Gallen,
1690 908 1757 968 seyn
1789 909 1855 969 soll.
1909 910 1954 970 Er
1976 915 2141 975 versichert
2163 918 2188 978 in
2215 918 2266 978 der

1269 951 1437 1011 Vorrede,
1460 954 1470 1014 "
1492 954 1546 1014 daß
1574 954 1606 1014 es
1634 954 1682 1014 ihm
1726 957 1911 1017 überhaupt
1933 963 2036 1023 genug
2069 965 2183 1025 wäre,
2205 966 2254 1026 sich

1287 998 1387 1058 'denen
1427 998 1634 1058 verständlich
1670 1001 1699 1061 zu
1740 1005 1891 1065 machen,
1927 1008 1972 1068 die
2008 1011 2058 1071 ihn
2099 1013 2254 1073 verstehen

1292 1046 1418 1106 sollten.
1493 1046 1572 1106 Wir
1594 1049 1731 1109 zweifeln
1763 1049 1794 1109 an
1827 1052 1874 1112 den
1906 1058 2117 1118 Vortheilen,
2140 1061 2187 1121 die
2214 1063 2260 1123 sich

1266 1091 1353 1151 unser
1380 1091 1617 1151 Schriftsteller
1638 1094 1695 1154 von
1721 1097 1820 1157 dieser
1841 1104 2042 1164 Bedingung
2069 1109 2094 1169 zu
2126 1110 2265 1170 verspre¬

1267 1136 1330 1196 chen
1362 1139 1494 1199 scheint,
1521 1144 1579 1204 und
1606 1142 1690 1202 sehen
1722 1145 1833 1205 selbige
1860 1145 1928 1205 eben
1960 1151 2045 1211 nicht
2072 1155 2119 1215 für
2156 1157 2198 1217 ein
2236 1159 2256 1219 so

1270 1184 1414 1244 schweres
1440 1186 1553 1246 Gesetz
1569 1189 1630 1249 an,
1652 1188 1682 1248 zu
1719 1190 1811 1250 dessen
1843 1194 2013 1254 Erfüllung
2049 1200 2116 1260 eine
2147 1204 2266 1264 außer¬

1270 1231 1460 1291 ordentliche
1481 1234 1693 1294 Würdigkeit
1714 1237 1770 1297 und
1797 1239 2008 1299 Erleuchtung
2034 1244 2085 1304 der
2107 1247 2189 1307 Leser
2220 1250 2266 1310 er¬

1268 1282 1391 1342 fordert
1406 1282 1499 1342 wird.
1524 1285 1607 1345 Eine
1622 1288 1799 1348 geheimere
1820 1291 1981 1351 Kenntniß
2002 1289 2045 1349 der
2066 1294 2267 1354 unterreden¬

1267 1333 1320 1393 den
1347 1333 1511 1393 Personen
1543 1336 1601 1396 und
1634 1336 1724 1396 ihrer
1746 1339 1925 1399 Geschichte
1953 1342 2064 1402 würde
2091 1345 2138 1405 den
2165 1345 2271 1405 Local=

1270 1384 1437 1444 nachdruck
1470 1386 1523 1446 des
1562 1390 1708 1450 Dialogs
1741 1390 2038 1450 mannigfaltiger,
2077 1396 2266 1456 körnichter,

1267 1434 1328 1494 und
1355 1435 1582 1495 vertraulicher
1603 1439 1743 1499 gemacht
1764 1440 1887 1500 haben.
1935 1442 2012 1502 Wir
2043 1444 2162 1504 goͤnnen
2204 1444 2255 1504 den

1262 1482 1423 1542 religiosen
1454 1485 1646 1545 Theorien,
1672 1488 1803 1548 worauf
1819 1491 1889 1551 man
1915 1490 1960 1550 die
1981 1491 2097 1551 Sitten
2128 1494 2178 1554 der
2199 1494 2264 1554 Un¬

1269 1533 1429 1593 terthanen
1460 1533 1522 1593 und
1543 1533 1584 1593 die
1605 1536 1770 1596 Wohlfart
1791 1536 1842 1596 der
1859 1538 1998 1598 Staaten
2024 1540 2091 1600 jetzt
2117 1542 2256 1602 gruͤnden

1267 1580 1359 1640 will,
1407 1580 1478 1640 eben
1520 1581 1577 1641 kein
1619 1585 1872 1645 Bürgerrecht;
1909 1587 2038 1647 sondern
2080 1590 2250 1650 wünschten

1264 1625 1351 1685 mehr
1378 1625 1492 1685 Furcht
1513 1627 1569 1687 und
1601 1628 1767 1688 Weisheit
1793 1631 1871 1691 allen
1903 1635 2187 1695 Schriftstellern,
2214 1640 2260 1700 die

1277 1667 1411 1727 "gewisse
1440 1671 1793 1731 Intellectualbegriffe
1817 1676 1849 1736 zu
1887 1677 2068 1737 entfernen,
2096 1682 2156 1742 und
2185 1685 2254 1745 ihre

1291 1712 1454 1772 schädliche
1483 1712 1665 1772 Wirkung,
1684 1718 1771 1778 durch
1800 1718 1919 1778 nähere
1944 1727 2179 1787 Verknüpfung
2208 1729 2265 1789 po¬

1269 1757 1422 1817 "litischer
1449 1758 1512 1818 und
1539 1763 1740 1823 moralischer
1768 1768 2011 1828 Verhältnisse,
2038 1772 2069 1832 zu
2096 1775 2191 1835 heben
2218 1776 2265 1836 su¬

1282 1810 1375 1870 schen.
1448 1811 1526 1871 Vor
1559 1813 1631 1873 allen
1665 1817 1797 1877 übrigen
1831 1819 2042 1879 Verdiensten
2076 1824 2130 1884 des
2159 1824 2263 1884 Verf.

1270 1858 1434 1918 empfiehlt
1451 1859 1502 1919 sich
1525 1861 1581 1921 sein
1610 1865 1694 1925 Fleiß
1717 1868 1768 1928 zur
1791 1870 2034 1930 Nacheiferung
2057 1875 2079 1935 in
2114 1876 2158 1936 der
2181 1876 2260 1936 Kir¬

1269 1909 1532 1969 chengeschichte,
1574 1912 1625 1972 die
1656 1914 1703 1974 als
1739 1918 1811 1978 eine
1843 1920 1951 1980 wahre
1988 1923 2184 1983 Goldgrube
2220 1925 2251 1985 zu

1267 1960 1531 2020 Beobachtungen
1563 1963 1619 2023 und
1646 1966 1900 2026 Grundsätzen,
1932 1968 1978 2028 als
2015 1968 2056 2028 ein
2088 1969 2248 2029 Wetzstein

1267 2006 1318 2066 der
1339 2008 1539 2068 Weltweisen
1571 2011 1628 2071 und
1654 2015 1839 2075 Prüfestein
1870 2017 1921 2077 der
1943 2017 2180 2077 Staatsklugen
2211 2017 2257 2077 ge¬

1264 2056 1394 2116 braucht
1415 2058 1535 2118 werden
1571 2060 1672 2120 kann.
1723 2064 1945 2124 Ohngeachtet
1970 2064 2050 2124 diese
2071 2064 2252 2124 Gespräche

1287 2103 1313 2163 in
1345 2104 1392 2164 die
1414 2105 1514 2165 Classe
1536 2106 1588 2166 der
1610 2107 1832 2167 Belehrenden
1859 2112 2027 2172 gehören,
2054 2115 2118 2175 sind
2140 2115 2250 2175 selbige

1263 2154 1450 2214 gleichwohl
1473 2154 1501 2214 in
1529 2151 1622 2211 sofern
1651 2154 1839 2214 ergötzend,
1862 2159 1911 2219 als
1939 2160 1988 2220 die
2005 2164 2254 2224 Beredsamkeit

1265 2202 1351 2262 eines
1373 2200 1665 2260 Policionello
1698 2202 1752 2262 das
1786 2202 1882 2262 matte
1904 2206 2012 2266 Spiel
2040 2212 2137 2272 seiner
2165 2217 2262 2277 Ma¬

1259 2249 1458 2309 ronetten
1497 2249 1545 2309 für
1578 2247 1701 2307 gewisse
1724 2249 1901 2309 Zuschauer
1929 2252 1998 2312 sehr
2021 2256 2241 2316 unterhaltend

1263 2299 1378 2359 macht.
1423 2297 1501 2357 Der
1524 2294 1683 2354 Verfasser
1706 2300 1817 2360 rühmt
1839 2300 1888 2360 sich
1911 2300 1994 2360 zwar
2023 2303 2044 2363 in
2072 2305 2155 2365 jedem
2188 2304 2254 2364 Ge¬

1266 2348 1361 2408 spräch
1393 2348 1489 2408 "eine
1510 2345 1680 2405 befondere
1702 2348 1845 2408 religiose
1873 2349 2069 2409 Maasregel
2096 2351 2122 2411 in
2149 2352 2233 2412 ihrem

1275 2396 1388 2456 rechten
1420 2396 1477 2456 und
1503 2393 1560 2453 von
1597 2395 1668 2455 allen
1701 2399 1933 2459 Vorurtheilen
1965 2400 2245 2460 unabhängenden

1279 2446 1446 2506 Gebrauch
1474 2440 1652 2500 vorgestellt
1674 2442 1700 2502 zu
1733 2447 1862 2507 haben;
1917 2449 1992 2509 aber
2014 2449 2084 2509 auch
2117 2452 2165 2512 bey
2193 2454 2246 2514 der

1256 2494 1512 2554 gegenwärtigen
1548 2491 1717 2551 Gährung
1752 2495 1805 2555 des
1841 2494 2003 2554 religiosen
2039 2502 2249 2562 Geschmacks

1256 2542 1363 2602 würde
1386 2539 1522 2599 Paulus
1545 2537 1653 2597 nöthig
1682 2544 1811 2604 finden,
1835 2545 1880 2605 die
1903 2547 1937 2607 an
1966 2548 2118 2608 Handel,
2142 2554 2249 2614 Wan=

1257 2593 1310 2653 del
1337 2591 1395 2651 und
1427 2587 1596 2647 Einsichten
1639 2590 1713 2650 reich
1746 2593 1803 2653 und
1836 2593 1894 2653 satt
1916 2598 2106 2658 gewordene
2139 2602 2255 2662 Corin¬

1253 2641 1331 2701 thier
1349 2641 1377 2701 zu
1406 2635 1564 2695 warnen:
1582 2636 1689 2696 Euer
1712 2643 1830 2703 Ruhm
1876 2646 1922 2706 ist
1945 2646 2052 2706 nicht
2075 2649 2182 2709 fein.
2194 2648 2210 2708 —

1253 2688 1366 2748 Kosten
1395 2686 1417 2746 in
1446 2682 1497 2742 der
1520 2685 1724 2745 Kanterschen
1754 2694 2021 2754 Buchhandlung
2050 2699 2163 2759 allhier
2187 2697 2243 2757 wie

1253 2741 1324 2801 auch
1349 2737 1372 2797 in
1403 2733 1522 2793 Elbing
1547 2736 1605 2796 und
1631 2741 1744 2801 Mitau
1780 2742 1792 2802 2
1816 2744 1851 2804 fl.
