2479 3508
273 372 319 432 die
338 371 602 431 After=Youngs
633 366 661 426 in
691 368 786 428 seinem
822 363 951 423 Wirbel
981 366 1010 426 zu
1046 366 1251 426 verschlingen

275 419 402 479 drohet,
419 419 463 479 die
486 418 541 478 fast
564 414 591 474 zu
625 413 702 473 matt
725 413 897 473 spielenden
925 412 1046 472 Wellen
1075 410 1125 470 des
1147 413 1258 473 erstern

275 467 477 527 auffangen,
508 460 624 520 wovon
662 460 723 520 wir
754 463 815 523 nur
853 461 901 521 den
945 461 1073 521 Anfang
1111 460 1165 520 und
1203 461 1251 521 den

276 512 403 572 Schluß
432 509 574 569 hersetzen
603 509 735 569 wollen.

332 556 386 616 Du
414 557 712 617 Silberlächlendes
741 557 878 617 Gesicht,

285 606 352 666 Aus
386 607 436 667 dem
488 607 538 667 der
567 607 661 667 ganze
697 604 774 664 Reiz
803 604 853 664 der
883 601 994 661 sanften
1028 601 1253 661 Schwermuth

802 649 931 709 spricht,

827 697 917 757 Thau
957 696 1008 756 auf
1037 699 1099 759 jene
1133 697 1269 757 Leichen=

282 700 302 760 O
337 703 472 763 Mond!
493 703 513 763 —
569 703 595 763 ja
623 700 724 760 weine

802 742 929 802 steine!

750 790 898 850 Thränen
931 789 1047 849 weine.

282 792 357 852 Wie
377 795 420 855 ich
446 795 508 855 hier
535 792 635 852 einsam

758 837 860 897 Welch
895 837 936 897 ein
964 837 1129 897 Gedicht!

295 844 351 904 Ich
380 843 475 903 weine
510 837 521 897 —
584 840 673 900 Ach!

293 894 349 954 Ach
384 891 395 951 —
452 888 519 948 was
548 888 678 948 empfind
707 886 746 946 ich
769 886 870 946 nicht!

777 976 818 1036 ich
849 976 922 1036 fühl
941 975 964 1035 im
1008 972 1172 1032 Stillen=

344 981 409 1041 Ich
426 981 515 1041 fühle

606 981 687 1041 ach!

296 1028 359 1088 Aus
386 1025 480 1085 dieser
502 1023 607 1083 Brust
629 1025 649 1085 so
676 1022 818 1082 manchen
845 1019 987 1079 Seufzer
1014 1019 1119 1079 quillen

624 1070 722 1130 quillt
743 1067 805 1127 doch
837 1063 915 1123 nicht
941 1063 961 1123 so
988 1061 1091 1121 sehr-

295 1075 352 1135 Ach
384 1070 529 1130 Seufzer
556 1067 571 1127 —

299 1118 365 1178 Sie
387 1118 474 1178 toben
501 1115 646 1175 wühlend
677 1115 760 1175 durch
792 1112 848 1172 das
875 1109 957 1169 Herz
984 1106 999 1166 —

297 1166 370 1226 Sie
388 1165 484 1225 reißen
518 1166 660 1226 Wunden
689 1165 711 1225 in
740 1163 796 1223 das
819 1160 903 1220 Herz

300 1214 363 1274 Sie
387 1213 508 1273 winden
538 1213 590 1273 sich
625 1207 636 1267 —
694 1212 741 1272 ach
765 1204 967 1264 Wehmuth!
996 1202 1007 1262 —
1067 1204 1141 1264 ach!

814 1252 1001 1312 Schmerz!

296 1312 426 1372 Hinauf
449 1312 498 1372 zum
536 1310 673 1370 Aether.
696 1307 709 1367 —
769 1306 906 1366 Sanfte
929 1303 1109 1363 Schatten!

297 1360 458 1420 Gelagert
475 1360 530 1420 auf
553 1359 758 1419 entschlafnen
792 1354 913 1414 Matten

301 1404 387 1464 Hebt
406 1404 440 1464 sie
470 1404 487 1464 —
547 1405 621 1465 hebt
640 1404 738 1464 meine
762 1402 850 1462 Seel
868 1402 1001 1462 empor!

296 1452 370 1512 Wie
392 1452 504 1512 drehnt
520 1452 546 1512 im
589 1450 867 1510 wachgewordnen
894 1449 962 1509 Ohr

298 1497 361 1557 Die
385 1498 537 1558 Stimme
561 1500 607 1560 der
631 1497 853 1557 Melancholie
882 1494 893 1554 —
952 1494 1010 1554 von
1040 1491 1173 1551 weiten!

311 1546 364 1606 Ich
382 1546 487 1606 horche
506 1548 517 1608 —
565 1548 623 1608 wie
641 1548 682 1608 ein
706 1545 812 1605 Sturm
854 1542 912 1602 auf
930 1542 1154 1602 wellenreichen
1178 1539 1271 1599 Meer

299 1593 354 1653 So
379 1594 477 1654 wälzt
496 1591 544 1651 sich
570 1593 630 1653 ihre
656 1593 802 1653 Stimme
828 1590 876 1650 her

300 1640 382 1700 Ruft
400 1641 433 1701 sie
445 1640 505 1700 mir
522 1640 622 1700 nicht:
644 1634 844 1694 Empfinde?
872 1634 883 1694 —
928 1634 966 1694 Ja
989 1632 1000 1692 —
1045 1631 1077 1691 sie
1094 1634 1216 1694 sprichts

479 1688 540 1748 nun
569 1685 704 1745 empfind
727 1682 766 1742 ich
789 1679 868 1739 erst!
891 1673 907 1733 —
964 1674 1060 1734 Denn
1089 1676 1127 1736 ich
1151 1676 1280 1736 empfin¬

303 1689 426 1749 Ach!-

810 1724 848 1784 de
878 1721 887 1781 —
952 1718 1088 1778 Nichts.

352 1775 540 1835 Empfinden
577 1772 665 1832 unsre
696 1769 777 1829 Leser
808 1766 907 1826 etwas
938 1764 1079 1824 hiebey?
1122 1763 1209 1823 Doch
1240 1762 1280 1822 sie

301 1822 387 1882 sollen
417 1822 486 1882 auch
510 1819 608 1879 nichts
632 1817 828 1877 empfinden.
881 1817 962 1877 Auch
991 1814 1072 1874 nicht
1102 1812 1153 1872 daß
1183 1811 1275 1871 dieses

306 1873 370 1933 eine
389 1871 518 1931 Satyre
536 1870 601 1930 seyn
631 1870 707 1930 soll?
743 1867 820 1927 Das
844 1865 944 1925 vierte
962 1864 1079 1924 Stück,
1098 1864 1144 1924 der
1169 1861 1274 1921 Ritter

301 1921 383 1981 ohne
402 1922 508 1982 Ahnen
538 1920 591 1980 soll
615 1918 679 1978 eine
704 1915 798 1975 Critik
828 1916 888 1976 auf
912 1915 958 1975 die
989 1915 1142 1975 gelehrten
1173 1912 1278 1972 Diebe

300 1969 329 2029 in
360 1971 405 2031 der
425 1967 667 2027 Uebersetzung,
683 1965 743 2025 und
769 1965 814 2025 dem
855 1963 1011 2023 Original
1037 1962 1106 2022 nach
1143 1963 1198 2023 auf
1223 1960 1273 2020 den

305 2018 510 2078 bürgerlichen
543 2014 717 2074 Edelmann
744 2013 831 2073 seyn.
869 2011 945 2071 Das
968 2011 1075 2071 fünfte
1092 2008 1200 2068 liefert
1217 2008 1276 2068 uns

306 2067 368 2127 vier
391 2061 646 2121 Uebersetzungen
669 2061 725 2121 aus
754 2058 822 2118 eben
851 2058 873 2118 so
902 2058 964 2118 viel
981 2055 1168 2115 Sprachen.
1202 2055 1275 2115 Das

304 2112 404 2172 sechste
429 2112 482 2172 soll
500 2111 565 2171 eine
583 2109 767 2169 moralische
792 2106 1041 2166 Bildergallerie
1059 2100 1237 2160 vorstellen,
1249 2103 1272 2163 in

304 2160 355 2220 der
379 2160 448 2220 aber
472 2157 546 2217 Licht
570 2157 627 2217 und
651 2154 800 2214 Schatten
830 2154 893 2214 bald
917 2151 945 2211 zu
975 2151 1072 2211 wenig
1102 2151 1280 2211 abwechselt

301 2205 368 2265 bald
408 2205 436 2265 zu
477 2205 550 2265 stark
585 2202 612 2262 in
653 2200 806 2260 einander
830 2199 994 2259 geflossen.
1040 2200 1118 2260 Das
1148 2196 1278 2256 siebente

304 2249 421 2309 könnte
439 2249 551 2309 füglich
575 2246 621 2306 den
645 2245 780 2305 Anhang
804 2244 833 2304 zu
857 2246 1086 2306 Menantes
1116 2243 1286 2303 Briefstel¬

307 2297 341 2357 ler
365 2294 591 2354 ausmachen,
615 2291 672 2351 und
702 2290 795 2350 selbst
819 2294 870 2354 der
900 2294 1033 2354 gelehrte
1057 2291 1166 2351 Pöbel
1190 2293 1282 2353 führt

306 2345 373 2405 auch
394 2342 424 2402 zu
451 2339 559 2399 unsern
581 2336 679 2396 Zeiten
706 2339 788 2399 nicht
804 2342 892 2402 mehr
913 2342 960 2402 die
976 2342 1126 2402 Sprache
1147 2340 1198 2400 der
1214 2339 1260 2399 rau

306 2396 355 2456 hen
383 2384 815 2444 Fischbrücksrednerinnen,
833 2390 954 2450 sondern
982 2390 1137 2450 vielmehr
1160 2387 1203 2447 der
1232 2387 1281 2447 ab¬

306 2441 489 2501 geschlifnen
517 2432 838 2492 Kammerjungfern.
889 2437 999 2497 Kosten
1028 2435 1050 2495 in
1084 2435 1127 2495 der
1151 2435 1272 2495 Kanter

313 2488 385 2548 schen
414 2488 674 2548 Buchhandlung
697 2482 806 2542 allhier
828 2482 885 2542 wie
915 2485 987 2545 auch
1017 2483 1037 2543 in
1067 2483 1182 2543 Elbing
1212 2485 1269 2545 und

307 2539 422 2599 Mitau
451 2537 486 2597 15
515 2539 567 2599 gr.

689 2614 880 2674 Gedanken

342 2676 414 2736 über
444 2673 494 2733 die
525 2673 749 2733 Ausbreitung
787 2666 836 2726 der
866 2667 1150 2727 Wissenschaften,
1173 2670 1230 2730 und

503 2724 585 2784 einer
619 2721 818 2781 verbesserten
858 2716 1076 2776 Erkanntniß.

283 2782 544 2842 Roußeau,
571 2780 623 2840 der
643 2778 780 2838 Bürger
801 2772 859 2832 von
886 2770 1003 2830 Genf,
1030 2775 1141 2835 schrieb
1168 2773 1265 2833 wider

296 2835 345 2895 die
362 2832 643 2892 Wissenschaften,
666 2831 726 2891 und
760 2826 864 2886 wollte
893 2821 1064 2881 beweisen,
1092 2823 1141 2883 daß
1169 2823 1202 2883 sie
1225 2821 1268 2881 die

1303 364 1422 424 Quelle
1443 363 1495 423 des
1509 364 1668 424 Unglücks
1688 366 1774 426 unter
1788 366 1835 426 dem
1875 363 2087 423 menschlichen
2114 366 2286 426 Geschlecht

1303 412 1429 472 wären,
1451 410 1508 470 und
1535 411 1582 471 die
1599 413 1767 473 Barbarey
1794 413 1990 473 glücklichere
2011 410 2127 470 Völker
2149 413 2291 473 gemacht

1304 458 1399 518 habe,
1415 455 1457 515 als
1485 455 1537 515 sie.
1586 455 1675 515 Man
1703 461 1760 521 hat
1777 461 1824 521 ihn
1857 460 2032 520 widerlegt,
2048 457 2127 517 recht
2149 457 2170 517 in
2197 459 2271 519 allem

1300 505 1403 565 Ernst
1430 503 1619 563 widerlegt,
1652 504 1717 564 und
1744 509 1944 569 Roußeau
1983 506 2036 566 hat
2069 506 2123 566 nur
2156 504 2285 564 scherzen

1305 551 1439 611 wollen.
1486 551 1558 611 Die
1579 551 1724 611 Herren,
1740 554 1786 614 die
1812 555 1837 615 so
1869 554 2008 614 ernstlich
2040 554 2138 614 wider
2164 554 2215 614 ihn
2252 554 2298 614 ge¬

1304 598 1449 658 schrieben
1481 598 1600 658 haben,
1627 598 1719 658 haben
1747 601 1829 661 nicht
1850 601 1970 661 Scherz
1991 601 2194 661 verstanden.
2226 600 2293 660 Der

1306 646 1430 706 Genfer
1452 646 1630 706 Philosoph
1658 646 1771 706 gehört
1798 649 1830 709 zu
1863 649 1917 709 den
1950 649 2122 709 paradoxen
2150 646 2295 706 Köpsen,

1311 692 1355 752 die
1386 693 1411 753 in
1442 694 1532 754 ihrer
1563 694 1664 754 eignen
1695 696 1800 756 Laune
1831 697 1886 757 das
1912 695 2113 755 Gegentheil
2140 697 2194 757 von
2225 697 2275 757 dem

1310 739 1420 799 sagen,
1436 742 1501 802 was
1527 741 1582 801 alle
1604 739 1694 799 Welt
1715 745 1902 805 behauptet.
1933 744 2039 804 Wenn
2065 745 2120 805 alle
2141 745 2232 805 Welt
2252 745 2297 805 die

1304 786 1559 846 Wissenschaften
1589 789 1775 849 verachtete,
1801 791 1859 851 und
1894 790 2095 850 Roußeau
2135 792 2223 852 unter
2248 790 2296 850 de¬

1306 834 1365 894 nen
1393 834 1565 894 Barbaren
1593 834 1690 894 lebte,
1707 835 1755 895 die
1772 837 1804 897 er
1820 837 1960 897 glücklich
1983 837 2112 897 preiset,
2134 837 2161 897 so
2183 837 2291 897 würde

1310 884 1342 944 er
1365 882 1431 942 eine
1454 882 1670 942 Abhandlung
1698 882 1742 942 für
1770 885 1814 945 die
1832 885 2075 945 Wissenschaften
2104 885 2286 945 geschrieben

1315 930 1436 990 haben,
1458 930 1537 990 weil
1554 927 1580 987 er
1607 927 1675 987 denn
1713 930 1734 990 so
1761 930 1930 990 sonderbar
1952 933 2036 993 hätte
2058 933 2190 993 scheinen
2222 933 2296 993 kön¬

1314 975 1389 1035 nen,
1400 973 1445 1033 als
1471 972 1501 1032 er
1521 974 1551 1034 es
1577 973 1628 1033 itzt
1648 975 1790 1035 scheinet,
1806 975 1830 1035 da
1861 975 1887 1035 er
1912 975 2008 1035 wider
2034 978 2069 1038 sie
2090 981 2221 1041 streitet.
2247 981 2292 1041 Es

1316 1019 1354 1079 ist
1372 1016 1451 1076 seine
1474 1016 1717 1076 philosophische
1741 1019 1870 1079 Laune,
1894 1019 1939 1079 den
1968 1022 2182 1082 paradoresten
2211 1027 2296 1087 Satz

1316 1064 1564 1124 durchzusetzen.
1611 1064 1698 1124 Sein
1730 1064 1817 1124 Buch
1849 1064 1884 1124 ist
1906 1064 2008 1124 weiter
2040 1070 2138 1130 nichts
2170 1073 2215 1133 als
2247 1073 2288 1133 ein

1316 1109 1461 1169 Scherz,
1477 1112 1501 1172 in
1527 1109 1622 1169 dieser
1648 1112 1743 1172 seiner
1769 1112 1884 1172 Laune,
1905 1112 1960 1172 und
1991 1112 2030 1172 als
2061 1115 2141 1175 einen
2172 1119 2292 1179 Scherz

1320 1155 1376 1215 hat
1392 1154 1422 1214 es
1449 1154 1490 1214 die
1516 1157 1681 1217 Akademie
1702 1157 1733 1217 zu
1760 1160 1904 1220 Dyon,
1920 1160 2064 1220 gekrönt.
2096 1157 2142 1217 Er
2163 1163 2297 1223 versteht

1323 1201 1365 1261 die
1387 1201 1492 1261 Kunst
1509 1203 1566 1263 uns
1593 1201 1619 1261 so
1641 1204 1709 1264 sehr
1731 1205 1757 1265 zu
1789 1207 1984 1267 vergnügen,
2001 1207 2053 1267 daß
2080 1207 2138 1267 wir
2165 1207 2185 1267 in
2212 1210 2296 1270 einer

1317 1252 1383 1312 Art
1406 1252 1461 1312 von
1501 1252 1724 1312 Trunkenheit
1753 1255 1802 1315 die
1825 1256 1936 1316 Dinge
1965 1255 1992 1315 so
2026 1256 2176 1316 verkehrt
2199 1260 2310 1320 sehen,

1317 1300 1377 1360 wie
1400 1300 1427 1360 er
1444 1300 1482 1360 sie
1500 1302 1560 1362 uns
1582 1301 1737 1361 vorstellt,
1754 1303 1809 1363 und
1837 1305 1886 1365 den
1915 1305 1980 1365 Ort
2009 1303 2085 1363 nicht
2114 1306 2202 1366 gleich
2235 1309 2296 1369 fin¬

1317 1351 1370 1411 den
1398 1348 1532 1408 können,
1549 1349 1592 1409 wo
1619 1351 1673 1411 wir
1700 1351 1921 1411 hingehören;
1944 1354 2029 1414 wenn
2057 1354 2116 1414 wir
2138 1357 2197 1417 uns
2219 1357 2289 1417 aber

1315 1402 1368 1462 von
1395 1401 1442 1461 dem
1485 1401 1623 1461 Rausche
1655 1402 1708 1462 des
1735 1403 1953 1463 Vergnügens
1985 1403 2086 1463 erholt
2113 1404 2240 1464 haben,
2267 1405 2293 1465 so

1309 1446 1456 1506 besinnen
1486 1447 1545 1507 wir
1565 1448 1623 1508 uns
1653 1449 1785 1509 wieder,
1810 1449 1854 1509 wo
1874 1449 1933 1509 wir
1958 1451 2036 1511 sind,
2061 1452 2120 1512 und
2145 1452 2287 1512 erinnern

1315 1497 1405 1557 uns,
1426 1496 1481 1556 daß
1516 1494 1572 1554 wir
1603 1494 1658 1554 von
1699 1497 1779 1557 einem
1831 1497 1941 1557 reichen
1972 1499 2098 1559 Manne
2129 1500 2300 1560 bewirthet

1316 1543 1460 1603 worden,
1481 1542 1527 1602 der
1554 1542 1579 1602 es
1605 1542 1651 1602 sich
1673 1545 1827 1605 vorsetzte,
1843 1545 1899 1605 uns
1927 1545 1983 1605 von
2009 1546 2195 1606 Vergnüͤgen
2216 1548 2298 1608 trun¬

1316 1590 1363 1650 ken
1390 1590 1421 1650 zu
1448 1590 1590 1650 machen.
1638 1590 1717 1650 Wir
1738 1593 1843 1653 dürfen
1881 1591 1965 1651 nicht
1986 1593 2155 1653 zweifeln,
2182 1594 2207 1654 er
2240 1596 2292 1656 hat

1315 1634 1378 1694 uns
1403 1634 1457 1694 nur
1482 1634 1659 1694 vergnügen
1689 1636 1815 1696 wollen.
1855 1634 1928 1694 Wir
1948 1637 2061 1697 müssen
2086 1637 2145 1697 nur
2170 1637 2223 1697 auf
2243 1637 2302 1697 un¬

1317 1681 1373 1741 srer
1399 1676 1466 1736 Hut
1487 1676 1605 1736 stehen,
1616 1676 1662 1736 daß
1689 1676 1750 1736 wir
1771 1679 1848 1739 nicht
1864 1679 1983 1739 Scherz
1999 1680 2045 1740 für
2066 1679 2158 1739 Ernst
2174 1682 2298 1742 halten.

1363 1718 1471 1778 Jeder
1486 1721 1791 1781 Menschenfreund,
1811 1722 1860 1782 der
1880 1722 1963 1782 nicht
1978 1724 2106 1784 scherzen
2131 1727 2209 1787 will,
2219 1730 2293 1790 wird

1321 1766 1501 1826 wünschen,
1518 1769 1568 1829 daß
1597 1769 1642 1829 sich
1671 1769 1721 1829 das
1750 1772 1840 1832 Reich
1875 1769 1925 1829 der
1948 1772 2122 1832 Wahrheit
2151 1778 2207 1838 und
2242 1780 2292 1840 der

1321 1818 1568 1878 Wissenschaften
1596 1819 1779 1879 erweitern,
1801 1822 1860 1882 und
1893 1820 1957 1880 jede
1979 1822 2081 1882 Kunst
2109 1825 2297 1885 gemeinnü¬

1317 1870 1405 1930 tziger
1428 1870 1543 1930 werden
1572 1870 1710 1930 möchte;
1738 1870 1765 1930 er
1788 1870 1865 1930 wird
1888 1870 1937 1930 sich
1960 1870 2043 1930 selbst
2054 1873 2225 1933 bemühen,
2237 1873 2292 1933 das

1322 1918 1518 1978 Erkänntniß
1545 1918 1639 1978 seiner
1656 1919 1847 1979 Mitbürger
1869 1921 1894 1981 zu
1927 1919 2117 1979 verbessern,
2128 1921 2181 1981 und
2203 1921 2287 1981 ihnen

1319 1966 1490 2026 Anleitung
1524 1966 1551 2026 zu
1585 1966 1707 2026 geben,
1735 1968 1795 2028 wie
1824 1967 1857 2027 sie
1880 1968 2101 2028 Wissenschaft
2124 1967 2179 2027 von
2213 1969 2290 2029 allen

1313 2014 1476 2074 nützlichen
1504 2012 1631 2072 Dingen
1658 2014 1715 2074 und
1743 2014 1949 2074 Wahrheiten
1982 2017 2125 2077 erlangen
2157 2017 2294 2077 können.

1318 2052 1365 2112 Je
1387 2059 1476 2119 mehr
1498 2058 1555 2118 wir
1578 2061 1746 2121 überzeugt
1768 2064 1847 2124 sind,
1864 2061 1916 2121 daß
1949 2064 2011 2124 eine
2033 2064 2218 2124 verbesserte
2240 2061 2298 2121 Er¬

1316 2107 1466 2167 känntniß
1492 2106 1531 2166 ein
1562 2106 1682 2166 wahres
1708 2106 1768 2166 und
1793 2109 1894 2169 reines
1920 2110 2110 2170 Vergnügen
2136 2112 2296 2172 gewährt,

1315 2155 1361 2215 die
1377 2154 1479 2214 Seele
1496 2151 1547 2211 von
1574 2154 1619 2214 den
1646 2154 1769 2214 gröbern
1796 2154 1981 2214 Vergnügen
2013 2160 2059 2220 der
2075 2160 2188 2220 Sinne
2204 2163 2292 2223 mehr

1315 2200 1455 2260 abzieht,
1472 2200 1579 2260 mithin
1612 2199 1677 2259 eine
1699 2201 1747 2261 dem
1786 2202 1953 2262 Menschen
1986 2205 2132 2265 würdige
2154 2210 2299 2270 Glückse¬

1315 2249 1422 2309 ligkeit
1439 2248 1481 2308 ihm
1531 2246 1627 2306 giebt,
1650 2246 1697 2306 ihn
1731 2249 1881 2309 tüchtiger
1914 2249 1941 2309 zu
1974 2249 2070 2309 vielen
2098 2250 2281 2310 Geschaften

1319 2297 1428 2357 macht,
1451 2297 1500 2357 ihn
1539 2294 1627 2354 mehr
1656 2293 1705 2353 der
1733 2297 1865 2357 Erfolge
1909 2294 2009 2354 seiner
2043 2297 2285 2357 Bemühungen

1318 2345 1497 2405 versichert,
1529 2342 1587 2402 und
1619 2342 1677 2402 das
1704 2343 1962 2403 Mißvergnügen
2001 2342 2047 2402 des
2074 2342 2190 2402 Lebens
2222 2348 2269 2408 ihm

1311 2392 1501 2452 erleichtert,
1517 2388 1682 2448 destomehr
1703 2390 1759 2450 sind
1775 2390 1832 2450 wir
1858 2390 2033 2450 verbunden
2064 2390 2090 2450 zu
2116 2395 2296 2455 wünschen,

1312 2440 1365 2500 daß
1404 2438 1446 2498 die
1475 2435 1729 2495 Wissenschaften
1762 2437 2027 2497 gemeinnütziger
2055 2440 2206 2500 werden,
2229 2446 2287 2506 und

1311 2485 1501 2545 verschiedne
1528 2482 1641 2542 Theile
1662 2485 1708 2545 der
1734 2485 1899 2545 Litteratur
1931 2485 1976 2545 sich
2008 2487 2116 2547 weiter
2147 2491 2297 2551 ausbrei¬

1311 2534 1355 2594 ten
1381 2533 1537 2593 möchten,
1558 2530 1613 2590 und
1644 2536 1815 2596 destomehr
1841 2531 1896 2591 sind
1922 2533 1982 2593 wir
2003 2536 2073 2596 auch
2099 2541 2300 2601 verbunden,

1315 2581 1384 2641 nach
1406 2581 1514 2641 unsern
1541 2581 1670 2641 Kraften
1698 2581 1772 2641 alles
1795 2582 1864 2642 dazu
1892 2581 2118 2641 beyzutragen.

1370 2627 1447 2687 Dies
1473 2627 1508 2687 ist
1530 2626 1637 2686 sonder
1659 2629 1792 2689 Zweifel
1808 2629 1859 2689 der
1880 2629 1988 2689 wahre
2009 2632 2148 2692 Nutzen,
2169 2635 2215 2695 den
2241 2635 2287 2695 die

1309 2673 1563 2733 Wissenschaften
1591 2673 1683 2733 geben
1706 2676 1846 2736 können.
1890 2676 1993 2736 Nicht
2026 2677 2080 2737 daß
2107 2679 2210 2739 einige
2232 2679 2296 2739 Kö¬

1312 2725 1361 2785 pfe
1386 2722 1473 2782 unter
1499 2721 1581 2781 einem
1621 2723 1718 2783 Volke
1739 2724 1836 2784 etwas
1861 2724 1949 2784 mehr
1969 2724 2067 2784 wissen
2102 2726 2145 2786 als
2180 2725 2292 2785 andre,

1311 2772 1413 2832 einige
1440 2769 1588 2829 Begriffe
1615 2770 1702 2830 mehr
1733 2772 1831 2832 haben
1863 2772 1908 2832 als
1935 2775 2058 2835 andre,
2084 2772 2151 2832 eine
2177 2772 2284 2832 tiefere

1311 2818 1449 2878 Einsicht
1466 2815 1486 2875 in
1508 2817 1699 2877 mancherley
1720 2820 1832 2880 Dinge
1848 2820 1981 2880 erhalten
2008 2820 2098 2880 haben
2130 2820 2173 2880 als
2189 2822 2300 2882 andre,
