<?xml version="1.0" encoding="UTF-8" standalone="yes"?>
<PcGts xmlns="http://schema.primaresearch.org/PAGE/gts/pagecontent/2013-07-15" xmlns:xsi="http://www.w3.org/2001/XMLSchema-instance" xsi:schemaLocation="http://schema.primaresearch.org/PAGE/gts/pagecontent/2013-07-15 http://schema.primaresearch.org/PAGE/gts/pagecontent/2013-07-15/pagecontent.xsd">
    <Metadata>
        <Creator>prov=READ-COOP:name=PyLaia@TranskribusPlatform:version=2.12.1:model_id=39995:lm=none:date=05_04_2024_17:02</Creator>
        <Created>2024-04-05T16:49:07.011+02:00</Created>
        <LastChange>2024-04-05T17:02:00.093+02:00</LastChange>
        <TranskribusMetadata docId="1917431" pageId="67840227" pageNr="2" tsid="157090229" status="IN_PROGRESS" userId="222699" imgUrl="https://files.transkribus.eu/Get?id=QSCIZDTAEBCXKIEBBCVDCXYN&amp;fileType=view" xmlUrl="https://files.transkribus.eu/Get?id=VGVHHAYHZVLXRUKVLSVXTOKF" imageId="54144133"/>
    </Metadata>
    <Page imageFilename="67840227.jpg" imageWidth="2479" imageHeight="3508">
        <ReadingOrder>
            <OrderedGroup id="ro_1712329320094" caption="Regions reading order">
                <RegionRefIndexed index="0" regionRef="r_10"/>
                <RegionRefIndexed index="1" regionRef="r_11"/>
            </OrderedGroup>
        </ReadingOrder>
        <Relations/>
        <TextRegion id="r_10" custom="readingOrder {index:0;}">
            <Coords points="239,356 1282,352 1305,2922 239,2922"/>
            <TextLine id="r_10_tl_1" custom="readingOrder {index:0;}">
                <Coords points="251,421 1264,411 1264,345 1158,335 1036,363 251,353"/>
                <Baseline points="265,406 283,409 328,406 373,406 417,406 462,406 507,403 552,403 597,400 641,400 686,400 731,400 776,403 821,403 865,403 910,400 955,403 1000,400 1044,397 1089,400 1134,400 1179,400 1224,403 1268,400"/>
                <Word id="r_10_tl_1_w1" custom="readingOrder {index:0;}">
                    <Coords points="258,367 258,427 348,427 348,367"/>
                    <TextEquiv>
                        <Unicode>coran</Unicode>
                    </TextEquiv>
                </Word>
                <Word id="r_10_tl_1_w2" custom="readingOrder {index:1;}">
                    <Coords points="377,366 377,426 428,426 428,366"/>
                    <TextEquiv>
                        <Unicode>aus</Unicode>
                    </TextEquiv>
                </Word>
                <Word id="r_10_tl_1_w3" custom="readingOrder {index:2;}">
                    <Coords points="452,363 452,423 537,423 537,363"/>
                    <TextEquiv>
                        <Unicode>Allem</Unicode>
                    </TextEquiv>
                </Word>
                <Word id="r_10_tl_1_w4" custom="readingOrder {index:3;}">
                    <Coords points="572,360 572,420 679,420 679,360"/>
                    <TextEquiv>
                        <Unicode>Etwas</Unicode>
                    </TextEquiv>
                </Word>
                <Word id="r_10_tl_1_w5" custom="readingOrder {index:4;}">
                    <Coords points="703,363 703,423 862,423 862,363"/>
                    <TextEquiv>
                        <Unicode>sammlet.</Unicode>
                    </TextEquiv>
                </Word>
                <Word id="r_10_tl_1_w6" custom="readingOrder {index:5;}">
                    <Coords points="880,361 880,421 890,421 890,361"/>
                    <TextEquiv>
                        <Unicode>—</Unicode>
                    </TextEquiv>
                </Word>
                <Word id="r_10_tl_1_w7" custom="readingOrder {index:6;}">
                    <Coords points="942,360 942,420 1033,420 1033,360"/>
                    <TextEquiv>
                        <Unicode>Altes</Unicode>
                    </TextEquiv>
                </Word>
                <Word id="r_10_tl_1_w8" custom="readingOrder {index:7;}">
                    <Coords points="1062,360 1062,420 1119,420 1119,360"/>
                    <TextEquiv>
                        <Unicode>und</Unicode>
                    </TextEquiv>
                </Word>
                <Word id="r_10_tl_1_w9" custom="readingOrder {index:8;}">
                    <Coords points="1142,361 1142,421 1250,421 1250,361"/>
                    <TextEquiv>
                        <Unicode>Neues</Unicode>
                    </TextEquiv>
                </Word>
                <TextEquiv>
                    <Unicode>coran aus Allem Etwas sammlet. — Altes und Neues</Unicode>
                </TextEquiv>
            </TextLine>
            <TextLine id="r_10_tl_2" custom="readingOrder {index:1;}">
                <Coords points="254,465 1267,465 1267,419 1221,411 254,421"/>
                <Baseline points="268,453 286,456 331,456 376,453 420,453 465,453 510,450 555,450 600,447 644,447 689,447 734,450 779,450 824,453 868,453 913,450 958,450 1003,447 1047,447 1092,447 1137,450 1182,450 1227,450 1271,447"/>
                <Word id="r_10_tl_2_w1" custom="readingOrder {index:0;}">
                    <Coords points="259,414 259,474 457,474 457,414"/>
                    <TextEquiv>
                        <Unicode>vermischt,</Unicode>
                    </TextEquiv>
                </Word>
                <Word id="r_10_tl_2_w2" custom="readingOrder {index:1;}">
                    <Coords points="479,409 479,469 644,469 644,409"/>
                    <TextEquiv>
                        <Unicode>distillirt,</Unicode>
                    </TextEquiv>
                </Word>
                <Word id="r_10_tl_2_w3" custom="readingOrder {index:2;}">
                    <Coords points="671,408 671,468 762,468 762,408"/>
                    <TextEquiv>
                        <Unicode>wohl</Unicode>
                    </TextEquiv>
                </Word>
                <Word id="r_10_tl_2_w4" custom="readingOrder {index:3;}">
                    <Coords points="779,411 779,471 1003,471 1003,411"/>
                    <TextEquiv>
                        <Unicode>umschüttelt,</Unicode>
                    </TextEquiv>
                </Word>
                <Word id="r_10_tl_2_w5" custom="readingOrder {index:4;}">
                    <Coords points="1041,407 1041,467 1099,467 1099,407"/>
                    <TextEquiv>
                        <Unicode>und</Unicode>
                    </TextEquiv>
                </Word>
                <Word id="r_10_tl_2_w6" custom="readingOrder {index:5;}">
                    <Coords points="1127,410 1127,470 1254,470 1254,410"/>
                    <TextEquiv>
                        <Unicode>alsdenn</Unicode>
                    </TextEquiv>
                </Word>
                <TextEquiv>
                    <Unicode>vermischt, distillirt, wohl umschüttelt, und alsdenn</Unicode>
                </TextEquiv>
            </TextLine>
            <TextLine id="r_10_tl_3" custom="readingOrder {index:2;}">
                <Coords points="269,515 1262,508 1262,467 1033,449 269,465"/>
                <Baseline points="283,501 328,501 373,498 417,501 462,498 507,495 552,495 597,492 641,495 686,495 731,495 776,498 821,501 865,498 910,498 955,498 1000,498 1044,495 1089,495 1134,495 1179,495 1224,498 1268,495"/>
                <Word id="r_10_tl_3_w1" custom="readingOrder {index:0;}">
                    <Coords points="264,461 264,521 320,521 320,461"/>
                    <TextEquiv>
                        <Unicode>sein</Unicode>
                    </TextEquiv>
                </Word>
                <Word id="r_10_tl_3_w2" custom="readingOrder {index:1;}">
                    <Coords points="357,458 357,518 559,518 559,458"/>
                    <TextEquiv>
                        <Unicode>wichtiges:</Unicode>
                    </TextEquiv>
                </Word>
                <Word id="r_10_tl_3_w3" custom="readingOrder {index:2;}">
                    <Coords points="601,455 601,515 725,515 725,455"/>
                    <TextEquiv>
                        <Unicode>Recipe</Unicode>
                    </TextEquiv>
                </Word>
                <Word id="r_10_tl_3_w4" custom="readingOrder {index:3;}">
                    <Coords points="757,458 757,518 819,518 819,458"/>
                    <TextEquiv>
                        <Unicode>eine</Unicode>
                    </TextEquiv>
                </Word>
                <Word id="r_10_tl_3_w5" custom="readingOrder {index:4;}">
                    <Coords points="850,458 850,518 928,518 928,458"/>
                    <TextEquiv>
                        <Unicode>neue</Unicode>
                    </TextEquiv>
                </Word>
                <Word id="r_10_tl_3_w6" custom="readingOrder {index:5;}">
                    <Coords points="954,455 954,515 1140,515 1140,455"/>
                    <TextEquiv>
                        <Unicode>Religion,</Unicode>
                    </TextEquiv>
                </Word>
                <Word id="r_10_tl_3_w7" custom="readingOrder {index:6;}">
                    <Coords points="1177,457 1177,517 1249,517 1249,457"/>
                    <TextEquiv>
                        <Unicode>dazu</Unicode>
                    </TextEquiv>
                </Word>
                <TextEquiv>
                    <Unicode>sein wichtiges: Recipe eine neue Religion, dazu</Unicode>
                </TextEquiv>
            </TextLine>
            <TextLine id="r_10_tl_4" custom="readingOrder {index:3;}">
                <Coords points="269,564 1262,561 1262,510 1208,505 269,515"/>
                <Baseline points="283,549 328,546 373,546 417,546 462,546 507,543 552,543 597,543 641,543 686,543 731,543 776,546 821,546 865,546 910,546 955,546 1000,543 1044,543 1089,543 1134,543 1179,546 1224,543 1268,543"/>
                <Word id="r_10_tl_4_w1" custom="readingOrder {index:0;}">
                    <Coords points="264,506 264,566 412,566 412,506"/>
                    <TextEquiv>
                        <Unicode>schreibt.</Unicode>
                    </TextEquiv>
                </Word>
                <Word id="r_10_tl_4_w2" custom="readingOrder {index:1;}">
                    <Coords points="461,504 461,564 508,564 508,504"/>
                    <TextEquiv>
                        <Unicode>In</Unicode>
                    </TextEquiv>
                </Word>
                <Word id="r_10_tl_4_w3" custom="readingOrder {index:2;}">
                    <Coords points="546,503 546,563 684,563 684,503"/>
                    <TextEquiv>
                        <Unicode>gewissem</Unicode>
                    </TextEquiv>
                </Word>
                <Word id="r_10_tl_4_w4" custom="readingOrder {index:3;}">
                    <Coords points="727,506 727,566 908,566 908,506"/>
                    <TextEquiv>
                        <Unicode>Verstande</Unicode>
                    </TextEquiv>
                </Word>
                <Word id="r_10_tl_4_w5" custom="readingOrder {index:4;}">
                    <Coords points="935,503 935,563 1052,563 1052,503"/>
                    <TextEquiv>
                        <Unicode>könnte</Unicode>
                    </TextEquiv>
                </Word>
                <Word id="r_10_tl_4_w6" custom="readingOrder {index:5;}">
                    <Coords points="1079,503 1079,563 1137,563 1137,503"/>
                    <TextEquiv>
                        <Unicode>das</Unicode>
                    </TextEquiv>
                </Word>
                <Word id="r_10_tl_4_w7" custom="readingOrder {index:6;}">
                    <Coords points="1170,503 1170,563 1265,563 1265,503"/>
                    <TextEquiv>
                        <Unicode>ange¬</Unicode>
                    </TextEquiv>
                </Word>
                <TextEquiv>
                    <Unicode>schreibt. In gewissem Verstande könnte das ange¬</Unicode>
                </TextEquiv>
            </TextLine>
            <TextLine id="r_10_tl_5" custom="readingOrder {index:4;}">
                <Coords points="272,612 1259,599 1259,561 1160,546 272,564"/>
                <Baseline points="286,591 331,594 376,591 420,591 465,591 510,591 555,585 600,588 644,591 689,591 734,591 779,594 824,594 868,594 913,591 958,591 1003,591 1047,591 1092,591 1137,591 1182,591 1227,594 1265,594"/>
                <Word id="r_10_tl_5_w1" custom="readingOrder {index:0;}">
                    <Coords points="272,553 272,613 382,613 382,553"/>
                    <TextEquiv>
                        <Unicode>führte</Unicode>
                    </TextEquiv>
                </Word>
                <Word id="r_10_tl_5_w2" custom="readingOrder {index:1;}">
                    <Coords points="404,551 404,611 525,611 525,551"/>
                    <TextEquiv>
                        <Unicode>Buch:</Unicode>
                    </TextEquiv>
                </Word>
                <Word id="r_10_tl_5_w3" custom="readingOrder {index:2;}">
                    <Coords points="547,546 547,606 621,606 621,546"/>
                    <TextEquiv>
                        <Unicode>Die</Unicode>
                    </TextEquiv>
                </Word>
                <Word id="r_10_tl_5_w4" custom="readingOrder {index:3;}">
                    <Coords points="643,551 643,611 838,611 838,551"/>
                    <TextEquiv>
                        <Unicode>allerneueste</Unicode>
                    </TextEquiv>
                </Word>
                <Word id="r_10_tl_5_w5" custom="readingOrder {index:4;}">
                    <Coords points="860,551 860,611 1082,611 1082,551"/>
                    <TextEquiv>
                        <Unicode>Basedowsche</Unicode>
                    </TextEquiv>
                </Word>
                <Word id="r_10_tl_5_w6" custom="readingOrder {index:5;}">
                    <Coords points="1098,551 1098,611 1246,611 1246,551"/>
                    <TextEquiv>
                        <Unicode>Religion</Unicode>
                    </TextEquiv>
                </Word>
                <TextEquiv>
                    <Unicode>führte Buch: Die allerneueste Basedowsche Religion</Unicode>
                </TextEquiv>
            </TextLine>
            <TextLine id="r_10_tl_6" custom="readingOrder {index:5;}">
                <Coords points="267,650 2171,645 2171,607 2046,602 267,609"/>
                <Baseline points="280,638 325,641 370,641 414,641 459,638 504,641 549,638 594,638 638,641 683,638 728,641 773,641 818,641 862,641 907,638 952,638 997,638 1041,638 1086,638 1131,638 1176,641 1221,641 1265,638 1277,638 1301,638 1325,638 1370,635 1415,638 1459,638 1504,638 1549,638 1594,635 1639,638 1683,638 1728,641 1773,641 1818,641 1862,641 1907,641 1952,641 1997,638 2042,638 2086,641 2131,635 2176,635"/>
                <Word id="r_10_tl_6_w1" custom="readingOrder {index:0;}">
                    <Coords points="272,598 272,658 296,658 296,598"/>
                    <TextEquiv>
                        <Unicode>im</Unicode>
                    </TextEquiv>
                </Word>
                <Word id="r_10_tl_6_w2" custom="readingOrder {index:1;}">
                    <Coords points="342,599 342,659 517,659 517,599"/>
                    <TextEquiv>
                        <Unicode>Gegensatz</Unicode>
                    </TextEquiv>
                </Word>
                <Word id="r_10_tl_6_w3" custom="readingOrder {index:2;}">
                    <Coords points="539,598 539,658 588,658 588,598"/>
                    <TextEquiv>
                        <Unicode>der</Unicode>
                    </TextEquiv>
                </Word>
                <Word id="r_10_tl_6_w4" custom="readingOrder {index:3;}">
                    <Coords points="604,599 604,659 810,659 810,599"/>
                    <TextEquiv>
                        <Unicode>Lutherischen</Unicode>
                    </TextEquiv>
                </Word>
                <Word id="r_10_tl_6_w5" custom="readingOrder {index:4;}">
                    <Coords points="841,598 841,658 986,658 986,598"/>
                    <TextEquiv>
                        <Unicode>genannt</Unicode>
                    </TextEquiv>
                </Word>
                <Word id="r_10_tl_6_w6" custom="readingOrder {index:5;}">
                    <Coords points="1007,598 1007,658 1147,658 1147,598"/>
                    <TextEquiv>
                        <Unicode>werden,</Unicode>
                    </TextEquiv>
                </Word>
                <Word id="r_10_tl_6_w7" custom="readingOrder {index:6;}">
                    <Coords points="1168,601 1168,661 1253,661 1253,601"/>
                    <TextEquiv>
                        <Unicode>wenn</Unicode>
                    </TextEquiv>
                </Word>
                <Word id="r_10_tl_6_w8" custom="readingOrder {index:7;}">
                    <Coords points="1299,596 1299,656 1485,656 1485,596"/>
                    <TextEquiv>
                        <Unicode>derwerke,</Unicode>
                    </TextEquiv>
                </Word>
                <Word id="r_10_tl_6_w9" custom="readingOrder {index:8;}">
                    <Coords points="1510,598 1510,658 1555,658 1555,598"/>
                    <TextEquiv>
                        <Unicode>als</Unicode>
                    </TextEquiv>
                </Word>
                <Word id="r_10_tl_6_w10" custom="readingOrder {index:9;}">
                    <Coords points="1586,601 1586,661 1877,661 1877,601"/>
                    <TextEquiv>
                        <Unicode>Glaubensbücher</Unicode>
                    </TextEquiv>
                </Word>
                <Word id="r_10_tl_6_w11" custom="readingOrder {index:10;}">
                    <Coords points="1898,598 1898,658 2094,658 2094,598"/>
                    <TextEquiv>
                        <Unicode>autorisirte.</Unicode>
                    </TextEquiv>
                </Word>
                <Word id="r_10_tl_6_w12" custom="readingOrder {index:11;}">
                    <Coords points="2130,595 2130,655 2139,655 2139,595"/>
                    <TextEquiv>
                        <Unicode>—</Unicode>
                    </TextEquiv>
                </Word>
                <TextEquiv>
                    <Unicode>im Gegensatz der Lutherischen genannt werden, wenn derwerke, als Glaubensbücher autorisirte. —</Unicode>
                </TextEquiv>
            </TextLine>
            <TextLine id="r_10_tl_7" custom="readingOrder {index:6;}">
                <Coords points="259,698 2300,696 2300,647 2181,642 259,647"/>
                <Baseline points="274,689 292,689 337,692 382,689 426,689 471,689 516,686 561,689 606,686 650,689 695,692 740,689 785,689 829,689 874,689 919,689 964,689 1009,689 1053,689 1098,686 1143,686 1188,686 1233,686 1277,686 1301,686 1319,686 1364,686 1409,686 1453,686 1498,686 1543,686 1588,686 1633,686 1677,686 1722,689 1767,686 1812,689 1857,689 1901,689 1946,689 1991,689 2036,689 2080,689 2125,689 2170,686 2215,686 2260,686 2304,683"/>
                <Word id="r_10_tl_7_w1" custom="readingOrder {index:0;}">
                    <Coords points="270,650 270,710 354,710 354,650"/>
                    <TextEquiv>
                        <Unicode>nicht</Unicode>
                    </TextEquiv>
                </Word>
                <Word id="r_10_tl_7_w2" custom="readingOrder {index:1;}">
                    <Coords points="375,649 375,709 422,709 422,649"/>
                    <TextEquiv>
                        <Unicode>der</Unicode>
                    </TextEquiv>
                </Word>
                <Word id="r_10_tl_7_w3" custom="readingOrder {index:2;}">
                    <Coords points="449,646 449,706 608,706 608,646"/>
                    <TextEquiv>
                        <Unicode>Verfasser</Unicode>
                    </TextEquiv>
                </Word>
                <Word id="r_10_tl_7_w4" custom="readingOrder {index:3;}">
                    <Coords points="635,649 635,709 693,709 693,649"/>
                    <TextEquiv>
                        <Unicode>aus</Unicode>
                    </TextEquiv>
                </Word>
                <Word id="r_10_tl_7_w5" custom="readingOrder {index:4;}">
                    <Coords points="720,649 720,709 862,709 862,649"/>
                    <TextEquiv>
                        <Unicode>höflichem</Unicode>
                    </TextEquiv>
                </Word>
                <Word id="r_10_tl_7_w6" custom="readingOrder {index:5;}">
                    <Coords points="905,649 905,709 1106,709 1106,649"/>
                    <TextEquiv>
                        <Unicode>Mitleiden,</Unicode>
                    </TextEquiv>
                </Word>
                <Word id="r_10_tl_7_w7" custom="readingOrder {index:6;}">
                    <Coords points="1139,646 1139,706 1185,706 1185,646"/>
                    <TextEquiv>
                        <Unicode>als</Unicode>
                    </TextEquiv>
                </Word>
                <Word id="r_10_tl_7_w8" custom="readingOrder {index:7;}">
                    <Coords points="1213,646 1213,706 1254,706 1254,646"/>
                    <TextEquiv>
                        <Unicode>ein</Unicode>
                    </TextEquiv>
                </Word>
                <Word id="r_10_tl_7_w9" custom="readingOrder {index:8;}">
                    <Coords points="1302,646 1302,706 1461,706 1461,646"/>
                    <TextEquiv>
                        <Unicode>Hohelied</Unicode>
                    </TextEquiv>
                </Word>
                <Word id="r_10_tl_7_w10" custom="readingOrder {index:9;}">
                    <Coords points="1488,646 1488,706 1694,706 1694,646"/>
                    <TextEquiv>
                        <Unicode>Salomonis</Unicode>
                    </TextEquiv>
                </Word>
                <Word id="r_10_tl_7_w11" custom="readingOrder {index:10;}">
                    <Coords points="1721,647 1721,707 1758,707 1758,647"/>
                    <TextEquiv>
                        <Unicode>ist</Unicode>
                    </TextEquiv>
                </Word>
                <Word id="r_10_tl_7_w12" custom="readingOrder {index:11;}">
                    <Coords points="1780,648 1780,708 1821,708 1821,648"/>
                    <TextEquiv>
                        <Unicode>ein</Unicode>
                    </TextEquiv>
                </Word>
                <Word id="r_10_tl_7_w13" custom="readingOrder {index:12;}">
                    <Coords points="1848,649 1848,709 2070,709 2070,649"/>
                    <TextEquiv>
                        <Unicode>Liebesgesang</Unicode>
                    </TextEquiv>
                </Word>
                <Word id="r_10_tl_7_w14" custom="readingOrder {index:13;}">
                    <Coords points="2103,648 2103,708 2155,708 2155,648"/>
                    <TextEquiv>
                        <Unicode>des</Unicode>
                    </TextEquiv>
                </Word>
                <Word id="r_10_tl_7_w15" custom="readingOrder {index:14;}">
                    <Coords points="2187,646 2187,706 2298,706 2298,646"/>
                    <TextEquiv>
                        <Unicode>wollü¬</Unicode>
                    </TextEquiv>
                </Word>
                <TextEquiv>
                    <Unicode>nicht der Verfasser aus höflichem Mitleiden, als ein Hohelied Salomonis ist ein Liebesgesang des wollü¬</Unicode>
                </TextEquiv>
            </TextLine>
            <TextLine id="r_10_tl_8" custom="readingOrder {index:7;}">
                <Coords points="274,754 1267,751 1267,703 1132,685 741,718 274,703"/>
                <Baseline points="289,740 334,740 379,737 423,737 468,737 513,737 558,737 603,737 647,734 692,737 737,737 782,737 826,734 871,737 916,737 961,737 1006,734 1050,734 1095,734 1140,731 1185,734 1230,734 1274,731"/>
                <Word id="r_10_tl_8_w1" custom="readingOrder {index:0;}">
                    <Coords points="279,700 279,760 384,760 384,700"/>
                    <TextEquiv>
                        <Unicode>Gast,</Unicode>
                    </TextEquiv>
                </Word>
                <Word id="r_10_tl_8_w2" custom="readingOrder {index:1;}">
                    <Coords points="410,697 410,757 459,757 459,697"/>
                    <TextEquiv>
                        <Unicode>der</Unicode>
                    </TextEquiv>
                </Word>
                <Word id="r_10_tl_8_w3" custom="readingOrder {index:2;}">
                    <Coords points="480,697 480,757 555,757 555,697"/>
                    <TextEquiv>
                        <Unicode>alles</Unicode>
                    </TextEquiv>
                </Word>
                <Word id="r_10_tl_8_w4" custom="readingOrder {index:3;}">
                    <Coords points="576,694 576,754 736,754 736,694"/>
                    <TextEquiv>
                        <Unicode>schmeckt,</Unicode>
                    </TextEquiv>
                </Word>
                <Word id="r_10_tl_8_w5" custom="readingOrder {index:4;}">
                    <Coords points="762,696 762,756 822,756 822,696"/>
                    <TextEquiv>
                        <Unicode>und</Unicode>
                    </TextEquiv>
                </Word>
                <Word id="r_10_tl_8_w6" custom="readingOrder {index:5;}">
                    <Coords points="848,697 848,757 973,757 973,697"/>
                    <TextEquiv>
                        <Unicode>überall</Unicode>
                    </TextEquiv>
                </Word>
                <Word id="r_10_tl_8_w7" custom="readingOrder {index:6;}">
                    <Coords points="994,694 994,754 1094,754 1094,694"/>
                    <TextEquiv>
                        <Unicode>einige</Unicode>
                    </TextEquiv>
                </Word>
                <Word id="r_10_tl_8_w8" custom="readingOrder {index:7;}">
                    <Coords points="1120,694 1120,754 1255,754 1255,694"/>
                    <TextEquiv>
                        <Unicode>Brocken</Unicode>
                    </TextEquiv>
                </Word>
                <TextEquiv>
                    <Unicode>Gast, der alles schmeckt, und überall einige Brocken</Unicode>
                </TextEquiv>
            </TextLine>
            <TextLine id="r_10_tl_9" custom="readingOrder {index:8;}">
                <Coords points="965,825 1000,823 1023,843 1076,833 1094,845 1163,835 1274,843 1272,790 1257,787 1231,787 1203,807 1153,790 1069,800 1046,784 965,795"/>
                <Baseline points="979,818 1024,824 1068,826 1113,829 1158,829 1203,826 1247,826 1280,829"/>
                <Word id="r_10_tl_9_w1" custom="readingOrder {index:0;}">
                    <Coords points="965,781 965,841 1051,841 1051,781"/>
                    <TextEquiv>
                        <Unicode>„Er</Unicode>
                    </TextEquiv>
                </Word>
                <Word id="r_10_tl_9_w2" custom="readingOrder {index:1;}">
                    <Coords points="1079,789 1079,849 1180,849 1180,789"/>
                    <TextEquiv>
                        <Unicode>nennt</Unicode>
                    </TextEquiv>
                </Word>
                <Word id="r_10_tl_9_w3" custom="readingOrder {index:2;}">
                    <Coords points="1213,786 1213,846 1261,846 1261,786"/>
                    <TextEquiv>
                        <Unicode>sich</Unicode>
                    </TextEquiv>
                </Word>
                <TextEquiv>
                    <Unicode>„Er nennt sich</Unicode>
                </TextEquiv>
            </TextLine>
            <TextLine id="r_10_tl_10" custom="readingOrder {index:9;}">
                <Coords points="269,843 665,856 916,838 916,802 833,784 526,807 269,792"/>
                <Baseline points="283,832 295,832 340,835 385,835 429,832 474,832 519,832 564,832 609,829 653,829 698,832 743,829 788,829 832,826 877,829 922,826"/>
                <Word id="r_10_tl_10_w1" custom="readingOrder {index:0;}">
                    <Coords points="274,794 274,854 398,854 398,794"/>
                    <TextEquiv>
                        <Unicode>Saͤtzen</Unicode>
                    </TextEquiv>
                </Word>
                <Word id="r_10_tl_10_w2" custom="readingOrder {index:1;}">
                    <Coords points="430,792 430,852 529,852 529,792"/>
                    <TextEquiv>
                        <Unicode>etwas</Unicode>
                    </TextEquiv>
                </Word>
                <Word id="r_10_tl_10_w3" custom="readingOrder {index:2;}">
                    <Coords points="555,789 555,849 758,849 758,789"/>
                    <TextEquiv>
                        <Unicode>beybehalten</Unicode>
                    </TextEquiv>
                </Word>
                <Word id="r_10_tl_10_w4" custom="readingOrder {index:3;}">
                    <Coords points="790,786 790,846 872,846 872,786"/>
                    <TextEquiv>
                        <Unicode>haͤtte</Unicode>
                    </TextEquiv>
                </Word>
                <Word id="r_10_tl_10_w5" custom="readingOrder {index:4;}">
                    <Coords points="894,787 894,847 909,847 909,787"/>
                    <TextEquiv>
                        <Unicode>-</Unicode>
                    </TextEquiv>
                </Word>
                <TextEquiv>
                    <Unicode>Saͤtzen etwas beybehalten haͤtte -</Unicode>
                </TextEquiv>
            </TextLine>
            <TextLine id="r_10_tl_11" custom="readingOrder {index:10;}">
                <Coords points="269,891 1272,886 1272,845 1201,830 269,845"/>
                <Baseline points="283,871 328,880 373,883 417,883 462,880 507,880 552,880 597,877 641,880 686,877 731,880 776,877 821,877 865,877 910,877 955,877 1000,877 1044,877 1089,877 1134,877 1179,877 1224,874 1268,874 1277,871"/>
                <Word id="r_10_tl_11_w1" custom="readingOrder {index:0;}">
                    <Coords points="273,839 273,899 381,899 381,839"/>
                    <TextEquiv>
                        <Unicode>„einen</Unicode>
                    </TextEquiv>
                </Word>
                <Word id="r_10_tl_11_w2" custom="readingOrder {index:1;}">
                    <Coords points="412,840 412,900 668,900 668,840"/>
                    <TextEquiv>
                        <Unicode>Protestanten,</Unicode>
                    </TextEquiv>
                </Word>
                <Word id="r_10_tl_11_w3" custom="readingOrder {index:2;}">
                    <Coords points="693,839 693,899 742,899 742,839"/>
                    <TextEquiv>
                        <Unicode>der</Unicode>
                    </TextEquiv>
                </Word>
                <Word id="r_10_tl_11_w4" custom="readingOrder {index:3;}">
                    <Coords points="768,837 768,897 826,897 826,837"/>
                    <TextEquiv>
                        <Unicode>kein</Unicode>
                    </TextEquiv>
                </Word>
                <Word id="r_10_tl_11_w5" custom="readingOrder {index:4;}">
                    <Coords points="856,837 856,897 1108,897 1108,837"/>
                    <TextEquiv>
                        <Unicode>Glaubensbuch</Unicode>
                    </TextEquiv>
                </Word>
                <Word id="r_10_tl_11_w6" custom="readingOrder {index:5;}">
                    <Coords points="1138,837 1138,897 1187,897 1187,837"/>
                    <TextEquiv>
                        <Unicode>für</Unicode>
                    </TextEquiv>
                </Word>
                <Word id="r_10_tl_11_w7" custom="readingOrder {index:6;}">
                    <Coords points="1212,834 1212,894 1271,894 1271,834"/>
                    <TextEquiv>
                        <Unicode>un¬</Unicode>
                    </TextEquiv>
                </Word>
                <TextEquiv>
                    <Unicode>„einen Protestanten, der kein Glaubensbuch für un¬</Unicode>
                </TextEquiv>
            </TextLine>
            <TextLine id="r_10_tl_12" custom="readingOrder {index:11;}">
                <Coords points="272,939 1264,932 1264,886 272,891"/>
                <Baseline points="286,913 331,925 376,928 420,928 465,928 510,928 555,928 600,925 644,925 689,925 734,925 779,925 824,925 868,925 913,925 958,925 1003,925 1047,925 1092,925 1137,925 1182,925 1227,922 1271,922"/>
                <Word id="r_10_tl_12_w1" custom="readingOrder {index:0;}">
                    <Coords points="277,886 277,946 425,946 425,886"/>
                    <TextEquiv>
                        <Unicode>"fehlbar</Unicode>
                    </TextEquiv>
                </Word>
                <Word id="r_10_tl_12_w2" custom="readingOrder {index:1;}">
                    <Coords points="447,888 447,948 536,948 536,888"/>
                    <TextEquiv>
                        <Unicode>hält,</Unicode>
                    </TextEquiv>
                </Word>
                <Word id="r_10_tl_12_w3" custom="readingOrder {index:2;}">
                    <Coords points="563,885 563,945 658,945 658,885"/>
                    <TextEquiv>
                        <Unicode>worin</Unicode>
                    </TextEquiv>
                </Word>
                <Word id="r_10_tl_12_w4" custom="readingOrder {index:3;}">
                    <Coords points="690,885 690,945 764,945 764,885"/>
                    <TextEquiv>
                        <Unicode>statt</Unicode>
                    </TextEquiv>
                </Word>
                <Word id="r_10_tl_12_w5" custom="readingOrder {index:4;}">
                    <Coords points="781,885 781,945 939,945 939,885"/>
                    <TextEquiv>
                        <Unicode>biblischer</Unicode>
                    </TextEquiv>
                </Word>
                <Word id="r_10_tl_12_w6" custom="readingOrder {index:5;}">
                    <Coords points="966,885 966,945 1145,945 1145,885"/>
                    <TextEquiv>
                        <Unicode>Ausdrücke</Unicode>
                    </TextEquiv>
                </Word>
                <Word id="r_10_tl_12_w7" custom="readingOrder {index:6;}">
                    <Coords points="1167,882 1167,942 1267,942 1267,882"/>
                    <TextEquiv>
                        <Unicode>andre</Unicode>
                    </TextEquiv>
                </Word>
                <TextEquiv>
                    <Unicode>"fehlbar hält, worin statt biblischer Ausdrücke andre</Unicode>
                </TextEquiv>
            </TextLine>
            <TextLine id="r_10_tl_13" custom="readingOrder {index:12;}">
                <Coords points="269,972 541,998 1041,975 1115,1010 1272,977 1272,929 1165,924 269,939"/>
                <Baseline points="283,964 328,973 373,976 417,979 462,976 507,976 552,976 597,973 641,976 686,973 731,973 776,973 821,973 865,973 910,973 955,973 1000,973 1044,973 1089,973 1134,973 1179,973 1224,970 1268,970 1277,973"/>
                <Word id="r_10_tl_13_w1" custom="readingOrder {index:0;}">
                    <Coords points="270,936 270,996 487,996 487,936"/>
                    <TextEquiv>
                        <Unicode>gebraucht,</Unicode>
                    </TextEquiv>
                </Word>
                <Word id="r_10_tl_13_w2" custom="readingOrder {index:1;}">
                    <Coords points="517,936 517,996 575,996 575,936"/>
                    <TextEquiv>
                        <Unicode>und</Unicode>
                    </TextEquiv>
                </Word>
                <Word id="r_10_tl_13_w3" custom="readingOrder {index:2;}">
                    <Coords points="605,935 605,995 663,995 663,935"/>
                    <TextEquiv>
                        <Unicode>aus</Unicode>
                    </TextEquiv>
                </Word>
                <Word id="r_10_tl_13_w4" custom="readingOrder {index:3;}">
                    <Coords points="688,933 688,993 922,993 922,933"/>
                    <TextEquiv>
                        <Unicode>prophetischen</Unicode>
                    </TextEquiv>
                </Word>
                <Word id="r_10_tl_13_w5" custom="readingOrder {index:4;}">
                    <Coords points="952,933 952,993 1010,993 1010,933"/>
                    <TextEquiv>
                        <Unicode>und</Unicode>
                    </TextEquiv>
                </Word>
                <Word id="r_10_tl_13_w6" custom="readingOrder {index:5;}">
                    <Coords points="1040,933 1040,993 1262,993 1262,933"/>
                    <TextEquiv>
                        <Unicode>apostolischen</Unicode>
                    </TextEquiv>
                </Word>
                <TextEquiv>
                    <Unicode>gebraucht, und aus prophetischen und apostolischen</Unicode>
                </TextEquiv>
            </TextLine>
            <TextLine id="r_10_tl_14" custom="readingOrder {index:13;}">
                <Coords points="289,1036 1267,1031 1269,977 292,985"/>
                <Baseline points="304,1027 334,1027 379,1021 423,1024 468,1021 513,1021 558,1021 603,1021 647,1021 692,1021 737,1021 782,1021 826,1021 871,1021 916,1021 961,1018 1006,1021 1050,1021 1095,1018 1140,1018 1185,1018 1230,1018 1274,1015"/>
                <Word id="r_10_tl_14_w1" custom="readingOrder {index:0;}">
                    <Coords points="289,982 289,1042 522,1042 522,982"/>
                    <TextEquiv>
                        <Unicode>"Aussprüchen</Unicode>
                    </TextEquiv>
                </Word>
                <Word id="r_10_tl_14_w2" custom="readingOrder {index:1;}">
                    <Coords points="555,981 555,1041 777,1041 777,981"/>
                    <TextEquiv>
                        <Unicode>Folgerungen</Unicode>
                    </TextEquiv>
                </Word>
                <Word id="r_10_tl_14_w3" custom="readingOrder {index:2;}">
                    <Coords points="805,981 805,1041 930,1041 930,981"/>
                    <TextEquiv>
                        <Unicode>gezogen</Unicode>
                    </TextEquiv>
                </Word>
                <Word id="r_10_tl_14_w4" custom="readingOrder {index:3;}">
                    <Coords points="963,981 963,1041 1125,1041 1125,981"/>
                    <TextEquiv>
                        <Unicode>werden."</Unicode>
                    </TextEquiv>
                </Word>
                <Word id="r_10_tl_14_w5" custom="readingOrder {index:4;}">
                    <Coords points="1164,978 1164,1038 1266,1038 1266,978"/>
                    <TextEquiv>
                        <Unicode>NNach</Unicode>
                    </TextEquiv>
                </Word>
                <TextEquiv>
                    <Unicode>"Aussprüchen Folgerungen gezogen werden." NNach</Unicode>
                </TextEquiv>
            </TextLine>
            <TextLine id="r_10_tl_15" custom="readingOrder {index:14;}">
                <Coords points="274,1087 1277,1071 1277,1031 1236,1026 617,1049 274,1023"/>
                <Baseline points="289,1071 298,1071 343,1071 388,1068 432,1068 477,1068 522,1068 567,1068 612,1068 656,1068 701,1068 746,1068 791,1065 835,1065 880,1065 925,1062 970,1062 1015,1065 1059,1062 1104,1062 1149,1065 1194,1062 1238,1062 1283,1062"/>
                <Word id="r_10_tl_15_w1" custom="readingOrder {index:0;}">
                    <Coords points="279,1031 279,1091 377,1091 377,1031"/>
                    <TextEquiv>
                        <Unicode>diesem</Unicode>
                    </TextEquiv>
                </Word>
                <Word id="r_10_tl_15_w2" custom="readingOrder {index:1;}">
                    <Coords points="419,1028 419,1088 621,1088 621,1028"/>
                    <TextEquiv>
                        <Unicode>Grundsatz,</Unicode>
                    </TextEquiv>
                </Word>
                <Word id="r_10_tl_15_w3" custom="readingOrder {index:2;}">
                    <Coords points="647,1028 647,1088 698,1088 698,1028"/>
                    <TextEquiv>
                        <Unicode>den</Unicode>
                    </TextEquiv>
                </Word>
                <Word id="r_10_tl_15_w4" custom="readingOrder {index:3;}">
                    <Coords points="731,1026 731,1086 808,1086 808,1026"/>
                    <TextEquiv>
                        <Unicode>schon</Unicode>
                    </TextEquiv>
                </Word>
                <Word id="r_10_tl_15_w5" custom="readingOrder {index:4;}">
                    <Coords points="839,1024 839,1084 922,1084 922,1024"/>
                    <TextEquiv>
                        <Unicode>Herr</Unicode>
                    </TextEquiv>
                </Word>
                <Word id="r_10_tl_15_w6" custom="readingOrder {index:5;}">
                    <Coords points="943,1024 943,1084 1104,1084 1104,1024"/>
                    <TextEquiv>
                        <Unicode>Büsching</Unicode>
                    </TextEquiv>
                </Word>
                <Word id="r_10_tl_15_w7" custom="readingOrder {index:6;}">
                    <Coords points="1135,1024 1135,1084 1182,1084 1182,1024"/>
                    <TextEquiv>
                        <Unicode>als</Unicode>
                    </TextEquiv>
                </Word>
                <Word id="r_10_tl_15_w8" custom="readingOrder {index:7;}">
                    <Coords points="1208,1022 1208,1082 1270,1082 1270,1022"/>
                    <TextEquiv>
                        <Unicode>eine</Unicode>
                    </TextEquiv>
                </Word>
                <TextEquiv>
                    <Unicode>diesem Grundsatz, den schon Herr Büsching als eine</Unicode>
                </TextEquiv>
            </TextLine>
            <TextLine id="r_10_tl_16" custom="readingOrder {index:15;}">
                <Coords points="279,1127 1272,1120 1274,1071 1196,1061 282,1087"/>
                <Baseline points="292,1119 295,1116 340,1116 385,1116 429,1116 474,1116 519,1113 564,1113 609,1113 653,1113 698,1110 743,1110 788,1110 832,1110 877,1110 922,1110 967,1110 1012,1110 1056,1110 1101,1110 1146,1110 1191,1107 1236,1104 1280,1104"/>
                <Word id="r_10_tl_16_w1" custom="readingOrder {index:0;}">
                    <Coords points="279,1076 279,1136 409,1136 409,1076"/>
                    <TextEquiv>
                        <Unicode>richtige</Unicode>
                    </TextEquiv>
                </Word>
                <Word id="r_10_tl_16_w2" custom="readingOrder {index:1;}">
                    <Coords points="430,1075 430,1135 536,1135 536,1075"/>
                    <TextEquiv>
                        <Unicode>Regel</Unicode>
                    </TextEquiv>
                </Word>
                <Word id="r_10_tl_16_w3" custom="readingOrder {index:2;}">
                    <Coords points="567,1072 567,1132 744,1132 744,1072"/>
                    <TextEquiv>
                        <Unicode>annahm,</Unicode>
                    </TextEquiv>
                </Word>
                <Word id="r_10_tl_16_w4" custom="readingOrder {index:3;}">
                    <Coords points="776,1070 776,1130 836,1130 836,1070"/>
                    <TextEquiv>
                        <Unicode>und</Unicode>
                    </TextEquiv>
                </Word>
                <Word id="r_10_tl_16_w5" custom="readingOrder {index:4;}">
                    <Coords points="877,1070 877,1130 927,1130 927,1070"/>
                    <TextEquiv>
                        <Unicode>den</Unicode>
                    </TextEquiv>
                </Word>
                <Word id="r_10_tl_16_w6" custom="readingOrder {index:5;}">
                    <Coords points="969,1070 969,1130 1009,1130 1009,1070"/>
                    <TextEquiv>
                        <Unicode>ein</Unicode>
                    </TextEquiv>
                </Word>
                <Word id="r_10_tl_16_w7" custom="readingOrder {index:6;}">
                    <Coords points="1045,1069 1045,1129 1272,1129 1272,1069"/>
                    <TextEquiv>
                        <Unicode>vernünftiger</Unicode>
                    </TextEquiv>
                </Word>
                <TextEquiv>
                    <Unicode>richtige Regel annahm, und den ein vernünftiger</Unicode>
                </TextEquiv>
            </TextLine>
            <TextLine id="r_10_tl_17" custom="readingOrder {index:16;}">
                <Coords points="282,1178 1274,1165 1257,1117 282,1127"/>
                <Baseline points="295,1164 340,1161 385,1164 429,1164 474,1161 519,1161 564,1161 609,1158 653,1158 698,1158 743,1155 788,1158 832,1158 877,1155 922,1155 967,1155 1012,1155 1056,1155 1101,1155 1146,1152 1191,1155 1236,1152 1280,1152"/>
                <Word id="r_10_tl_17_w1" custom="readingOrder {index:0;}">
                    <Coords points="287,1122 287,1182 432,1182 432,1122"/>
                    <TextEquiv>
                        <Unicode>Theolog</Unicode>
                    </TextEquiv>
                </Word>
                <Word id="r_10_tl_17_w2" custom="readingOrder {index:1;}">
                    <Coords points="458,1121 458,1181 527,1181 527,1121"/>
                    <TextEquiv>
                        <Unicode>noch</Unicode>
                    </TextEquiv>
                </Word>
                <Word id="r_10_tl_17_w3" custom="readingOrder {index:2;}">
                    <Coords points="553,1120 553,1180 598,1180 598,1120"/>
                    <TextEquiv>
                        <Unicode>nie</Unicode>
                    </TextEquiv>
                </Word>
                <Word id="r_10_tl_17_w4" custom="readingOrder {index:3;}">
                    <Coords points="624,1117 624,1177 794,1177 794,1117"/>
                    <TextEquiv>
                        <Unicode>verworfen</Unicode>
                    </TextEquiv>
                </Word>
                <Word id="r_10_tl_17_w5" custom="readingOrder {index:4;}">
                    <Coords points="825,1116 825,1176 895,1176 895,1116"/>
                    <TextEquiv>
                        <Unicode>hat,</Unicode>
                    </TextEquiv>
                </Word>
                <Word id="r_10_tl_17_w6" custom="readingOrder {index:5;}">
                    <Coords points="921,1115 921,1175 1031,1175 1031,1115"/>
                    <TextEquiv>
                        <Unicode>kleidet</Unicode>
                    </TextEquiv>
                </Word>
                <Word id="r_10_tl_17_w7" custom="readingOrder {index:6;}">
                    <Coords points="1051,1115 1051,1175 1096,1175 1096,1115"/>
                    <TextEquiv>
                        <Unicode>der</Unicode>
                    </TextEquiv>
                </Word>
                <Word id="r_10_tl_17_w8" custom="readingOrder {index:7;}">
                    <Coords points="1122,1113 1122,1173 1207,1173 1207,1113"/>
                    <TextEquiv>
                        <Unicode>Herr</Unicode>
                    </TextEquiv>
                </Word>
                <Word id="r_10_tl_17_w9" custom="readingOrder {index:8;}">
                    <Coords points="1222,1112 1222,1172 1272,1172 1272,1112"/>
                    <TextEquiv>
                        <Unicode>B.</Unicode>
                    </TextEquiv>
                </Word>
                <TextEquiv>
                    <Unicode>Theolog noch nie verworfen hat, kleidet der Herr B.</Unicode>
                </TextEquiv>
            </TextLine>
            <TextLine id="r_10_tl_18" custom="readingOrder {index:17;}">
                <Coords points="287,1231 1274,1211 1274,1158 287,1175"/>
                <Baseline points="301,1215 340,1212 385,1209 429,1209 474,1209 519,1206 564,1206 609,1206 653,1203 698,1203 743,1203 788,1203 832,1203 877,1203 922,1203 967,1203 1012,1203 1056,1203 1101,1203 1146,1200 1191,1200 1236,1200 1280,1200"/>
                <Word id="r_10_tl_18_w1" custom="readingOrder {index:0;}">
                    <Coords points="292,1173 292,1233 346,1233 346,1173"/>
                    <TextEquiv>
                        <Unicode>sein</Unicode>
                    </TextEquiv>
                </Word>
                <Word id="r_10_tl_18_w2" custom="readingOrder {index:1;}">
                    <Coords points="387,1169 387,1229 507,1229 507,1169"/>
                    <TextEquiv>
                        <Unicode>System</Unicode>
                    </TextEquiv>
                </Word>
                <Word id="r_10_tl_18_w3" custom="readingOrder {index:2;}">
                    <Coords points="558,1166 558,1226 628,1226 628,1166"/>
                    <TextEquiv>
                        <Unicode>ein,</Unicode>
                    </TextEquiv>
                </Word>
                <Word id="r_10_tl_18_w4" custom="readingOrder {index:3;}">
                    <Coords points="659,1163 659,1223 769,1223 769,1163"/>
                    <TextEquiv>
                        <Unicode>wobey</Unicode>
                    </TextEquiv>
                </Word>
                <Word id="r_10_tl_18_w5" custom="readingOrder {index:4;}">
                    <Coords points="800,1163 800,1223 830,1223 830,1163"/>
                    <TextEquiv>
                        <Unicode>er</Unicode>
                    </TextEquiv>
                </Word>
                <Word id="r_10_tl_18_w6" custom="readingOrder {index:5;}">
                    <Coords points="855,1163 855,1223 915,1223 915,1163"/>
                    <TextEquiv>
                        <Unicode>uns</Unicode>
                    </TextEquiv>
                </Word>
                <Word id="r_10_tl_18_w7" custom="readingOrder {index:6;}">
                    <Coords points="951,1163 951,1223 1021,1223 1021,1163"/>
                    <TextEquiv>
                        <Unicode>aber</Unicode>
                    </TextEquiv>
                </Word>
                <Word id="r_10_tl_18_w8" custom="readingOrder {index:7;}">
                    <Coords points="1052,1163 1052,1223 1101,1223 1101,1163"/>
                    <TextEquiv>
                        <Unicode>den</Unicode>
                    </TextEquiv>
                </Word>
                <Word id="r_10_tl_18_w9" custom="readingOrder {index:8;}">
                    <Coords points="1137,1160 1137,1220 1267,1220 1267,1160"/>
                    <TextEquiv>
                        <Unicode>Beweis</Unicode>
                    </TextEquiv>
                </Word>
                <TextEquiv>
                    <Unicode>sein System ein, wobey er uns aber den Beweis</Unicode>
                </TextEquiv>
            </TextLine>
            <TextLine id="r_10_tl_19" custom="readingOrder {index:18;}">
                <Coords points="279,1274 1280,1257 1280,1211 1130,1201 279,1224"/>
                <Baseline points="292,1262 298,1259 343,1259 388,1259 432,1256 477,1256 522,1256 567,1253 612,1253 656,1253 701,1253 746,1253 791,1250 835,1250 880,1250 925,1250 970,1250 1015,1250 1059,1250 1104,1247 1149,1247 1194,1247 1238,1247 1283,1247"/>
                <Word id="r_10_tl_19_w1" custom="readingOrder {index:0;}">
                    <Coords points="285,1219 285,1279 344,1279 344,1219"/>
                    <TextEquiv>
                        <Unicode>und</Unicode>
                    </TextEquiv>
                </Word>
                <Word id="r_10_tl_19_w2" custom="readingOrder {index:1;}">
                    <Coords points="372,1218 372,1278 420,1278 420,1218"/>
                    <TextEquiv>
                        <Unicode>die</Unicode>
                    </TextEquiv>
                </Word>
                <Word id="r_10_tl_19_w3" custom="readingOrder {index:2;}">
                    <Coords points="442,1213 442,1273 675,1273 675,1213"/>
                    <TextEquiv>
                        <Unicode>Widerlegung</Unicode>
                    </TextEquiv>
                </Word>
                <Word id="r_10_tl_19_w4" custom="readingOrder {index:3;}">
                    <Coords points="703,1211 703,1271 833,1271 833,1211"/>
                    <TextEquiv>
                        <Unicode>schuldig</Unicode>
                    </TextEquiv>
                </Word>
                <Word id="r_10_tl_19_w5" custom="readingOrder {index:4;}">
                    <Coords points="860,1210 860,1270 1012,1270 1012,1210"/>
                    <TextEquiv>
                        <Unicode>geblieben</Unicode>
                    </TextEquiv>
                </Word>
                <Word id="r_10_tl_19_w6" custom="readingOrder {index:5;}">
                    <Coords points="1045,1209 1045,1269 1099,1269 1099,1209"/>
                    <TextEquiv>
                        <Unicode>ist,</Unicode>
                    </TextEquiv>
                </Word>
                <Word id="r_10_tl_19_w7" custom="readingOrder {index:6;}">
                    <Coords points="1110,1207 1110,1267 1158,1267 1158,1207"/>
                    <TextEquiv>
                        <Unicode>als</Unicode>
                    </TextEquiv>
                </Word>
                <Word id="r_10_tl_19_w8" custom="readingOrder {index:7;}">
                    <Coords points="1181,1207 1181,1267 1267,1267 1267,1207"/>
                    <TextEquiv>
                        <Unicode>wenn</Unicode>
                    </TextEquiv>
                </Word>
                <TextEquiv>
                    <Unicode>und die Widerlegung schuldig geblieben ist, als wenn</Unicode>
                </TextEquiv>
            </TextLine>
            <TextLine id="r_10_tl_20" custom="readingOrder {index:19;}">
                <Coords points="279,1320 1280,1313 1280,1257 1175,1252 279,1277"/>
                <Baseline points="292,1310 298,1307 343,1310 388,1307 432,1307 477,1304 522,1307 567,1304 612,1304 656,1304 701,1304 746,1301 791,1301 835,1301 880,1301 925,1301 970,1301 1015,1298 1059,1298 1104,1298 1149,1295 1194,1298 1238,1295 1283,1295"/>
                <Word id="r_10_tl_20_w1" custom="readingOrder {index:0;}">
                    <Coords points="285,1268 285,1328 355,1328 355,1268"/>
                    <TextEquiv>
                        <Unicode>man</Unicode>
                    </TextEquiv>
                </Word>
                <Word id="r_10_tl_20_w2" custom="readingOrder {index:1;}">
                    <Coords points="388,1267 388,1327 468,1327 468,1267"/>
                    <TextEquiv>
                        <Unicode>keine</Unicode>
                    </TextEquiv>
                </Word>
                <Word id="r_10_tl_20_w3" custom="readingOrder {index:2;}">
                    <Coords points="491,1264 491,1324 724,1324 724,1264"/>
                    <TextEquiv>
                        <Unicode>Wahrheiten,</Unicode>
                    </TextEquiv>
                </Word>
                <Word id="r_10_tl_20_w4" custom="readingOrder {index:3;}">
                    <Coords points="746,1261 746,1321 794,1321 794,1261"/>
                    <TextEquiv>
                        <Unicode>die</Unicode>
                    </TextEquiv>
                </Word>
                <Word id="r_10_tl_20_w5" custom="readingOrder {index:4;}">
                    <Coords points="817,1261 817,1321 1039,1321 1039,1261"/>
                    <TextEquiv>
                        <Unicode>Folgerungen</Unicode>
                    </TextEquiv>
                </Word>
                <Word id="r_10_tl_20_w6" custom="readingOrder {index:5;}">
                    <Coords points="1067,1257 1067,1317 1147,1317 1147,1257"/>
                    <TextEquiv>
                        <Unicode>sind,</Unicode>
                    </TextEquiv>
                </Word>
                <Word id="r_10_tl_20_w7" custom="readingOrder {index:6;}">
                    <Coords points="1170,1256 1170,1316 1266,1316 1266,1256"/>
                    <TextEquiv>
                        <Unicode>leiden</Unicode>
                    </TextEquiv>
                </Word>
                <TextEquiv>
                    <Unicode>man keine Wahrheiten, die Folgerungen sind, leiden</Unicode>
                </TextEquiv>
            </TextLine>
            <TextLine id="r_10_tl_21" custom="readingOrder {index:20;}">
                <Coords points="279,1366 1280,1358 1280,1310 1158,1302 279,1318"/>
                <Baseline points="292,1358 301,1358 346,1358 391,1358 435,1358 480,1358 525,1355 570,1352 615,1352 659,1355 704,1352 749,1352 794,1352 838,1352 883,1352 928,1352 973,1349 1018,1349 1062,1349 1107,1349 1152,1349 1197,1346 1241,1346 1286,1343"/>
                <Word id="r_10_tl_21_w1" custom="readingOrder {index:0;}">
                    <Coords points="285,1318 285,1378 409,1378 409,1318"/>
                    <TextEquiv>
                        <Unicode>müsse,</Unicode>
                    </TextEquiv>
                </Word>
                <Word id="r_10_tl_21_w2" custom="readingOrder {index:1;}">
                    <Coords points="433,1318 433,1378 466,1378 466,1318"/>
                    <TextEquiv>
                        <Unicode>da</Unicode>
                    </TextEquiv>
                </Word>
                <Word id="r_10_tl_21_w3" custom="readingOrder {index:2;}">
                    <Coords points="495,1316 495,1376 523,1376 523,1316"/>
                    <TextEquiv>
                        <Unicode>er</Unicode>
                    </TextEquiv>
                </Word>
                <Word id="r_10_tl_21_w4" custom="readingOrder {index:3;}">
                    <Coords points="546,1312 546,1372 614,1372 614,1312"/>
                    <TextEquiv>
                        <Unicode>doch</Unicode>
                    </TextEquiv>
                </Word>
                <Word id="r_10_tl_21_w5" custom="readingOrder {index:4;}">
                    <Coords points="637,1314 637,1374 687,1374 687,1314"/>
                    <TextEquiv>
                        <Unicode>als</Unicode>
                    </TextEquiv>
                </Word>
                <Word id="r_10_tl_21_w6" custom="readingOrder {index:5;}">
                    <Coords points="710,1312 710,1372 749,1372 749,1312"/>
                    <TextEquiv>
                        <Unicode>ein</Unicode>
                    </TextEquiv>
                </Word>
                <Word id="r_10_tl_21_w7" custom="readingOrder {index:6;}">
                    <Coords points="785,1312 785,1372 886,1372 886,1312"/>
                    <TextEquiv>
                        <Unicode>Prof.</Unicode>
                    </TextEquiv>
                </Word>
                <Word id="r_10_tl_21_w8" custom="readingOrder {index:7;}">
                    <Coords points="903,1311 903,1371 954,1371 954,1311"/>
                    <TextEquiv>
                        <Unicode>der</Unicode>
                    </TextEquiv>
                </Word>
                <Word id="r_10_tl_21_w9" custom="readingOrder {index:8;}">
                    <Coords points="977,1309 977,1369 1192,1369 1192,1309"/>
                    <TextEquiv>
                        <Unicode>Philosophie</Unicode>
                    </TextEquiv>
                </Word>
                <Word id="r_10_tl_21_w10" custom="readingOrder {index:9;}">
                    <Coords points="1210,1305 1210,1365 1282,1365 1282,1305"/>
                    <TextEquiv>
                        <Unicode>tau¬</Unicode>
                    </TextEquiv>
                </Word>
                <TextEquiv>
                    <Unicode>müsse, da er doch als ein Prof. der Philosophie tau¬</Unicode>
                </TextEquiv>
            </TextLine>
            <TextLine id="r_10_tl_22" custom="readingOrder {index:21;}">
                <Coords points="289,1422 1280,1412 1257,1353 289,1368"/>
                <Baseline points="304,1406 346,1409 391,1406 435,1406 480,1406 525,1403 570,1403 615,1403 659,1403 704,1403 749,1403 794,1403 838,1400 883,1400 928,1400 973,1400 1018,1400 1062,1400 1107,1400 1152,1397 1197,1397 1241,1397 1286,1394"/>
                <Word id="r_10_tl_22_w1" custom="readingOrder {index:0;}">
                    <Coords points="289,1367 289,1427 354,1427 354,1367"/>
                    <TextEquiv>
                        <Unicode>send</Unicode>
                    </TextEquiv>
                </Word>
                <Word id="r_10_tl_22_w2" custom="readingOrder {index:1;}">
                    <Coords points="382,1366 382,1426 495,1426 495,1366"/>
                    <TextEquiv>
                        <Unicode>Perlen</Unicode>
                    </TextEquiv>
                </Word>
                <Word id="r_10_tl_22_w3" custom="readingOrder {index:2;}">
                    <Coords points="523,1363 523,1423 626,1423 626,1363"/>
                    <TextEquiv>
                        <Unicode>wissen</Unicode>
                    </TextEquiv>
                </Word>
                <Word id="r_10_tl_22_w4" custom="readingOrder {index:3;}">
                    <Coords points="654,1363 654,1423 756,1423 756,1363"/>
                    <TextEquiv>
                        <Unicode>muß,</Unicode>
                    </TextEquiv>
                </Word>
                <Word id="r_10_tl_22_w5" custom="readingOrder {index:4;}">
                    <Coords points="789,1361 789,1421 832,1421 832,1361"/>
                    <TextEquiv>
                        <Unicode>wo</Unicode>
                    </TextEquiv>
                </Word>
                <Word id="r_10_tl_22_w6" custom="readingOrder {index:5;}">
                    <Coords points="866,1360 866,1420 914,1420 914,1360"/>
                    <TextEquiv>
                        <Unicode>die</Unicode>
                    </TextEquiv>
                </Word>
                <Word id="r_10_tl_22_w7" custom="readingOrder {index:6;}">
                    <Coords points="942,1360 942,1420 1071,1420 1071,1360"/>
                    <TextEquiv>
                        <Unicode>deutlich</Unicode>
                    </TextEquiv>
                </Word>
                <Word id="r_10_tl_22_w8" custom="readingOrder {index:7;}">
                    <Coords points="1099,1357 1099,1417 1273,1417 1273,1357"/>
                    <TextEquiv>
                        <Unicode>gefolgerte</Unicode>
                    </TextEquiv>
                </Word>
                <TextEquiv>
                    <Unicode>send Perlen wissen muß, wo die deutlich gefolgerte</Unicode>
                </TextEquiv>
            </TextLine>
            <TextLine id="r_10_tl_23" custom="readingOrder {index:22;}">
                <Coords points="279,1465 1280,1457 1280,1409 1229,1401 279,1422"/>
                <Baseline points="292,1453 301,1450 346,1453 391,1453 435,1453 480,1453 525,1450 570,1450 615,1453 659,1450 704,1450 749,1450 794,1450 838,1447 883,1447 928,1447 973,1447 1018,1450 1062,1450 1107,1447 1152,1444 1197,1447 1241,1444 1286,1444"/>
                <Word id="r_10_tl_23_w1" custom="readingOrder {index:0;}">
                    <Coords points="279,1413 279,1473 460,1473 460,1413"/>
                    <TextEquiv>
                        <Unicode>Wahrheit</Unicode>
                    </TextEquiv>
                </Word>
                <Word id="r_10_tl_23_w2" custom="readingOrder {index:1;}">
                    <Coords points="477,1410 477,1470 551,1470 551,1410"/>
                    <TextEquiv>
                        <Unicode>statt</Unicode>
                    </TextEquiv>
                </Word>
                <Word id="r_10_tl_23_w3" custom="readingOrder {index:2;}">
                    <Coords points="573,1411 573,1471 620,1471 620,1411"/>
                    <TextEquiv>
                        <Unicode>der</Unicode>
                    </TextEquiv>
                </Word>
                <Word id="r_10_tl_23_w4" custom="readingOrder {index:3;}">
                    <Coords points="642,1410 642,1470 882,1470 882,1410"/>
                    <TextEquiv>
                        <Unicode>demonstrirten</Unicode>
                    </TextEquiv>
                </Word>
                <Word id="r_10_tl_23_w5" custom="readingOrder {index:4;}">
                    <Coords points="915,1407 915,1467 1005,1467 1005,1407"/>
                    <TextEquiv>
                        <Unicode>gelten</Unicode>
                    </TextEquiv>
                </Word>
                <Word id="r_10_tl_23_w6" custom="readingOrder {index:5;}">
                    <Coords points="1038,1408 1038,1468 1123,1468 1123,1408"/>
                    <TextEquiv>
                        <Unicode>darf.</Unicode>
                    </TextEquiv>
                </Word>
                <Word id="r_10_tl_23_w7" custom="readingOrder {index:6;}">
                    <Coords points="1161,1405 1161,1465 1267,1465 1267,1405"/>
                    <TextEquiv>
                        <Unicode>Wenn</Unicode>
                    </TextEquiv>
                </Word>
                <TextEquiv>
                    <Unicode>Wahrheit statt der demonstrirten gelten darf. Wenn</Unicode>
                </TextEquiv>
            </TextLine>
            <TextLine id="r_10_tl_24" custom="readingOrder {index:23;}">
                <Coords points="282,1511 1282,1505 1282,1457 1148,1447 282,1462"/>
                <Baseline points="295,1504 304,1501 349,1504 394,1501 438,1501 483,1501 528,1501 573,1498 618,1498 662,1498 707,1498 752,1498 797,1498 841,1498 886,1495 931,1495 976,1495 1021,1495 1065,1498 1110,1495 1155,1495 1200,1492 1244,1492 1289,1489"/>
                <Word id="r_10_tl_24_w1" custom="readingOrder {index:0;}">
                    <Coords points="283,1463 283,1523 416,1523 416,1463"/>
                    <TextEquiv>
                        <Unicode>indessen</Unicode>
                    </TextEquiv>
                </Word>
                <Word id="r_10_tl_24_w2" custom="readingOrder {index:1;}">
                    <Coords points="445,1461 445,1521 529,1521 529,1461"/>
                    <TextEquiv>
                        <Unicode>Herr</Unicode>
                    </TextEquiv>
                </Word>
                <Word id="r_10_tl_24_w3" custom="readingOrder {index:2;}">
                    <Coords points="552,1458 552,1518 601,1518 601,1458"/>
                    <TextEquiv>
                        <Unicode>B.</Unicode>
                    </TextEquiv>
                </Word>
                <Word id="r_10_tl_24_w4" custom="readingOrder {index:3;}">
                    <Coords points="619,1458 619,1518 719,1518 719,1458"/>
                    <TextEquiv>
                        <Unicode>seinem</Unicode>
                    </TextEquiv>
                </Word>
                <Word id="r_10_tl_24_w5" custom="readingOrder {index:4;}">
                    <Coords points="764,1458 764,1518 870,1518 870,1458"/>
                    <TextEquiv>
                        <Unicode>eignen</Unicode>
                    </TextEquiv>
                </Word>
                <Word id="r_10_tl_24_w6" custom="readingOrder {index:5;}">
                    <Coords points="904,1455 904,1515 1089,1515 1089,1455"/>
                    <TextEquiv>
                        <Unicode>Grundsatz</Unicode>
                    </TextEquiv>
                </Word>
                <Word id="r_10_tl_24_w7" custom="readingOrder {index:6;}">
                    <Coords points="1112,1455 1112,1515 1173,1515 1173,1455"/>
                    <TextEquiv>
                        <Unicode>treu</Unicode>
                    </TextEquiv>
                </Word>
                <Word id="r_10_tl_24_w8" custom="readingOrder {index:7;}">
                    <Coords points="1207,1451 1207,1511 1285,1511 1285,1451"/>
                    <TextEquiv>
                        <Unicode>blie¬</Unicode>
                    </TextEquiv>
                </Word>
                <TextEquiv>
                    <Unicode>indessen Herr B. seinem eignen Grundsatz treu blie¬</Unicode>
                </TextEquiv>
            </TextLine>
            <TextLine id="r_10_tl_25" custom="readingOrder {index:24;}">
                <Coords points="279,1559 1280,1546 1280,1508 1196,1493 279,1513"/>
                <Baseline points="292,1552 301,1552 346,1555 391,1549 435,1549 480,1549 525,1549 570,1549 615,1549 659,1546 704,1546 749,1546 794,1543 838,1546 883,1546 928,1543 973,1546 1018,1546 1062,1543 1107,1543 1152,1540 1197,1540 1241,1540 1286,1540"/>
                <Word id="r_10_tl_25_w1" custom="readingOrder {index:0;}">
                    <Coords points="285,1513 285,1573 353,1573 353,1513"/>
                    <TextEquiv>
                        <Unicode>be,</Unicode>
                    </TextEquiv>
                </Word>
                <Word id="r_10_tl_25_w2" custom="readingOrder {index:1;}">
                    <Coords points="376,1509 376,1569 404,1569 404,1509"/>
                    <TextEquiv>
                        <Unicode>so</Unicode>
                    </TextEquiv>
                </Word>
                <Word id="r_10_tl_25_w3" custom="readingOrder {index:2;}">
                    <Coords points="427,1509 427,1569 540,1569 540,1509"/>
                    <TextEquiv>
                        <Unicode>könnte</Unicode>
                    </TextEquiv>
                </Word>
                <Word id="r_10_tl_25_w4" custom="readingOrder {index:3;}">
                    <Coords points="563,1509 563,1569 631,1569 631,1509"/>
                    <TextEquiv>
                        <Unicode>man</Unicode>
                    </TextEquiv>
                </Word>
                <Word id="r_10_tl_25_w5" custom="readingOrder {index:4;}">
                    <Coords points="665,1506 665,1566 790,1566 790,1506"/>
                    <TextEquiv>
                        <Unicode>freylich</Unicode>
                    </TextEquiv>
                </Word>
                <Word id="r_10_tl_25_w6" custom="readingOrder {index:5;}">
                    <Coords points="824,1506 824,1566 891,1566 891,1506"/>
                    <TextEquiv>
                        <Unicode>noch</Unicode>
                    </TextEquiv>
                </Word>
                <Word id="r_10_tl_25_w7" custom="readingOrder {index:6;}">
                    <Coords points="926,1506 926,1566 1039,1566 1039,1506"/>
                    <TextEquiv>
                        <Unicode>sagen:</Unicode>
                    </TextEquiv>
                </Word>
                <Word id="r_10_tl_25_w8" custom="readingOrder {index:7;}">
                    <Coords points="1074,1503 1074,1563 1130,1563 1130,1503"/>
                    <TextEquiv>
                        <Unicode>das</Unicode>
                    </TextEquiv>
                </Word>
                <Word id="r_10_tl_25_w9" custom="readingOrder {index:8;}">
                    <Coords points="1164,1500 1164,1560 1203,1560 1203,1500"/>
                    <TextEquiv>
                        <Unicode>ist</Unicode>
                    </TextEquiv>
                </Word>
                <Word id="r_10_tl_25_w10" custom="readingOrder {index:9;}">
                    <Coords points="1227,1500 1227,1560 1271,1560 1271,1500"/>
                    <TextEquiv>
                        <Unicode>ein</Unicode>
                    </TextEquiv>
                </Word>
                <TextEquiv>
                    <Unicode>be, so könnte man freylich noch sagen: das ist ein</Unicode>
                </TextEquiv>
            </TextLine>
            <TextLine id="r_10_tl_26" custom="readingOrder {index:25;}">
                <Coords points="282,1604 541,1632 904,1592 1203,1610 1282,1597 1285,1549 284,1559"/>
                <Baseline points="295,1591 301,1591 346,1597 391,1597 435,1597 480,1597 525,1597 570,1594 615,1594 659,1594 704,1594 749,1591 794,1594 838,1594 883,1594 928,1591 973,1591 1018,1591 1062,1591 1107,1591 1152,1591 1197,1588 1241,1588 1286,1585"/>
                <Word id="r_10_tl_26_w1" custom="readingOrder {index:0;}">
                    <Coords points="289,1557 289,1617 432,1617 432,1557"/>
                    <TextEquiv>
                        <Unicode>Mann!</Unicode>
                    </TextEquiv>
                </Word>
                <Word id="r_10_tl_26_w2" custom="readingOrder {index:1;}">
                    <Coords points="455,1557 455,1617 546,1617 546,1557"/>
                    <TextEquiv>
                        <Unicode>allein</Unicode>
                    </TextEquiv>
                </Word>
                <Word id="r_10_tl_26_w3" custom="readingOrder {index:2;}">
                    <Coords points="576,1554 576,1614 644,1614 644,1554"/>
                    <TextEquiv>
                        <Unicode>sehr</Unicode>
                    </TextEquiv>
                </Word>
                <Word id="r_10_tl_26_w4" custom="readingOrder {index:3;}">
                    <Coords points="668,1554 668,1614 713,1614 713,1554"/>
                    <TextEquiv>
                        <Unicode>oft</Unicode>
                    </TextEquiv>
                </Word>
                <Word id="r_10_tl_26_w5" custom="readingOrder {index:4;}">
                    <Coords points="737,1554 737,1614 891,1614 891,1554"/>
                    <TextEquiv>
                        <Unicode>sündiget</Unicode>
                    </TextEquiv>
                </Word>
                <Word id="r_10_tl_26_w6" custom="readingOrder {index:5;}">
                    <Coords points="915,1551 915,1611 943,1611 943,1551"/>
                    <TextEquiv>
                        <Unicode>er</Unicode>
                    </TextEquiv>
                </Word>
                <Word id="r_10_tl_26_w7" custom="readingOrder {index:6;}">
                    <Coords points="978,1551 978,1611 1075,1611 1075,1551"/>
                    <TextEquiv>
                        <Unicode>wider</Unicode>
                    </TextEquiv>
                </Word>
                <Word id="r_10_tl_26_w8" custom="readingOrder {index:7;}">
                    <Coords points="1104,1551 1104,1611 1156,1611 1156,1551"/>
                    <TextEquiv>
                        <Unicode>sein</Unicode>
                    </TextEquiv>
                </Word>
                <Word id="r_10_tl_26_w9" custom="readingOrder {index:8;}">
                    <Coords points="1191,1548 1191,1608 1276,1608 1276,1548"/>
                    <TextEquiv>
                        <Unicode>eigen</Unicode>
                    </TextEquiv>
                </Word>
                <TextEquiv>
                    <Unicode>Mann! allein sehr oft sündiget er wider sein eigen</Unicode>
                </TextEquiv>
            </TextLine>
            <TextLine id="r_10_tl_27" custom="readingOrder {index:26;}">
                <Coords points="282,1676 1282,1643 1282,1594 282,1610"/>
                <Baseline points="295,1639 304,1639 349,1645 394,1645 438,1645 483,1645 528,1642 573,1642 618,1642 662,1639 707,1642 752,1639 797,1642 841,1639 886,1642 931,1642 976,1642 1021,1639 1065,1639 1110,1636 1155,1636 1200,1636 1244,1636 1289,1636"/>
                <Word id="r_10_tl_27_w1" custom="readingOrder {index:0;}">
                    <Coords points="288,1605 288,1665 527,1665 527,1605"/>
                    <TextEquiv>
                        <Unicode>Principium,</Unicode>
                    </TextEquiv>
                </Word>
                <Word id="r_10_tl_27_w2" custom="readingOrder {index:1;}">
                    <Coords points="555,1602 555,1662 587,1662 587,1602"/>
                    <TextEquiv>
                        <Unicode>ob</Unicode>
                    </TextEquiv>
                </Word>
                <Word id="r_10_tl_27_w3" custom="readingOrder {index:2;}">
                    <Coords points="615,1601 615,1661 642,1661 642,1601"/>
                    <TextEquiv>
                        <Unicode>er</Unicode>
                    </TextEquiv>
                </Word>
                <Word id="r_10_tl_27_w4" custom="readingOrder {index:3;}">
                    <Coords points="670,1599 670,1659 827,1659 827,1599"/>
                    <TextEquiv>
                        <Unicode>vielleicht</Unicode>
                    </TextEquiv>
                </Word>
                <Word id="r_10_tl_27_w5" custom="readingOrder {index:4;}">
                    <Coords points="849,1602 849,1662 930,1662 930,1602"/>
                    <TextEquiv>
                        <Unicode>diese</Unicode>
                    </TextEquiv>
                </Word>
                <Word id="r_10_tl_27_w6" custom="readingOrder {index:5;}">
                    <Coords points="953,1598 953,1658 1181,1658 1181,1598"/>
                    <TextEquiv>
                        <Unicode>Uebertretung</Unicode>
                    </TextEquiv>
                </Word>
                <Word id="r_10_tl_27_w7" custom="readingOrder {index:6;}">
                    <Coords points="1215,1596 1215,1656 1274,1656 1274,1596"/>
                    <TextEquiv>
                        <Unicode>nur</Unicode>
                    </TextEquiv>
                </Word>
                <TextEquiv>
                    <Unicode>Principium, ob er vielleicht diese Uebertretung nur</Unicode>
                </TextEquiv>
            </TextLine>
            <TextLine id="r_10_tl_28" custom="readingOrder {index:27;}">
                <Coords points="284,1704 1285,1688 1285,1645 1214,1640 284,1673"/>
                <Baseline points="298,1689 304,1692 349,1692 394,1692 438,1692 483,1689 528,1686 573,1686 618,1689 662,1686 707,1686 752,1686 797,1686 841,1686 886,1683 931,1683 976,1683 1021,1683 1065,1683 1110,1683 1155,1680 1200,1680 1244,1677 1289,1680"/>
                <Word id="r_10_tl_28_w1" custom="readingOrder {index:0;}">
                    <Coords points="294,1652 294,1712 366,1712 366,1652"/>
                    <TextEquiv>
                        <Unicode>eine</Unicode>
                    </TextEquiv>
                </Word>
                <Word id="r_10_tl_28_w2" custom="readingOrder {index:1;}">
                    <Coords points="382,1651 382,1711 510,1711 510,1651"/>
                    <TextEquiv>
                        <Unicode>läßliche</Unicode>
                    </TextEquiv>
                </Word>
                <Word id="r_10_tl_28_w3" custom="readingOrder {index:2;}">
                    <Coords points="536,1647 536,1707 660,1707 660,1647"/>
                    <TextEquiv>
                        <Unicode>Sünde</Unicode>
                    </TextEquiv>
                </Word>
                <Word id="r_10_tl_28_w4" custom="readingOrder {index:3;}">
                    <Coords points="681,1646 681,1706 799,1706 799,1646"/>
                    <TextEquiv>
                        <Unicode>nennen</Unicode>
                    </TextEquiv>
                </Word>
                <Word id="r_10_tl_28_w5" custom="readingOrder {index:4;}">
                    <Coords points="825,1644 825,1704 912,1704 912,1644"/>
                    <TextEquiv>
                        <Unicode>mag.</Unicode>
                    </TextEquiv>
                </Word>
                <Word id="r_10_tl_28_w6" custom="readingOrder {index:5;}">
                    <Coords points="959,1643 959,1703 1000,1703 1000,1643"/>
                    <TextEquiv>
                        <Unicode>Z.</Unicode>
                    </TextEquiv>
                </Word>
                <Word id="r_10_tl_28_w7" custom="readingOrder {index:6;}">
                    <Coords points="1021,1643 1021,1703 1062,1703 1062,1643"/>
                    <TextEquiv>
                        <Unicode>E.</Unicode>
                    </TextEquiv>
                </Word>
                <Word id="r_10_tl_28_w8" custom="readingOrder {index:7;}">
                    <Coords points="1083,1643 1083,1703 1113,1703 1113,1643"/>
                    <TextEquiv>
                        <Unicode>da</Unicode>
                    </TextEquiv>
                </Word>
                <Word id="r_10_tl_28_w9" custom="readingOrder {index:8;}">
                    <Coords points="1135,1640 1135,1700 1217,1700 1217,1640"/>
                    <TextEquiv>
                        <Unicode>Herr</Unicode>
                    </TextEquiv>
                </Word>
                <Word id="r_10_tl_28_w10" custom="readingOrder {index:9;}">
                    <Coords points="1233,1637 1233,1697 1278,1697 1278,1637"/>
                    <TextEquiv>
                        <Unicode>B.</Unicode>
                    </TextEquiv>
                </Word>
                <TextEquiv>
                    <Unicode>eine läßliche Sünde nennen mag. Z. E. da Herr B.</Unicode>
                </TextEquiv>
            </TextLine>
            <TextLine id="r_10_tl_29" custom="readingOrder {index:28;}">
                <Coords points="282,1739 1211,1737 1285,1729 1287,1688 282,1704"/>
                <Baseline points="295,1734 307,1737 352,1734 397,1737 441,1737 486,1734 531,1734 576,1734 620,1734 665,1731 710,1731 755,1728 800,1728 844,1722 889,1725 934,1725 979,1725 1024,1725 1068,1722 1113,1722 1158,1725 1203,1722 1247,1719 1292,1719"/>
                <Word id="r_10_tl_29_w1" custom="readingOrder {index:0;}">
                    <Coords points="291,1696 291,1756 340,1756 340,1696"/>
                    <TextEquiv>
                        <Unicode>die</Unicode>
                    </TextEquiv>
                </Word>
                <Word id="r_10_tl_29_w2" custom="readingOrder {index:1;}">
                    <Coords points="370,1694 370,1754 670,1754 670,1694"/>
                    <TextEquiv>
                        <Unicode>Wiederbringung</Unicode>
                    </TextEquiv>
                </Word>
                <Word id="r_10_tl_29_w3" custom="readingOrder {index:2;}">
                    <Coords points="705,1688 705,1748 778,1748 778,1688"/>
                    <TextEquiv>
                        <Unicode>aller</Unicode>
                    </TextEquiv>
                </Word>
                <Word id="r_10_tl_29_w4" custom="readingOrder {index:3;}">
                    <Coords points="804,1683 804,1743 916,1743 916,1683"/>
                    <TextEquiv>
                        <Unicode>Dinge</Unicode>
                    </TextEquiv>
                </Word>
                <Word id="r_10_tl_29_w5" custom="readingOrder {index:4;}">
                    <Coords points="942,1685 942,1745 1064,1745 1064,1685"/>
                    <TextEquiv>
                        <Unicode>lehret,</Unicode>
                    </TextEquiv>
                </Word>
                <Word id="r_10_tl_29_w6" custom="readingOrder {index:5;}">
                    <Coords points="1094,1682 1094,1742 1153,1742 1153,1682"/>
                    <TextEquiv>
                        <Unicode>und</Unicode>
                    </TextEquiv>
                </Word>
                <Word id="r_10_tl_29_w7" custom="readingOrder {index:6;}">
                    <Coords points="1188,1679 1188,1739 1281,1739 1281,1679"/>
                    <TextEquiv>
                        <Unicode>sogar</Unicode>
                    </TextEquiv>
                </Word>
                <TextEquiv>
                    <Unicode>die Wiederbringung aller Dinge lehret, und sogar</Unicode>
                </TextEquiv>
            </TextLine>
            <TextLine id="r_10_tl_30" custom="readingOrder {index:29;}">
                <Coords points="300,1843 1290,1823 1290,1777 1211,1767 302,1790"/>
                <Baseline points="313,1830 355,1827 400,1824 444,1821 489,1821 534,1818 579,1818 623,1818 668,1818 713,1815 758,1818 803,1815 847,1812 892,1815 937,1815 982,1815 1027,1815 1071,1812 1116,1812 1161,1809 1206,1809 1250,1809 1295,1812"/>
                <Word id="r_10_tl_30_w1" custom="readingOrder {index:0;}">
                    <Coords points="300,1786 300,1846 432,1846 432,1786"/>
                    <TextEquiv>
                        <Unicode>fängniß</Unicode>
                    </TextEquiv>
                </Word>
                <Word id="r_10_tl_30_w2" custom="readingOrder {index:1;}">
                    <Coords points="464,1778 464,1838 608,1838 608,1778"/>
                    <TextEquiv>
                        <Unicode>erlöset:</Unicode>
                    </TextEquiv>
                </Word>
                <Word id="r_10_tl_30_w3" custom="readingOrder {index:2;}">
                    <Coords points="645,1778 645,1838 677,1838 677,1778"/>
                    <TextEquiv>
                        <Unicode>so</Unicode>
                    </TextEquiv>
                </Word>
                <Word id="r_10_tl_30_w4" custom="readingOrder {index:3;}">
                    <Coords points="709,1777 709,1837 820,1837 820,1777"/>
                    <TextEquiv>
                        <Unicode>müßte</Unicode>
                    </TextEquiv>
                </Word>
                <Word id="r_10_tl_30_w5" custom="readingOrder {index:4;}">
                    <Coords points="863,1775 863,1835 953,1835 953,1775"/>
                    <TextEquiv>
                        <Unicode>wohl</Unicode>
                    </TextEquiv>
                </Word>
                <Word id="r_10_tl_30_w6" custom="readingOrder {index:5;}">
                    <Coords points="980,1775 980,1835 1060,1835 1060,1775"/>
                    <TextEquiv>
                        <Unicode>diese</Unicode>
                    </TextEquiv>
                </Word>
                <Word id="r_10_tl_30_w7" custom="readingOrder {index:6;}">
                    <Coords points="1097,1769 1097,1829 1288,1829 1288,1769"/>
                    <TextEquiv>
                        <Unicode>Wahrheit,</Unicode>
                    </TextEquiv>
                </Word>
                <TextEquiv>
                    <Unicode>fängniß erlöset: so müßte wohl diese Wahrheit,</Unicode>
                </TextEquiv>
            </TextLine>
            <TextLine id="r_10_tl_31" custom="readingOrder {index:30;}">
                <Coords points="292,1876 1292,1874 1272,1818 292,1846"/>
                <Baseline points="307,1871 310,1868 355,1868 400,1868 444,1865 489,1862 534,1862 579,1862 623,1859 668,1862 713,1862 758,1865 803,1859 847,1859 892,1859 937,1859 982,1862 1027,1862 1071,1862 1116,1859 1161,1859 1206,1857 1250,1857 1295,1857"/>
                <Word id="r_10_tl_31_w1" custom="readingOrder {index:0;}">
                    <Coords points="297,1828 297,1888 384,1888 384,1828"/>
                    <TextEquiv>
                        <Unicode>wenn</Unicode>
                    </TextEquiv>
                </Word>
                <Word id="r_10_tl_31_w2" custom="readingOrder {index:1;}">
                    <Coords points="416,1825 416,1885 451,1885 451,1825"/>
                    <TextEquiv>
                        <Unicode>sie</Unicode>
                    </TextEquiv>
                </Word>
                <Word id="r_10_tl_31_w3" custom="readingOrder {index:2;}">
                    <Coords points="478,1822 478,1882 596,1882 596,1822"/>
                    <TextEquiv>
                        <Unicode>biblisch</Unicode>
                    </TextEquiv>
                </Word>
                <Word id="r_10_tl_31_w4" custom="readingOrder {index:3;}">
                    <Coords points="623,1821 623,1881 685,1881 685,1821"/>
                    <TextEquiv>
                        <Unicode>seyn</Unicode>
                    </TextEquiv>
                </Word>
                <Word id="r_10_tl_31_w5" custom="readingOrder {index:4;}">
                    <Coords points="716,1824 716,1884 793,1884 793,1824"/>
                    <TextEquiv>
                        <Unicode>soll,</Unicode>
                    </TextEquiv>
                </Word>
                <Word id="r_10_tl_31_w6" custom="readingOrder {index:5;}">
                    <Coords points="814,1819 814,1879 876,1879 876,1819"/>
                    <TextEquiv>
                        <Unicode>mit</Unicode>
                    </TextEquiv>
                </Word>
                <Word id="r_10_tl_31_w7" custom="readingOrder {index:6;}">
                    <Coords points="892,1819 892,1879 985,1879 985,1819"/>
                    <TextEquiv>
                        <Unicode>diesen</Unicode>
                    </TextEquiv>
                </Word>
                <Word id="r_10_tl_31_w8" custom="readingOrder {index:7;}">
                    <Coords points="1017,1822 1017,1882 1114,1882 1114,1822"/>
                    <TextEquiv>
                        <Unicode>klaren</Unicode>
                    </TextEquiv>
                </Word>
                <Word id="r_10_tl_31_w9" custom="readingOrder {index:8;}">
                    <Coords points="1146,1817 1146,1877 1274,1877 1274,1817"/>
                    <TextEquiv>
                        <Unicode>Worten</Unicode>
                    </TextEquiv>
                </Word>
                <TextEquiv>
                    <Unicode>wenn sie biblisch seyn soll, mit diesen klaren Worten</Unicode>
                </TextEquiv>
            </TextLine>
            <TextLine id="r_10_tl_32" custom="readingOrder {index:31;}">
                <Coords points="287,1927 1287,1914 1287,1874 1211,1863 287,1874"/>
                <Baseline points="301,1919 307,1919 352,1916 397,1916 441,1913 486,1913 531,1913 576,1910 620,1910 665,1910 710,1907 755,1910 800,1910 844,1907 889,1910 934,1907 979,1907 1024,1907 1068,1907 1113,1907 1158,1907 1203,1907 1247,1907 1292,1904"/>
                <Word id="r_10_tl_32_w1" custom="readingOrder {index:0;}">
                    <Coords points="294,1878 294,1938 322,1938 322,1878"/>
                    <TextEquiv>
                        <Unicode>in</Unicode>
                    </TextEquiv>
                </Word>
                <Word id="r_10_tl_32_w2" custom="readingOrder {index:1;}">
                    <Coords points="352,1876 352,1936 398,1936 398,1876"/>
                    <TextEquiv>
                        <Unicode>der</Unicode>
                    </TextEquiv>
                </Word>
                <Word id="r_10_tl_32_w3" custom="readingOrder {index:2;}">
                    <Coords points="428,1873 428,1933 561,1933 561,1873"/>
                    <TextEquiv>
                        <Unicode>Schrift</Unicode>
                    </TextEquiv>
                </Word>
                <Word id="r_10_tl_32_w4" custom="readingOrder {index:3;}">
                    <Coords points="579,1870 579,1930 707,1930 707,1870"/>
                    <TextEquiv>
                        <Unicode>stehen:</Unicode>
                    </TextEquiv>
                </Word>
                <Word id="r_10_tl_32_w5" custom="readingOrder {index:4;}">
                    <Coords points="731,1870 731,1930 800,1930 800,1870"/>
                    <TextEquiv>
                        <Unicode>Alle</Unicode>
                    </TextEquiv>
                </Word>
                <Word id="r_10_tl_32_w6" custom="readingOrder {index:5;}">
                    <Coords points="830,1869 830,1929 969,1929 969,1869"/>
                    <TextEquiv>
                        <Unicode>Sünder</Unicode>
                    </TextEquiv>
                </Word>
                <Word id="r_10_tl_32_w7" custom="readingOrder {index:6;}">
                    <Coords points="999,1867 999,1927 1057,1927 1057,1867"/>
                    <TextEquiv>
                        <Unicode>und</Unicode>
                    </TextEquiv>
                </Word>
                <Word id="r_10_tl_32_w8" custom="readingOrder {index:7;}">
                    <Coords points="1086,1867 1086,1927 1283,1927 1283,1867"/>
                    <TextEquiv>
                        <Unicode>Verdamm¬</Unicode>
                    </TextEquiv>
                </Word>
                <TextEquiv>
                    <Unicode>in der Schrift stehen: Alle Sünder und Verdamm¬</Unicode>
                </TextEquiv>
            </TextLine>
            <TextLine id="r_10_tl_33" custom="readingOrder {index:32;}">
                <Coords points="292,1973 1285,1965 1272,1914 292,1927"/>
                <Baseline points="307,1970 352,1967 397,1967 441,1964 486,1967 531,1964 576,1964 620,1961 665,1961 710,1961 755,1961 800,1961 844,1961 889,1961 934,1958 979,1958 1024,1958 1068,1961 1113,1961 1158,1958 1203,1955 1247,1955 1292,1958"/>
                <Word id="r_10_tl_33_w1" custom="readingOrder {index:0;}">
                    <Coords points="293,1929 293,1989 347,1989 347,1929"/>
                    <TextEquiv>
                        <Unicode>te,</Unicode>
                    </TextEquiv>
                </Word>
                <Word id="r_10_tl_33_w2" custom="readingOrder {index:1;}">
                    <Coords points="370,1925 370,1985 459,1985 459,1925"/>
                    <TextEquiv>
                        <Unicode>nebst</Unicode>
                    </TextEquiv>
                </Word>
                <Word id="r_10_tl_33_w3" custom="readingOrder {index:2;}">
                    <Coords points="481,1925 481,1985 531,1985 531,1925"/>
                    <TextEquiv>
                        <Unicode>dem</Unicode>
                    </TextEquiv>
                </Word>
                <Word id="r_10_tl_33_w4" custom="readingOrder {index:3;}">
                    <Coords points="570,1921 570,1981 687,1981 687,1921"/>
                    <TextEquiv>
                        <Unicode>Teufel</Unicode>
                    </TextEquiv>
                </Word>
                <Word id="r_10_tl_33_w5" custom="readingOrder {index:4;}">
                    <Coords points="704,1921 704,1981 820,1981 820,1921"/>
                    <TextEquiv>
                        <Unicode>werden</Unicode>
                    </TextEquiv>
                </Word>
                <Word id="r_10_tl_33_w6" custom="readingOrder {index:5;}">
                    <Coords points="854,1920 854,1980 931,1980 931,1920"/>
                    <TextEquiv>
                        <Unicode>nicht</Unicode>
                    </TextEquiv>
                </Word>
                <Word id="r_10_tl_33_w7" custom="readingOrder {index:6;}">
                    <Coords points="954,1918 954,1978 1032,1978 1032,1918"/>
                    <TextEquiv>
                        <Unicode>ewig</Unicode>
                    </TextEquiv>
                </Word>
                <Word id="r_10_tl_33_w8" custom="readingOrder {index:7;}">
                    <Coords points="1061,1921 1061,1981 1088,1981 1088,1921"/>
                    <TextEquiv>
                        <Unicode>in</Unicode>
                    </TextEquiv>
                </Word>
                <Word id="r_10_tl_33_w9" custom="readingOrder {index:8;}">
                    <Coords points="1116,1919 1116,1979 1165,1979 1165,1919"/>
                    <TextEquiv>
                        <Unicode>der</Unicode>
                    </TextEquiv>
                </Word>
                <Word id="r_10_tl_33_w10" custom="readingOrder {index:9;}">
                    <Coords points="1188,1915 1188,1975 1282,1975 1282,1915"/>
                    <TextEquiv>
                        <Unicode>Hölle</Unicode>
                    </TextEquiv>
                </Word>
                <TextEquiv>
                    <Unicode>te, nebst dem Teufel werden nicht ewig in der Hölle</Unicode>
                </TextEquiv>
            </TextLine>
            <TextLine id="r_10_tl_34" custom="readingOrder {index:33;}">
                <Coords points="289,2031 1282,2013 1282,1965 289,1980"/>
                <Baseline points="304,2015 349,2018 394,2018 438,2015 483,2015 528,2015 573,2012 618,2012 662,2012 707,2009 752,2009 797,2009 841,2009 886,2009 931,2009 976,2009 1021,2009 1065,2009 1110,2009 1155,2006 1200,2006 1244,2006 1289,2006"/>
                <Word id="r_10_tl_34_w1" custom="readingOrder {index:0;}">
                    <Coords points="294,1978 294,2038 448,2038 448,1978"/>
                    <TextEquiv>
                        <Unicode>bleiben,</Unicode>
                    </TextEquiv>
                </Word>
                <Word id="r_10_tl_34_w2" custom="readingOrder {index:1;}">
                    <Coords points="469,1974 469,2034 598,2034 598,1974"/>
                    <TextEquiv>
                        <Unicode>sondern</Unicode>
                    </TextEquiv>
                </Word>
                <Word id="r_10_tl_34_w3" custom="readingOrder {index:2;}">
                    <Coords points="640,1969 640,2029 758,2029 758,1969"/>
                    <TextEquiv>
                        <Unicode>endlich</Unicode>
                    </TextEquiv>
                </Word>
                <Word id="r_10_tl_34_w4" custom="readingOrder {index:3;}">
                    <Coords points="790,1969 790,2029 820,2029 820,1969"/>
                    <TextEquiv>
                        <Unicode>in</Unicode>
                    </TextEquiv>
                </Word>
                <Word id="r_10_tl_34_w5" custom="readingOrder {index:4;}">
                    <Coords points="857,1969 857,2029 913,2029 913,1969"/>
                    <TextEquiv>
                        <Unicode>den</Unicode>
                    </TextEquiv>
                </Word>
                <Word id="r_10_tl_34_w6" custom="readingOrder {index:5;}">
                    <Coords points="945,1969 945,2029 1099,2029 1099,1969"/>
                    <TextEquiv>
                        <Unicode>Himmel</Unicode>
                    </TextEquiv>
                </Word>
                <Word id="r_10_tl_34_w7" custom="readingOrder {index:6;}">
                    <Coords points="1121,1966 1121,2026 1285,2026 1285,1966"/>
                    <TextEquiv>
                        <Unicode>kommen.</Unicode>
                    </TextEquiv>
                </Word>
                <TextEquiv>
                    <Unicode>bleiben, sondern endlich in den Himmel kommen.</Unicode>
                </TextEquiv>
            </TextLine>
            <TextLine id="r_10_tl_35" custom="readingOrder {index:34;}">
                <Coords points="297,2084 1285,2061 1287,2013 1252,2011 300,2028"/>
                <Baseline points="310,2065 349,2065 394,2065 438,2065 483,2065 528,2063 573,2063 618,2060 662,2060 707,2060 752,2057 797,2057 841,2057 886,2057 931,2057 976,2054 1021,2057 1065,2057 1110,2057 1155,2054 1200,2054 1244,2054 1289,2054"/>
                <Word id="r_10_tl_35_w1" custom="readingOrder {index:0;}">
                    <Coords points="302,2025 302,2085 402,2085 402,2025"/>
                    <TextEquiv>
                        <Unicode>Wenn</Unicode>
                    </TextEquiv>
                </Word>
                <Word id="r_10_tl_35_w2" custom="readingOrder {index:1;}">
                    <Coords points="435,2025 435,2085 498,2085 498,2025"/>
                    <TextEquiv>
                        <Unicode>man</Unicode>
                    </TextEquiv>
                </Word>
                <Word id="r_10_tl_35_w3" custom="readingOrder {index:2;}">
                    <Coords points="531,2023 531,2083 605,2083 605,2023"/>
                    <TextEquiv>
                        <Unicode>denn</Unicode>
                    </TextEquiv>
                </Word>
                <Word id="r_10_tl_35_w4" custom="readingOrder {index:3;}">
                    <Coords points="632,2020 632,2080 727,2080 727,2020"/>
                    <TextEquiv>
                        <Unicode>solche</Unicode>
                    </TextEquiv>
                </Word>
                <Word id="r_10_tl_35_w5" custom="readingOrder {index:4;}">
                    <Coords points="749,2017 749,2077 902,2077 902,2017"/>
                    <TextEquiv>
                        <Unicode>Schlüsse</Unicode>
                    </TextEquiv>
                </Word>
                <Word id="r_10_tl_35_w6" custom="readingOrder {index:5;}">
                    <Coords points="924,2014 924,2074 1030,2074 1030,2014"/>
                    <TextEquiv>
                        <Unicode>lieset,</Unicode>
                    </TextEquiv>
                </Word>
                <Word id="r_10_tl_35_w7" custom="readingOrder {index:6;}">
                    <Coords points="1062,2017 1062,2077 1093,2077 1093,2017"/>
                    <TextEquiv>
                        <Unicode>da</Unicode>
                    </TextEquiv>
                </Word>
                <Word id="r_10_tl_35_w8" custom="readingOrder {index:7;}">
                    <Coords points="1121,2014 1121,2074 1168,2074 1168,2014"/>
                    <TextEquiv>
                        <Unicode>der</Unicode>
                    </TextEquiv>
                </Word>
                <Word id="r_10_tl_35_w9" custom="readingOrder {index:8;}">
                    <Coords points="1195,2014 1195,2074 1290,2074 1290,2014"/>
                    <TextEquiv>
                        <Unicode>Verf.</Unicode>
                    </TextEquiv>
                </Word>
                <TextEquiv>
                    <Unicode>Wenn man denn solche Schlüsse lieset, da der Verf.</Unicode>
                </TextEquiv>
            </TextLine>
            <TextLine id="r_10_tl_36" custom="readingOrder {index:35;}">
                <Coords points="297,2125 1285,2115 1285,2061 1241,2059 297,2082"/>
                <Baseline points="310,2116 349,2116 394,2113 438,2113 483,2113 528,2110 573,2110 618,2107 662,2107 707,2107 752,2107 797,2104 841,2104 886,2104 931,2104 976,2104 1021,2101 1065,2101 1110,2101 1155,2101 1200,2098 1244,2101 1289,2101"/>
                <Word id="r_10_tl_36_w1" custom="readingOrder {index:0;}">
                    <Coords points="297,2076 297,2136 332,2136 332,2076"/>
                    <TextEquiv>
                        <Unicode>um</Unicode>
                    </TextEquiv>
                </Word>
                <Word id="r_10_tl_36_w2" custom="readingOrder {index:1;}">
                    <Coords points="380,2073 380,2133 462,2133 462,2073"/>
                    <TextEquiv>
                        <Unicode>eines</Unicode>
                    </TextEquiv>
                </Word>
                <Word id="r_10_tl_36_w3" custom="readingOrder {index:2;}">
                    <Coords points="489,2067 489,2127 805,2127 805,2067"/>
                    <TextEquiv>
                        <Unicode>Favoritgedankens</Unicode>
                    </TextEquiv>
                </Word>
                <Word id="r_10_tl_36_w4" custom="readingOrder {index:3;}">
                    <Coords points="832,2064 832,2124 899,2124 899,2064"/>
                    <TextEquiv>
                        <Unicode>eben</Unicode>
                    </TextEquiv>
                </Word>
                <Word id="r_10_tl_36_w5" custom="readingOrder {index:4;}">
                    <Coords points="925,2064 925,2124 992,2124 992,2064"/>
                    <TextEquiv>
                        <Unicode>auch</Unicode>
                    </TextEquiv>
                </Word>
                <Word id="r_10_tl_36_w6" custom="readingOrder {index:5;}">
                    <Coords points="1024,2061 1024,2121 1106,2121 1106,2061"/>
                    <TextEquiv>
                        <Unicode>nicht</Unicode>
                    </TextEquiv>
                </Word>
                <Word id="r_10_tl_36_w7" custom="readingOrder {index:6;}">
                    <Coords points="1128,2061 1128,2121 1174,2121 1174,2061"/>
                    <TextEquiv>
                        <Unicode>die</Unicode>
                    </TextEquiv>
                </Word>
                <Word id="r_10_tl_36_w8" custom="readingOrder {index:7;}">
                    <Coords points="1196,2060 1196,2120 1288,2120 1288,2060"/>
                    <TextEquiv>
                        <Unicode>stärk¬</Unicode>
                    </TextEquiv>
                </Word>
                <TextEquiv>
                    <Unicode>um eines Favoritgedankens eben auch nicht die stärk¬</Unicode>
                </TextEquiv>
            </TextLine>
            <TextLine id="r_10_tl_37" custom="readingOrder {index:36;}">
                <Coords points="302,2181 1292,2163 1290,2107 302,2127"/>
                <Baseline points="316,2167 358,2164 403,2161 447,2161 492,2158 537,2158 582,2158 626,2158 671,2155 716,2155 761,2152 806,2152 850,2155 895,2152 940,2152 985,2152 1030,2152 1074,2149 1119,2149 1164,2149 1209,2146 1253,2149 1298,2149"/>
                <Word id="r_10_tl_37_w1" custom="readingOrder {index:0;}">
                    <Coords points="302,2125 302,2185 359,2185 359,2125"/>
                    <TextEquiv>
                        <Unicode>sten</Unicode>
                    </TextEquiv>
                </Word>
                <Word id="r_10_tl_37_w2" custom="readingOrder {index:1;}">
                    <Coords points="392,2119 392,2179 533,2179 533,2119"/>
                    <TextEquiv>
                        <Unicode>Beweise</Unicode>
                    </TextEquiv>
                </Word>
                <Word id="r_10_tl_37_w3" custom="readingOrder {index:2;}">
                    <Coords points="556,2116 556,2176 735,2176 735,2116"/>
                    <TextEquiv>
                        <Unicode>annimmt,</Unicode>
                    </TextEquiv>
                </Word>
                <Word id="r_10_tl_37_w4" custom="readingOrder {index:3;}">
                    <Coords points="751,2112 751,2172 798,2172 798,2112"/>
                    <TextEquiv>
                        <Unicode>die</Unicode>
                    </TextEquiv>
                </Word>
                <Word id="r_10_tl_37_w5" custom="readingOrder {index:4;}">
                    <Coords points="820,2114 820,2174 888,2174 888,2114"/>
                    <TextEquiv>
                        <Unicode>nach</Unicode>
                    </TextEquiv>
                </Word>
                <Word id="r_10_tl_37_w6" custom="readingOrder {index:5;}">
                    <Coords points="915,2112 915,2172 1009,2172 1009,2112"/>
                    <TextEquiv>
                        <Unicode>seiner</Unicode>
                    </TextEquiv>
                </Word>
                <Word id="r_10_tl_37_w7" custom="readingOrder {index:6;}">
                    <Coords points="1026,2109 1026,2169 1126,2169 1126,2109"/>
                    <TextEquiv>
                        <Unicode>Logick</Unicode>
                    </TextEquiv>
                </Word>
                <Word id="r_10_tl_37_w8" custom="readingOrder {index:7;}">
                    <Coords points="1148,2106 1148,2166 1284,2166 1284,2106"/>
                    <TextEquiv>
                        <Unicode>erfodert</Unicode>
                    </TextEquiv>
                </Word>
                <TextEquiv>
                    <Unicode>sten Beweise annimmt, die nach seiner Logick erfodert</Unicode>
                </TextEquiv>
            </TextLine>
            <TextLine id="r_10_tl_38" custom="readingOrder {index:37;}">
                <Coords points="297,2229 1297,2209 1297,2163 1216,2153 297,2183"/>
                <Baseline points="310,2209 316,2209 361,2209 406,2209 450,2209 495,2206 540,2206 585,2206 629,2203 674,2203 719,2200 764,2200 809,2200 853,2200 898,2200 943,2200 988,2197 1032,2200 1077,2197 1122,2197 1167,2194 1212,2197 1256,2197 1301,2197"/>
                <Word id="r_10_tl_38_w1" custom="readingOrder {index:0;}">
                    <Coords points="303,2169 303,2229 457,2229 457,2169"/>
                    <TextEquiv>
                        <Unicode>werden:</Unicode>
                    </TextEquiv>
                </Word>
                <Word id="r_10_tl_38_w2" custom="readingOrder {index:1;}">
                    <Coords points="480,2166 480,2226 507,2226 507,2166"/>
                    <TextEquiv>
                        <Unicode>so</Unicode>
                    </TextEquiv>
                </Word>
                <Word id="r_10_tl_38_w3" custom="readingOrder {index:2;}">
                    <Coords points="530,2166 530,2226 601,2226 601,2166"/>
                    <TextEquiv>
                        <Unicode>muß</Unicode>
                    </TextEquiv>
                </Word>
                <Word id="r_10_tl_38_w4" custom="readingOrder {index:3;}">
                    <Coords points="630,2163 630,2223 696,2223 696,2163"/>
                    <TextEquiv>
                        <Unicode>man</Unicode>
                    </TextEquiv>
                </Word>
                <Word id="r_10_tl_38_w5" custom="readingOrder {index:4;}">
                    <Coords points="730,2160 730,2220 812,2220 812,2160"/>
                    <TextEquiv>
                        <Unicode>billig</Unicode>
                    </TextEquiv>
                </Word>
                <Word id="r_10_tl_38_w6" custom="readingOrder {index:5;}">
                    <Coords points="840,2160 840,2220 890,2220 890,2160"/>
                    <TextEquiv>
                        <Unicode>die</Unicode>
                    </TextEquiv>
                </Word>
                <Word id="r_10_tl_38_w7" custom="readingOrder {index:6;}">
                    <Coords points="918,2159 918,2219 1161,2219 1161,2159"/>
                    <TextEquiv>
                        <Unicode>herzbrechende</Unicode>
                    </TextEquiv>
                </Word>
                <Word id="r_10_tl_38_w8" custom="readingOrder {index:7;}">
                    <Coords points="1184,2157 1184,2217 1289,2217 1289,2157"/>
                    <TextEquiv>
                        <Unicode>Excla¬</Unicode>
                    </TextEquiv>
                </Word>
                <TextEquiv>
                    <Unicode>werden: so muß man billig die herzbrechende Excla¬</Unicode>
                </TextEquiv>
            </TextLine>
            <TextLine id="r_10_tl_39" custom="readingOrder {index:38;}">
                <Coords points="297,2275 1290,2257 1272,2204 297,2229"/>
                <Baseline points="310,2257 355,2257 400,2254 444,2254 489,2251 534,2251 579,2251 623,2251 668,2248 713,2248 758,2248 803,2245 847,2248 892,2245 937,2248 982,2248 1027,2248 1071,2248 1116,2245 1161,2242 1206,2242 1250,2245 1295,2245"/>
                <Word id="r_10_tl_39_w1" custom="readingOrder {index:0;}">
                    <Coords points="301,2216 301,2276 420,2276 420,2216"/>
                    <TextEquiv>
                        <Unicode>mation</Unicode>
                    </TextEquiv>
                </Word>
                <Word id="r_10_tl_39_w2" custom="readingOrder {index:1;}">
                    <Coords points="459,2211 459,2271 549,2271 549,2211"/>
                    <TextEquiv>
                        <Unicode>gegen</Unicode>
                    </TextEquiv>
                </Word>
                <Word id="r_10_tl_39_w3" custom="readingOrder {index:2;}">
                    <Coords points="588,2211 588,2271 641,2271 641,2211"/>
                    <TextEquiv>
                        <Unicode>ihn</Unicode>
                    </TextEquiv>
                </Word>
                <Word id="r_10_tl_39_w4" custom="readingOrder {index:3;}">
                    <Coords points="680,2207 680,2267 862,2267 862,2207"/>
                    <TextEquiv>
                        <Unicode>brauchen,</Unicode>
                    </TextEquiv>
                </Word>
                <Word id="r_10_tl_39_w5" custom="readingOrder {index:4;}">
                    <Coords points="896,2206 896,2266 943,2266 943,2206"/>
                    <TextEquiv>
                        <Unicode>die</Unicode>
                    </TextEquiv>
                </Word>
                <Word id="r_10_tl_39_w6" custom="readingOrder {index:5;}">
                    <Coords points="978,2208 978,2268 1006,2268 1006,2208"/>
                    <TextEquiv>
                        <Unicode>in</Unicode>
                    </TextEquiv>
                </Word>
                <Word id="r_10_tl_39_w7" custom="readingOrder {index:6;}">
                    <Coords points="1045,2206 1045,2266 1131,2266 1131,2206"/>
                    <TextEquiv>
                        <Unicode>einer</Unicode>
                    </TextEquiv>
                </Word>
                <Word id="r_10_tl_39_w8" custom="readingOrder {index:7;}">
                    <Coords points="1165,2203 1165,2263 1279,2263 1279,2203"/>
                    <TextEquiv>
                        <Unicode>andern</Unicode>
                    </TextEquiv>
                </Word>
                <TextEquiv>
                    <Unicode>mation gegen ihn brauchen, die in einer andern</Unicode>
                </TextEquiv>
            </TextLine>
            <TextLine id="r_10_tl_40" custom="readingOrder {index:39;}">
                <Coords points="300,2313 1292,2305 1292,2252 1150,2244 300,2267"/>
                <Baseline points="313,2298 358,2301 403,2298 447,2298 492,2298 537,2292 582,2292 626,2292 671,2292 716,2292 761,2292 806,2289 850,2289 895,2292 940,2292 985,2295 1030,2295 1074,2295 1119,2295 1164,2292 1209,2292 1253,2292 1298,2289"/>
                <Word id="r_10_tl_40_w1" custom="readingOrder {index:0;}">
                    <Coords points="306,2258 306,2318 526,2318 526,2258"/>
                    <TextEquiv>
                        <Unicode>Streitigkeit</Unicode>
                    </TextEquiv>
                </Word>
                <Word id="r_10_tl_40_w2" custom="readingOrder {index:1;}">
                    <Coords points="544,2252 544,2312 587,2312 587,2252"/>
                    <TextEquiv>
                        <Unicode>die</Unicode>
                    </TextEquiv>
                </Word>
                <Word id="r_10_tl_40_w3" custom="readingOrder {index:2;}">
                    <Coords points="610,2252 610,2312 769,2312 769,2252"/>
                    <TextEquiv>
                        <Unicode>Verfasser</Unicode>
                    </TextEquiv>
                </Word>
                <Word id="r_10_tl_40_w4" custom="readingOrder {index:3;}">
                    <Coords points="798,2249 798,2309 842,2309 842,2249"/>
                    <TextEquiv>
                        <Unicode>der</Unicode>
                    </TextEquiv>
                </Word>
                <Word id="r_10_tl_40_w5" custom="readingOrder {index:4;}">
                    <Coords points="865,2252 865,2312 980,2312 980,2252"/>
                    <TextEquiv>
                        <Unicode>Briefe</Unicode>
                    </TextEquiv>
                </Word>
                <Word id="r_10_tl_40_w6" custom="readingOrder {index:5;}">
                    <Coords points="1003,2255 1003,2315 1074,2315 1074,2255"/>
                    <TextEquiv>
                        <Unicode>über</Unicode>
                    </TextEquiv>
                </Word>
                <Word id="r_10_tl_40_w7" custom="readingOrder {index:6;}">
                    <Coords points="1102,2254 1102,2314 1145,2314 1145,2254"/>
                    <TextEquiv>
                        <Unicode>die</Unicode>
                    </TextEquiv>
                </Word>
                <Word id="r_10_tl_40_w8" custom="readingOrder {index:7;}">
                    <Coords points="1168,2252 1168,2312 1284,2312 1284,2252"/>
                    <TextEquiv>
                        <Unicode>neueste</Unicode>
                    </TextEquiv>
                </Word>
                <TextEquiv>
                    <Unicode>Streitigkeit die Verfasser der Briefe über die neueste</Unicode>
                </TextEquiv>
            </TextLine>
            <TextLine id="r_10_tl_41" custom="readingOrder {index:40;}">
                <Coords points="292,2371 383,2358 495,2384 703,2351 762,2379 843,2356 904,2384 906,2308 863,2298 505,2320 294,2308"/>
                <Baseline points="307,2355 328,2352 373,2349 417,2346 462,2346 507,2343 552,2343 597,2340 641,2340 686,2337 731,2337 776,2337 821,2337 865,2340 910,2340"/>
                <Word id="r_10_tl_41_w1" custom="readingOrder {index:0;}">
                    <Coords points="301,2307 301,2367 475,2367 475,2307"/>
                    <TextEquiv>
                        <Unicode>Litteratur</Unicode>
                    </TextEquiv>
                </Word>
                <Word id="r_10_tl_41_w2" custom="readingOrder {index:1;}">
                    <Coords points="501,2303 501,2363 591,2363 591,2303"/>
                    <TextEquiv>
                        <Unicode>gegen</Unicode>
                    </TextEquiv>
                </Word>
                <Word id="r_10_tl_41_w3" custom="readingOrder {index:2;}">
                    <Coords points="617,2299 617,2359 668,2359 668,2299"/>
                    <TextEquiv>
                        <Unicode>ihn</Unicode>
                    </TextEquiv>
                </Word>
                <Word id="r_10_tl_41_w4" custom="readingOrder {index:3;}">
                    <Coords points="695,2297 695,2357 888,2357 888,2297"/>
                    <TextEquiv>
                        <Unicode>brauchten:</Unicode>
                    </TextEquiv>
                </Word>
                <TextEquiv>
                    <Unicode>Litteratur gegen ihn brauchten:</Unicode>
                </TextEquiv>
            </TextLine>
            <TextLine id="r_10_tl_42" custom="readingOrder {index:41;}">
                <Coords points="427,2442 787,2417 858,2442 1021,2437 1021,2351 815,2356 777,2381 703,2351 495,2384 427,2358"/>
                <Baseline points="441,2418 486,2415 531,2415 576,2412 620,2412 665,2409 710,2409 755,2412 800,2412 844,2412 889,2415 934,2415 979,2415 1024,2412"/>
                <Word id="r_10_tl_42_w1" custom="readingOrder {index:0;}">
                    <Coords points="439,2377 439,2437 461,2437 461,2377"/>
                    <TextEquiv>
                        <Unicode>O</Unicode>
                    </TextEquiv>
                </Word>
                <Word id="r_10_tl_42_w2" custom="readingOrder {index:1;}">
                    <Coords points="501,2371 501,2431 745,2431 745,2371"/>
                    <TextEquiv>
                        <Unicode>Basedow!</Unicode>
                    </TextEquiv>
                </Word>
                <Word id="r_10_tl_42_w3" custom="readingOrder {index:2;}">
                    <Coords points="784,2372 784,2432 806,2432 806,2372"/>
                    <TextEquiv>
                        <Unicode>O</Unicode>
                    </TextEquiv>
                </Word>
                <Word id="r_10_tl_42_w4" custom="readingOrder {index:3;}">
                    <Coords points="846,2375 846,2435 1006,2435 1006,2375"/>
                    <TextEquiv>
                        <Unicode>Logick!</Unicode>
                    </TextEquiv>
                </Word>
                <TextEquiv>
                    <Unicode>O Basedow! O Logick!</Unicode>
                </TextEquiv>
            </TextLine>
            <TextLine id="r_10_tl_43" custom="readingOrder {index:42;}">
                <Coords points="693,2483 1115,2501 1292,2483 1290,2417 1216,2440 1158,2417 1092,2442 693,2432"/>
                <Baseline points="707,2469 752,2472 797,2472 841,2472 886,2475 931,2475 976,2475 1021,2475 1065,2475 1110,2475 1155,2475 1200,2472 1244,2475 1289,2472 1298,2472"/>
                <Word id="r_10_tl_43_w1" custom="readingOrder {index:0;}">
                    <Coords points="702,2430 702,2490 746,2490 746,2430"/>
                    <TextEquiv>
                        <Unicode>S.</Unicode>
                    </TextEquiv>
                </Word>
                <Word id="r_10_tl_43_w2" custom="readingOrder {index:1;}">
                    <Coords points="757,2432 757,2492 856,2492 856,2432"/>
                    <TextEquiv>
                        <Unicode>Briefe,</Unicode>
                    </TextEquiv>
                </Word>
                <Word id="r_10_tl_43_w3" custom="readingOrder {index:2;}">
                    <Coords points="867,2434 867,2494 896,2494 896,2434"/>
                    <TextEquiv>
                        <Unicode>die</Unicode>
                    </TextEquiv>
                </Word>
                <Word id="r_10_tl_43_w4" custom="readingOrder {index:3;}">
                    <Coords points="912,2435 912,2495 1006,2495 1006,2435"/>
                    <TextEquiv>
                        <Unicode>neueste</Unicode>
                    </TextEquiv>
                </Word>
                <Word id="r_10_tl_43_w5" custom="readingOrder {index:4;}">
                    <Coords points="1022,2435 1022,2495 1136,2495 1136,2435"/>
                    <TextEquiv>
                        <Unicode>Litterat.</Unicode>
                    </TextEquiv>
                </Word>
                <Word id="r_10_tl_43_w6" custom="readingOrder {index:5;}">
                    <Coords points="1146,2433 1146,2493 1295,2493 1295,2433"/>
                    <TextEquiv>
                        <Unicode>betreffend.</Unicode>
                    </TextEquiv>
                </Word>
                <TextEquiv>
                    <Unicode>S. Briefe, die neueste Litterat. betreffend.</Unicode>
                </TextEquiv>
            </TextLine>
            <TextLine id="r_10_tl_44" custom="readingOrder {index:43;}">
                <Coords points="289,2557 1290,2551 1290,2480 289,2498"/>
                <Baseline points="304,2555 310,2555 355,2552 400,2552 444,2549 489,2549 534,2546 579,2543 623,2537 668,2534 713,2534 758,2531 803,2534 847,2534 892,2534 937,2537 982,2537 1027,2537 1071,2537 1116,2537 1161,2537 1206,2537 1250,2537 1295,2534"/>
                <Word id="r_10_tl_44_w1" custom="readingOrder {index:0;}">
                    <Coords points="301,2512 301,2572 398,2572 398,2512"/>
                    <TextEquiv>
                        <Unicode>Dies</Unicode>
                    </TextEquiv>
                </Word>
                <Word id="r_10_tl_44_w2" custom="readingOrder {index:1;}">
                    <Coords points="430,2505 430,2565 663,2565 663,2505"/>
                    <TextEquiv>
                        <Unicode>vorausgesetzt</Unicode>
                    </TextEquiv>
                </Word>
                <Word id="r_10_tl_44_w3" custom="readingOrder {index:2;}">
                    <Coords points="694,2491 694,2551 799,2551 799,2491"/>
                    <TextEquiv>
                        <Unicode>wollen</Unicode>
                    </TextEquiv>
                </Word>
                <Word id="r_10_tl_44_w4" custom="readingOrder {index:3;}">
                    <Coords points="837,2494 837,2554 897,2554 897,2494"/>
                    <TextEquiv>
                        <Unicode>wir</Unicode>
                    </TextEquiv>
                </Word>
                <Word id="r_10_tl_44_w5" custom="readingOrder {index:4;}">
                    <Coords points="928,2497 928,2557 995,2557 995,2497"/>
                    <TextEquiv>
                        <Unicode>jetzt</Unicode>
                    </TextEquiv>
                </Word>
                <Word id="r_10_tl_44_w6" custom="readingOrder {index:5;}">
                    <Coords points="1035,2497 1035,2557 1131,2557 1131,2497"/>
                    <TextEquiv>
                        <Unicode>einige</Unicode>
                    </TextEquiv>
                </Word>
                <Word id="r_10_tl_44_w7" custom="readingOrder {index:6;}">
                    <Coords points="1163,2497 1163,2557 1290,2557 1290,2497"/>
                    <TextEquiv>
                        <Unicode>Haupt¬</Unicode>
                    </TextEquiv>
                </Word>
                <TextEquiv>
                    <Unicode>Dies vorausgesetzt wollen wir jetzt einige Haupt¬</Unicode>
                </TextEquiv>
            </TextLine>
            <TextLine id="r_10_tl_45" custom="readingOrder {index:44;}">
                <Coords points="289,2630 881,2582 1285,2600 1267,2544 292,2557"/>
                <Baseline points="304,2600 307,2600 352,2603 397,2603 441,2597 486,2597 531,2594 576,2591 620,2588 665,2588 710,2585 755,2585 800,2582 844,2582 889,2582 934,2585 979,2585 1024,2582 1068,2585 1113,2585 1158,2585 1203,2585 1247,2585 1292,2585"/>
                <Word id="r_10_tl_45_w1" custom="readingOrder {index:0;}">
                    <Coords points="299,2563 299,2623 456,2623 456,2563"/>
                    <TextEquiv>
                        <Unicode>irthümer</Unicode>
                    </TextEquiv>
                </Word>
                <Word id="r_10_tl_45_w2" custom="readingOrder {index:1;}">
                    <Coords points="484,2555 484,2615 538,2615 538,2555"/>
                    <TextEquiv>
                        <Unicode>des</Unicode>
                    </TextEquiv>
                </Word>
                <Word id="r_10_tl_45_w3" custom="readingOrder {index:2;}">
                    <Coords points="559,2548 559,2608 662,2608 662,2548"/>
                    <TextEquiv>
                        <Unicode>Verf.</Unicode>
                    </TextEquiv>
                </Word>
                <Word id="r_10_tl_45_w4" custom="readingOrder {index:3;}">
                    <Coords points="676,2544 676,2604 861,2604 861,2544"/>
                    <TextEquiv>
                        <Unicode>auführen,</Unicode>
                    </TextEquiv>
                </Word>
                <Word id="r_10_tl_45_w5" custom="readingOrder {index:4;}">
                    <Coords points="896,2544 896,2604 957,2604 957,2544"/>
                    <TextEquiv>
                        <Unicode>und</Unicode>
                    </TextEquiv>
                </Word>
                <Word id="r_10_tl_45_w6" custom="readingOrder {index:5;}">
                    <Coords points="992,2543 992,2603 1019,2603 1019,2543"/>
                    <TextEquiv>
                        <Unicode>es</Unicode>
                    </TextEquiv>
                </Word>
                <Word id="r_10_tl_45_w7" custom="readingOrder {index:6;}">
                    <Coords points="1054,2545 1054,2605 1211,2605 1211,2545"/>
                    <TextEquiv>
                        <Unicode>übrigens</Unicode>
                    </TextEquiv>
                </Word>
                <Word id="r_10_tl_45_w8" custom="readingOrder {index:7;}">
                    <Coords points="1246,2545 1246,2605 1286,2605 1286,2545"/>
                    <TextEquiv>
                        <Unicode>der</Unicode>
                    </TextEquiv>
                </Word>
                <TextEquiv>
                    <Unicode>irthümer des Verf. auführen, und es übrigens der</Unicode>
                </TextEquiv>
            </TextLine>
            <TextLine id="r_10_tl_46" custom="readingOrder {index:45;}">
                <Coords points="292,2661 1282,2640 1282,2597 1229,2584 292,2628"/>
                <Baseline points="307,2648 349,2651 394,2648 438,2648 483,2645 528,2645 573,2642 618,2639 662,2636 707,2636 752,2630 797,2630 841,2627 886,2630 931,2630 976,2630 1021,2633 1065,2633 1110,2636 1155,2633 1200,2636 1244,2633 1289,2633"/>
                <Word id="r_10_tl_46_w1" custom="readingOrder {index:0;}">
                    <Coords points="294,2609 294,2669 348,2669 348,2609"/>
                    <TextEquiv>
                        <Unicode>nen</Unicode>
                    </TextEquiv>
                </Word>
                <Word id="r_10_tl_46_w2" custom="readingOrder {index:1;}">
                    <Coords points="373,2606 373,2666 537,2666 537,2606"/>
                    <TextEquiv>
                        <Unicode>Wächtern</Unicode>
                    </TextEquiv>
                </Word>
                <Word id="r_10_tl_46_w3" custom="readingOrder {index:2;}">
                    <Coords points="568,2600 568,2660 623,2660 623,2600"/>
                    <TextEquiv>
                        <Unicode>auf</Unicode>
                    </TextEquiv>
                </Word>
                <Word id="r_10_tl_46_w4" custom="readingOrder {index:3;}">
                    <Coords points="648,2596 648,2656 696,2656 696,2596"/>
                    <TextEquiv>
                        <Unicode>den</Unicode>
                    </TextEquiv>
                </Word>
                <Word id="r_10_tl_46_w5" custom="readingOrder {index:4;}">
                    <Coords points="722,2590 722,2650 837,2650 837,2590"/>
                    <TextEquiv>
                        <Unicode>Zinnen</Unicode>
                    </TextEquiv>
                </Word>
                <Word id="r_10_tl_46_w6" custom="readingOrder {index:5;}">
                    <Coords points="869,2590 869,2650 917,2650 917,2590"/>
                    <TextEquiv>
                        <Unicode>des</Unicode>
                    </TextEquiv>
                </Word>
                <Word id="r_10_tl_46_w7" custom="readingOrder {index:6;}">
                    <Coords points="936,2592 936,2652 1082,2652 1082,2592"/>
                    <TextEquiv>
                        <Unicode>Tempels</Unicode>
                    </TextEquiv>
                </Word>
                <Word id="r_10_tl_46_w8" custom="readingOrder {index:7;}">
                    <Coords points="1101,2594 1101,2654 1266,2654 1266,2594"/>
                    <TextEquiv>
                        <Unicode>überlaßen</Unicode>
                    </TextEquiv>
                </Word>
                <TextEquiv>
                    <Unicode>nen Wächtern auf den Zinnen des Tempels überlaßen</Unicode>
                </TextEquiv>
            </TextLine>
            <TextLine id="r_10_tl_47" custom="readingOrder {index:46;}">
                <Coords points="289,2709 1290,2686 1269,2640 1084,2663 934,2630 289,2663"/>
                <Baseline points="304,2698 310,2698 355,2698 400,2695 444,2692 489,2692 534,2692 579,2692 623,2689 668,2686 713,2683 758,2681 803,2678 847,2675 892,2675 937,2675 982,2678 1027,2678 1071,2678 1116,2681 1161,2678 1206,2681 1250,2678 1295,2681"/>
                <Word id="r_10_tl_47_w1" custom="readingOrder {index:0;}">
                    <Coords points="297,2658 297,2718 365,2718 365,2658"/>
                    <TextEquiv>
                        <Unicode>ihre</Unicode>
                    </TextEquiv>
                </Word>
                <Word id="r_10_tl_47_w2" custom="readingOrder {index:1;}">
                    <Coords points="396,2652 396,2712 564,2712 564,2652"/>
                    <TextEquiv>
                        <Unicode>Stimmen</Unicode>
                    </TextEquiv>
                </Word>
                <Word id="r_10_tl_47_w3" custom="readingOrder {index:2;}">
                    <Coords points="602,2647 602,2707 694,2707 694,2647"/>
                    <TextEquiv>
                        <Unicode>gegen</Unicode>
                    </TextEquiv>
                </Word>
                <Word id="r_10_tl_47_w4" custom="readingOrder {index:3;}">
                    <Coords points="726,2641 726,2701 769,2701 769,2641"/>
                    <TextEquiv>
                        <Unicode>sie</Unicode>
                    </TextEquiv>
                </Word>
                <Word id="r_10_tl_47_w5" custom="readingOrder {index:4;}">
                    <Coords points="789,2637 789,2697 819,2697 819,2637"/>
                    <TextEquiv>
                        <Unicode>zu</Unicode>
                    </TextEquiv>
                </Word>
                <Word id="r_10_tl_47_w6" custom="readingOrder {index:5;}">
                    <Coords points="857,2635 857,2695 1005,2695 1005,2635"/>
                    <TextEquiv>
                        <Unicode>erheben.</Unicode>
                    </TextEquiv>
                </Word>
                <Word id="r_10_tl_47_w7" custom="readingOrder {index:6;}">
                    <Coords points="1037,2638 1037,2698 1050,2698 1050,2638"/>
                    <TextEquiv>
                        <Unicode>—</Unicode>
                    </TextEquiv>
                </Word>
                <Word id="r_10_tl_47_w8" custom="readingOrder {index:7;}">
                    <Coords points="1119,2638 1119,2698 1205,2698 1205,2638"/>
                    <TextEquiv>
                        <Unicode>Herr</Unicode>
                    </TextEquiv>
                </Word>
                <Word id="r_10_tl_47_w9" custom="readingOrder {index:8;}">
                    <Coords points="1230,2638 1230,2698 1286,2698 1286,2638"/>
                    <TextEquiv>
                        <Unicode>B.</Unicode>
                    </TextEquiv>
                </Word>
                <TextEquiv>
                    <Unicode>ihre Stimmen gegen sie zu erheben. — Herr B.</Unicode>
                </TextEquiv>
            </TextLine>
            <TextLine id="r_10_tl_48" custom="readingOrder {index:47;}">
                <Coords points="294,2755 1285,2734 1285,2686 1241,2683 297,2706"/>
                <Baseline points="310,2746 352,2746 397,2743 441,2740 486,2740 531,2737 576,2740 620,2740 665,2737 710,2734 755,2731 800,2728 844,2722 889,2722 934,2722 979,2725 1024,2722 1068,2725 1113,2728 1158,2728 1203,2728 1247,2728 1292,2725"/>
                <Word id="r_10_tl_48_w1" custom="readingOrder {index:0;}">
                    <Coords points="302,2706 302,2766 398,2766 398,2706"/>
                    <TextEquiv>
                        <Unicode>theilt</Unicode>
                    </TextEquiv>
                </Word>
                <Word id="r_10_tl_48_w2" custom="readingOrder {index:1;}">
                    <Coords points="422,2700 422,2760 500,2760 500,2700"/>
                    <TextEquiv>
                        <Unicode>seine</Unicode>
                    </TextEquiv>
                </Word>
                <Word id="r_10_tl_48_w3" custom="readingOrder {index:2;}">
                    <Coords points="525,2700 525,2760 670,2760 670,2700"/>
                    <TextEquiv>
                        <Unicode>biblische</Unicode>
                    </TextEquiv>
                </Word>
                <Word id="r_10_tl_48_w4" custom="readingOrder {index:3;}">
                    <Coords points="701,2689 701,2749 857,2749 857,2689"/>
                    <TextEquiv>
                        <Unicode>Religion</Unicode>
                    </TextEquiv>
                </Word>
                <Word id="r_10_tl_48_w5" custom="readingOrder {index:4;}">
                    <Coords points="888,2682 888,2742 912,2742 912,2682"/>
                    <TextEquiv>
                        <Unicode>in</Unicode>
                    </TextEquiv>
                </Word>
                <Word id="r_10_tl_48_w6" custom="readingOrder {index:5;}">
                    <Coords points="949,2684 949,2744 1015,2744 1015,2684"/>
                    <TextEquiv>
                        <Unicode>drey</Unicode>
                    </TextEquiv>
                </Word>
                <Word id="r_10_tl_48_w7" custom="readingOrder {index:6;}">
                    <Coords points="1046,2688 1046,2748 1287,2748 1287,2688"/>
                    <TextEquiv>
                        <Unicode>Hauptstücke:</Unicode>
                    </TextEquiv>
                </Word>
                <TextEquiv>
                    <Unicode>theilt seine biblische Religion in drey Hauptstücke:</Unicode>
                </TextEquiv>
            </TextLine>
            <TextLine id="r_10_tl_49" custom="readingOrder {index:48;}">
                <Coords points="287,2800 1285,2785 1269,2732 289,2752"/>
                <Baseline points="301,2794 307,2794 352,2794 397,2791 441,2791 486,2788 531,2785 576,2785 620,2785 665,2785 710,2782 755,2779 800,2776 844,2770 889,2767 934,2770 979,2773 1024,2773 1068,2776 1113,2773 1158,2776 1203,2776 1247,2776 1292,2776"/>
                <Word id="r_10_tl_49_w1" custom="readingOrder {index:0;}">
                    <Coords points="293,2754 293,2814 365,2814 365,2754"/>
                    <TextEquiv>
                        <Unicode>Von</Unicode>
                    </TextEquiv>
                </Word>
                <Word id="r_10_tl_49_w2" custom="readingOrder {index:1;}">
                    <Coords points="404,2751 404,2811 454,2811 454,2751"/>
                    <TextEquiv>
                        <Unicode>der</Unicode>
                    </TextEquiv>
                </Word>
                <Word id="r_10_tl_49_w3" custom="readingOrder {index:2;}">
                    <Coords points="482,2745 482,2805 637,2805 637,2745"/>
                    <TextEquiv>
                        <Unicode>Bibel:</Unicode>
                    </TextEquiv>
                </Word>
                <Word id="r_10_tl_49_w4" custom="readingOrder {index:3;}">
                    <Coords points="671,2742 671,2802 743,2802 743,2742"/>
                    <TextEquiv>
                        <Unicode>Von</Unicode>
                    </TextEquiv>
                </Word>
                <Word id="r_10_tl_49_w5" custom="readingOrder {index:4;}">
                    <Coords points="783,2734 783,2794 832,2794 832,2734"/>
                    <TextEquiv>
                        <Unicode>der</Unicode>
                    </TextEquiv>
                </Word>
                <Word id="r_10_tl_49_w6" custom="readingOrder {index:5;}">
                    <Coords points="855,2732 855,2792 1088,2792 1088,2732"/>
                    <TextEquiv>
                        <Unicode>Gottheit:</Unicode>
                    </TextEquiv>
                </Word>
                <Word id="r_10_tl_49_w7" custom="readingOrder {index:6;}">
                    <Coords points="1111,2735 1111,2795 1188,2795 1188,2735"/>
                    <TextEquiv>
                        <Unicode>Von</Unicode>
                    </TextEquiv>
                </Word>
                <Word id="r_10_tl_49_w8" custom="readingOrder {index:7;}">
                    <Coords points="1222,2736 1222,2796 1272,2796 1272,2736"/>
                    <TextEquiv>
                        <Unicode>den</Unicode>
                    </TextEquiv>
                </Word>
                <TextEquiv>
                    <Unicode>Von der Bibel: Von der Gottheit: Von den</Unicode>
                </TextEquiv>
            </TextLine>
            <TextLine id="r_10_tl_50" custom="readingOrder {index:49;}">
                <Coords points="287,2846 1282,2838 1285,2790 289,2795"/>
                <Baseline points="301,2845 307,2848 352,2845 397,2842 441,2839 486,2839 531,2839 576,2836 620,2836 665,2833 710,2830 755,2833 800,2824 844,2824 889,2818 934,2818 979,2821 1024,2821 1068,2824 1113,2824 1158,2824 1203,2824 1247,2824 1292,2818"/>
                <Word id="r_10_tl_50_w1" custom="readingOrder {index:0;}">
                    <Coords points="295,2799 295,2859 621,2859 621,2799"/>
                    <TextEquiv>
                        <Unicode>Rathschlüssen</Unicode>
                    </TextEquiv>
                </Word>
                <Word id="r_10_tl_50_w2" custom="readingOrder {index:1;}">
                    <Coords points="664,2790 664,2850 766,2850 766,2790"/>
                    <TextEquiv>
                        <Unicode>über</Unicode>
                    </TextEquiv>
                </Word>
                <Word id="r_10_tl_50_w3" custom="readingOrder {index:2;}">
                    <Coords points="804,2784 804,2844 875,2844 875,2784"/>
                    <TextEquiv>
                        <Unicode>das</Unicode>
                    </TextEquiv>
                </Word>
                <Word id="r_10_tl_50_w4" custom="readingOrder {index:3;}">
                    <Coords points="912,2782 912,2842 1172,2842 1172,2782"/>
                    <TextEquiv>
                        <Unicode>menschliche</Unicode>
                    </TextEquiv>
                </Word>
                <Word id="r_10_tl_50_w5" custom="readingOrder {index:4;}">
                    <Coords points="1209,2783 1209,2843 1287,2843 1287,2783"/>
                    <TextEquiv>
                        <Unicode>Ge¬</Unicode>
                    </TextEquiv>
                </Word>
                <TextEquiv>
                    <Unicode>Rathschlüssen über das menschliche Ge¬</Unicode>
                </TextEquiv>
            </TextLine>
            <TextLine id="r_10_tl_51" custom="readingOrder {index:50;}">
                <Coords points="292,2920 1290,2879 1290,2833 1188,2823 294,2854"/>
                <Baseline points="307,2895 310,2898 355,2895 400,2895 444,2892 489,2892 534,2892 579,2887 623,2887 668,2884 713,2884 758,2881 803,2875 847,2869 892,2869 937,2866 982,2869 1027,2872 1071,2872 1116,2872 1161,2875 1206,2872 1250,2872 1295,2872"/>
                <Word id="r_10_tl_51_w1" custom="readingOrder {index:0;}">
                    <Coords points="294,2855 294,2915 485,2915 485,2855"/>
                    <TextEquiv>
                        <Unicode>schlecht,</Unicode>
                    </TextEquiv>
                </Word>
                <Word id="r_10_tl_51_w2" custom="readingOrder {index:1;}">
                    <Coords points="510,2847 510,2907 640,2907 640,2847"/>
                    <TextEquiv>
                        <Unicode>nämlich</Unicode>
                    </TextEquiv>
                </Word>
                <Word id="r_10_tl_51_w3" custom="readingOrder {index:2;}">
                    <Coords points="666,2844 666,2904 721,2904 721,2844"/>
                    <TextEquiv>
                        <Unicode>von</Unicode>
                    </TextEquiv>
                </Word>
                <Word id="r_10_tl_51_w4" custom="readingOrder {index:3;}">
                    <Coords points="753,2838 753,2898 808,2898 808,2838"/>
                    <TextEquiv>
                        <Unicode>der</Unicode>
                    </TextEquiv>
                </Word>
                <Word id="r_10_tl_51_w5" custom="readingOrder {index:4;}">
                    <Coords points="828,2826 828,2886 1063,2886 1063,2826"/>
                    <TextEquiv>
                        <Unicode>Erlösung,</Unicode>
                    </TextEquiv>
                </Word>
                <Word id="r_10_tl_51_w6" custom="readingOrder {index:5;}">
                    <Coords points="1082,2833 1082,2893 1286,2893 1286,2833"/>
                    <TextEquiv>
                        <Unicode>Gnaden¬</Unicode>
                    </TextEquiv>
                </Word>
                <TextEquiv>
                    <Unicode>schlecht, nämlich von der Erlösung, Gnaden¬</Unicode>
                </TextEquiv>
            </TextLine>
            <TextEquiv>
                <Unicode></Unicode>
            </TextEquiv>
        </TextRegion>
        <TextRegion id="r_11" custom="readingOrder {index:1;}">
            <Coords points="1294,352 2328,356 2328,2922 1305,2922"/>
            <TextLine id="r_11_tl_1" custom="readingOrder {index:0;}">
                <Coords points="1282,424 2285,414 2262,327 1683,366 1282,338"/>
                <Baseline points="1295,400 1340,403 1385,400 1430,400 1474,397 1519,400 1564,400 1609,403 1653,403 1698,406 1743,403 1788,403 1833,403 1877,400 1922,400 1967,400 2012,397 2057,397 2101,397 2146,400 2191,403 2236,403 2280,403 2292,403"/>
                <Word id="r_11_tl_1_w1" custom="readingOrder {index:0;}">
                    <Coords points="1290,360 1290,420 1464,420 1464,360"/>
                    <TextEquiv>
                        <Unicode>mitteln</Unicode>
                    </TextEquiv>
                </Word>
                <Word id="r_11_tl_1_w2" custom="readingOrder {index:1;}">
                    <Coords points="1501,360 1501,420 1561,420 1561,360"/>
                    <TextEquiv>
                        <Unicode>und</Unicode>
                    </TextEquiv>
                </Word>
                <Word id="r_11_tl_1_w3" custom="readingOrder {index:2;}">
                    <Coords points="1598,363 1598,423 1737,423 1737,363"/>
                    <TextEquiv>
                        <Unicode>letzten</Unicode>
                    </TextEquiv>
                </Word>
                <Word id="r_11_tl_1_w4" custom="readingOrder {index:3;}">
                    <Coords points="1774,360 1774,420 1966,420 1966,360"/>
                    <TextEquiv>
                        <Unicode>Dingen.</Unicode>
                    </TextEquiv>
                </Word>
                <Word id="r_11_tl_1_w5" custom="readingOrder {index:4;}">
                    <Coords points="2004,357 2004,417 2075,417 2075,357"/>
                    <TextEquiv>
                        <Unicode>Die</Unicode>
                    </TextEquiv>
                </Word>
                <Word id="r_11_tl_1_w6" custom="readingOrder {index:5;}">
                    <Coords points="2100,360 2100,420 2203,420 2203,360"/>
                    <TextEquiv>
                        <Unicode>Bibel</Unicode>
                    </TextEquiv>
                </Word>
                <Word id="r_11_tl_1_w7" custom="readingOrder {index:6;}">
                    <Coords points="2221,363 2221,423 2281,423 2281,363"/>
                    <TextEquiv>
                        <Unicode>häl</Unicode>
                    </TextEquiv>
                </Word>
                <TextEquiv>
                    <Unicode>mitteln und letzten Dingen. Die Bibel häl</Unicode>
                </TextEquiv>
            </TextLine>
            <TextLine id="r_11_tl_2" custom="readingOrder {index:1;}">
                <Coords points="1285,460 2292,462 2292,414 2135,406 1285,421"/>
                <Baseline points="1298,450 1343,447 1388,447 1433,447 1477,447 1522,447 1567,447 1612,450 1656,450 1701,450 1746,450 1791,450 1836,450 1880,447 1925,447 1970,444 2015,444 2060,447 2104,447 2149,447 2194,447 2239,450 2283,453 2298,453"/>
                <Word id="r_11_tl_2_w1" custom="readingOrder {index:0;}">
                    <Coords points="1290,409 1290,469 1321,469 1321,409"/>
                    <TextEquiv>
                        <Unicode>er</Unicode>
                    </TextEquiv>
                </Word>
                <Word id="r_11_tl_2_w2" custom="readingOrder {index:1;}">
                    <Coords points="1348,407 1348,467 1432,467 1432,407"/>
                    <TextEquiv>
                        <Unicode>nicht</Unicode>
                    </TextEquiv>
                </Word>
                <Word id="r_11_tl_2_w3" custom="readingOrder {index:2;}">
                    <Coords points="1454,407 1454,467 1480,467 1480,407"/>
                    <TextEquiv>
                        <Unicode>in</Unicode>
                    </TextEquiv>
                </Word>
                <Word id="r_11_tl_2_w4" custom="readingOrder {index:3;}">
                    <Coords points="1512,407 1512,467 1560,467 1560,407"/>
                    <TextEquiv>
                        <Unicode>der</Unicode>
                    </TextEquiv>
                </Word>
                <Word id="r_11_tl_2_w5" custom="readingOrder {index:4;}">
                    <Coords points="1587,410 1587,470 1671,470 1671,410"/>
                    <TextEquiv>
                        <Unicode>Art,</Unicode>
                    </TextEquiv>
                </Word>
                <Word id="r_11_tl_2_w6" custom="readingOrder {index:5;}">
                    <Coords points="1698,410 1698,470 1755,470 1755,410"/>
                    <TextEquiv>
                        <Unicode>wie</Unicode>
                    </TextEquiv>
                </Word>
                <Word id="r_11_tl_2_w7" custom="readingOrder {index:6;}">
                    <Coords points="1777,410 1777,470 1861,470 1861,410"/>
                    <TextEquiv>
                        <Unicode>wir,</Unicode>
                    </TextEquiv>
                </Word>
                <Word id="r_11_tl_2_w8" custom="readingOrder {index:7;}">
                    <Coords points="1883,407 1883,467 1940,467 1940,407"/>
                    <TextEquiv>
                        <Unicode>von</Unicode>
                    </TextEquiv>
                </Word>
                <Word id="r_11_tl_2_w9" custom="readingOrder {index:8;}">
                    <Coords points="1968,404 1968,464 2068,464 2068,404"/>
                    <TextEquiv>
                        <Unicode>GOtt</Unicode>
                    </TextEquiv>
                </Word>
                <Word id="r_11_tl_2_w10" custom="readingOrder {index:9;}">
                    <Coords points="2090,407 2090,467 2295,467 2295,407"/>
                    <TextEquiv>
                        <Unicode>eingegeben.</Unicode>
                    </TextEquiv>
                </Word>
                <TextEquiv>
                    <Unicode>er nicht in der Art, wie wir, von GOtt eingegeben.</Unicode>
                </TextEquiv>
            </TextLine>
            <TextLine id="r_11_tl_3" custom="readingOrder {index:2;}">
                <Coords points="1287,510 2295,508 2295,467 2219,457 1287,462"/>
                <Baseline points="1301,495 1346,495 1391,495 1436,492 1480,492 1525,495 1570,495 1615,495 1659,495 1704,498 1749,498 1794,498 1839,498 1883,498 1928,495 1973,495 2018,495 2063,495 2107,495 2152,495 2197,495 2242,495 2286,498 2301,495"/>
                <Word id="r_11_tl_3_w1" custom="readingOrder {index:0;}">
                    <Coords points="1293,454 1293,514 1502,514 1502,454"/>
                    <TextEquiv>
                        <Unicode>Eingegeben</Unicode>
                    </TextEquiv>
                </Word>
                <Word id="r_11_tl_3_w2" custom="readingOrder {index:1;}">
                    <Coords points="1531,455 1531,515 1637,515 1637,455"/>
                    <TextEquiv>
                        <Unicode>heißt:</Unicode>
                    </TextEquiv>
                </Word>
                <Word id="r_11_tl_3_w3" custom="readingOrder {index:2;}">
                    <Coords points="1661,458 1661,518 1891,518 1891,458"/>
                    <TextEquiv>
                        <Unicode>Gottesgeistig</Unicode>
                    </TextEquiv>
                </Word>
                <Word id="r_11_tl_3_w4" custom="readingOrder {index:3;}">
                    <Coords points="1915,455 1915,515 1999,515 1999,455"/>
                    <TextEquiv>
                        <Unicode>seyn.</Unicode>
                    </TextEquiv>
                </Word>
                <Word id="r_11_tl_3_w5" custom="readingOrder {index:4;}">
                    <Coords points="2016,455 2016,515 2078,515 2078,455"/>
                    <TextEquiv>
                        <Unicode>Die</Unicode>
                    </TextEquiv>
                </Word>
                <Word id="r_11_tl_3_w6" custom="readingOrder {index:5;}">
                    <Coords points="2096,455 2096,515 2185,515 2185,455"/>
                    <TextEquiv>
                        <Unicode>Heil.</Unicode>
                    </TextEquiv>
                </Word>
                <Word id="r_11_tl_3_w7" custom="readingOrder {index:6;}">
                    <Coords points="2197,455 2197,515 2292,515 2292,455"/>
                    <TextEquiv>
                        <Unicode>Män=</Unicode>
                    </TextEquiv>
                </Word>
                <TextEquiv>
                    <Unicode>Eingegeben heißt: Gottesgeistig seyn. Die Heil. Män=</Unicode>
                </TextEquiv>
            </TextLine>
            <TextLine id="r_11_tl_4" custom="readingOrder {index:3;}">
                <Coords points="1287,559 2300,559 2300,508 2270,505 1287,500"/>
                <Baseline points="1301,543 1346,546 1391,543 1436,543 1480,540 1525,540 1570,543 1615,543 1659,546 1704,546 1749,546 1794,549 1839,546 1883,546 1928,546 1973,543 2018,543 2063,543 2107,543 2152,543 2197,543 2242,543 2286,546 2304,546"/>
                <Word id="r_11_tl_4_w1" custom="readingOrder {index:0;}">
                    <Coords points="1293,504 1293,564 1346,564 1346,504"/>
                    <TextEquiv>
                        <Unicode>ner</Unicode>
                    </TextEquiv>
                </Word>
                <Word id="r_11_tl_4_w2" custom="readingOrder {index:1;}">
                    <Coords points="1374,502 1374,562 1526,562 1526,502"/>
                    <TextEquiv>
                        <Unicode>schrieben</Unicode>
                    </TextEquiv>
                </Word>
                <Word id="r_11_tl_4_w3" custom="readingOrder {index:2;}">
                    <Coords points="1559,503 1559,563 1618,563 1618,503"/>
                    <TextEquiv>
                        <Unicode>aus</Unicode>
                    </TextEquiv>
                </Word>
                <Word id="r_11_tl_4_w4" custom="readingOrder {index:3;}">
                    <Coords points="1646,506 1646,566 1694,566 1694,506"/>
                    <TextEquiv>
                        <Unicode>dem</Unicode>
                    </TextEquiv>
                </Word>
                <Word id="r_11_tl_4_w5" custom="readingOrder {index:4;}">
                    <Coords points="1738,508 1738,568 1825,568 1825,508"/>
                    <TextEquiv>
                        <Unicode>guten</Unicode>
                    </TextEquiv>
                </Word>
                <Word id="r_11_tl_4_w6" custom="readingOrder {index:5;}">
                    <Coords points="1858,506 1858,566 1982,566 1982,506"/>
                    <TextEquiv>
                        <Unicode>Schatz</Unicode>
                    </TextEquiv>
                </Word>
                <Word id="r_11_tl_4_w7" custom="readingOrder {index:6;}">
                    <Coords points="2005,503 2005,563 2096,563 2096,503"/>
                    <TextEquiv>
                        <Unicode>ihres</Unicode>
                    </TextEquiv>
                </Word>
                <Word id="r_11_tl_4_w8" custom="readingOrder {index:7;}">
                    <Coords points="2130,503 2130,563 2292,563 2292,503"/>
                    <TextEquiv>
                        <Unicode>Herzens.</Unicode>
                    </TextEquiv>
                </Word>
                <TextEquiv>
                    <Unicode>ner schrieben aus dem guten Schatz ihres Herzens.</Unicode>
                </TextEquiv>
            </TextLine>
            <TextLine id="r_11_tl_5" custom="readingOrder {index:4;}">
                <Coords points="1290,597 2298,602 2298,556 2239,553 1290,556"/>
                <Baseline points="1304,588 1349,591 1394,591 1439,591 1483,591 1528,591 1573,591 1618,591 1662,591 1707,594 1752,594 1797,597 1842,597 1886,594 1931,594 1976,594 2021,591 2065,591 2110,591 2155,591 2200,588 2245,591 2289,591 2304,591"/>
                <Word id="r_11_tl_5_w1" custom="readingOrder {index:0;}">
                    <Coords points="1295,550 1295,610 1400,610 1400,550"/>
                    <TextEquiv>
                        <Unicode>GOtt</Unicode>
                    </TextEquiv>
                </Word>
                <Word id="r_11_tl_5_w2" custom="readingOrder {index:1;}">
                    <Coords points="1422,551 1422,611 1491,611 1491,551"/>
                    <TextEquiv>
                        <Unicode>that</Unicode>
                    </TextEquiv>
                </Word>
                <Word id="r_11_tl_5_w3" custom="readingOrder {index:2;}">
                    <Coords points="1512,551 1512,611 1570,611 1570,551"/>
                    <TextEquiv>
                        <Unicode>nur</Unicode>
                    </TextEquiv>
                </Word>
                <Word id="r_11_tl_5_w4" custom="readingOrder {index:3;}">
                    <Coords points="1597,551 1597,611 1676,611 1676,551"/>
                    <TextEquiv>
                        <Unicode>das,</Unicode>
                    </TextEquiv>
                </Word>
                <Word id="r_11_tl_5_w5" custom="readingOrder {index:4;}">
                    <Coords points="1708,554 1708,614 1761,614 1761,554"/>
                    <TextEquiv>
                        <Unicode>daß</Unicode>
                    </TextEquiv>
                </Word>
                <Word id="r_11_tl_5_w6" custom="readingOrder {index:5;}">
                    <Coords points="1788,557 1788,617 1819,617 1819,557"/>
                    <TextEquiv>
                        <Unicode>er</Unicode>
                    </TextEquiv>
                </Word>
                <Word id="r_11_tl_5_w7" custom="readingOrder {index:6;}">
                    <Coords points="1841,554 1841,614 1909,614 1909,554"/>
                    <TextEquiv>
                        <Unicode>ihre</Unicode>
                    </TextEquiv>
                </Word>
                <Word id="r_11_tl_5_w8" custom="readingOrder {index:7;}">
                    <Coords points="1931,552 1931,612 2057,612 2057,552"/>
                    <TextEquiv>
                        <Unicode>Bücher</Unicode>
                    </TextEquiv>
                </Word>
                <Word id="r_11_tl_5_w9" custom="readingOrder {index:8;}">
                    <Coords points="2079,551 2079,611 2169,611 2169,551"/>
                    <TextEquiv>
                        <Unicode>durch</Unicode>
                    </TextEquiv>
                </Word>
                <Word id="r_11_tl_5_w10" custom="readingOrder {index:9;}">
                    <Coords points="2191,550 2191,610 2296,610 2296,550"/>
                    <TextEquiv>
                        <Unicode>Wun=</Unicode>
                    </TextEquiv>
                </Word>
                <TextEquiv>
                    <Unicode>GOtt that nur das, daß er ihre Bücher durch Wun=</Unicode>
                </TextEquiv>
            </TextLine>
            <TextLine id="r_11_tl_6" custom="readingOrder {index:5;}">
                <Coords points="2193,650 2216,652 2221,647 2226,650 2229,647 2239,652 2244,647 2267,650 2277,645 2292,645 2287,599 2275,599 2262,609 2257,604 2252,609 2234,599 2209,599 2201,607 2188,607"/>
                <Baseline points="2206,632 2251,638 2295,638"/>
                <Word id="r_11_tl_6_w1" custom="readingOrder {index:0;}">
                    <Coords points="2194,596 2194,656 2283,656 2283,596"/>
                    <TextEquiv>
                        <Unicode>Das</Unicode>
                    </TextEquiv>
                </Word>
                <TextEquiv>
                    <Unicode>Das</Unicode>
                </TextEquiv>
            </TextLine>
            <TextLine id="r_11_tl_7" custom="readingOrder {index:6;}">
                <Coords points="1305,754 2298,754 2298,696 1305,696"/>
                <Baseline points="1319,734 1364,734 1409,734 1453,734 1498,734 1543,734 1588,737 1633,734 1677,737 1722,737 1767,737 1812,737 1857,737 1901,737 1946,737 1991,737 2036,737 2080,737 2125,737 2170,737 2215,737 2260,737 2304,737 2307,734"/>
                <Word id="r_11_tl_7_w1" custom="readingOrder {index:0;}">
                    <Coords points="1305,694 1305,754 1394,754 1394,694"/>
                    <TextEquiv>
                        <Unicode>stigen</Unicode>
                    </TextEquiv>
                </Word>
                <Word id="r_11_tl_7_w2" custom="readingOrder {index:1;}">
                    <Coords points="1426,694 1426,754 1596,754 1596,694"/>
                    <TextEquiv>
                        <Unicode>Königes,</Unicode>
                    </TextEquiv>
                </Word>
                <Word id="r_11_tl_7_w3" custom="readingOrder {index:2;}">
                    <Coords points="1634,695 1634,755 1686,755 1686,695"/>
                    <TextEquiv>
                        <Unicode>den</Unicode>
                    </TextEquiv>
                </Word>
                <Word id="r_11_tl_7_w4" custom="readingOrder {index:3;}">
                    <Coords points="1718,697 1718,757 1824,757 1824,697"/>
                    <TextEquiv>
                        <Unicode>GOtt</Unicode>
                    </TextEquiv>
                </Word>
                <Word id="r_11_tl_7_w5" custom="readingOrder {index:4;}">
                    <Coords points="1851,697 1851,757 1914,757 1914,697"/>
                    <TextEquiv>
                        <Unicode>mit</Unicode>
                    </TextEquiv>
                </Word>
                <Word id="r_11_tl_7_w6" custom="readingOrder {index:5;}">
                    <Coords points="1941,697 1941,757 2073,757 2073,697"/>
                    <TextEquiv>
                        <Unicode>deshalb</Unicode>
                    </TextEquiv>
                </Word>
                <Word id="r_11_tl_7_w7" custom="readingOrder {index:6;}">
                    <Coords points="2111,697 2111,757 2158,757 2158,697"/>
                    <TextEquiv>
                        <Unicode>der</Unicode>
                    </TextEquiv>
                </Word>
                <Word id="r_11_tl_7_w8" custom="readingOrder {index:7;}">
                    <Coords points="2191,697 2191,757 2296,757 2296,697"/>
                    <TextEquiv>
                        <Unicode>Bibel</Unicode>
                    </TextEquiv>
                </Word>
                <TextEquiv>
                    <Unicode>stigen Königes, den GOtt mit deshalb der Bibel</Unicode>
                </TextEquiv>
            </TextLine>
            <TextLine id="r_11_tl_8" custom="readingOrder {index:7;}">
                <Coords points="267,805 2298,792 2265,741 267,751"/>
                <Baseline points="280,788 295,785 340,788 385,785 429,788 474,788 519,785 564,782 609,785 653,785 698,782 743,785 788,782 832,782 877,785 922,782 967,782 1012,782 1056,782 1101,782 1146,782 1191,782 1236,782 1280,782 1304,779 1349,782 1394,782 1439,782 1483,782 1528,782 1573,782 1618,782 1662,785 1707,782 1752,785 1797,782 1842,785 1886,785 1931,782 1976,782 2021,782 2065,785 2110,785 2155,782 2200,782 2245,782 2289,782 2304,782"/>
                <Word id="r_11_tl_8_w1" custom="readingOrder {index:0;}">
                    <Coords points="272,747 272,807 387,807 387,747"/>
                    <TextEquiv>
                        <Unicode>kostet,</Unicode>
                    </TextEquiv>
                </Word>
                <Word id="r_11_tl_8_w2" custom="readingOrder {index:1;}">
                    <Coords points="408,748 408,808 478,808 478,748"/>
                    <TextEquiv>
                        <Unicode>auch</Unicode>
                    </TextEquiv>
                </Word>
                <Word id="r_11_tl_8_w3" custom="readingOrder {index:2;}">
                    <Coords points="503,744 503,804 553,804 553,744"/>
                    <TextEquiv>
                        <Unicode>hin</Unicode>
                    </TextEquiv>
                </Word>
                <Word id="r_11_tl_8_w4" custom="readingOrder {index:3;}">
                    <Coords points="589,745 589,805 649,805 649,745"/>
                    <TextEquiv>
                        <Unicode>und</Unicode>
                    </TextEquiv>
                </Word>
                <Word id="r_11_tl_8_w5" custom="readingOrder {index:4;}">
                    <Coords points="685,744 685,804 800,804 800,744"/>
                    <TextEquiv>
                        <Unicode>wieder</Unicode>
                    </TextEquiv>
                </Word>
                <Word id="r_11_tl_8_w6" custom="readingOrder {index:5;}">
                    <Coords points="831,743 831,803 886,803 886,743"/>
                    <TextEquiv>
                        <Unicode>von</Unicode>
                    </TextEquiv>
                </Word>
                <Word id="r_11_tl_8_w7" custom="readingOrder {index:6;}">
                    <Coords points="921,742 921,802 1012,802 1012,742"/>
                    <TextEquiv>
                        <Unicode>denen</Unicode>
                    </TextEquiv>
                </Word>
                <Word id="r_11_tl_8_w8" custom="readingOrder {index:7;}">
                    <Coords points="1047,742 1047,802 1248,802 1248,742"/>
                    <TextEquiv>
                        <Unicode>lutherischen</Unicode>
                    </TextEquiv>
                </Word>
                <Word id="r_11_tl_8_w9" custom="readingOrder {index:8;}">
                    <Coords points="1299,742 1299,802 1510,802 1510,742"/>
                    <TextEquiv>
                        <Unicode>einverleiben</Unicode>
                    </TextEquiv>
                </Word>
                <Word id="r_11_tl_8_w10" custom="readingOrder {index:9;}">
                    <Coords points="1541,742 1541,802 1656,802 1656,742"/>
                    <TextEquiv>
                        <Unicode>laßen,</Unicode>
                    </TextEquiv>
                </Word>
                <Word id="r_11_tl_8_w11" custom="readingOrder {index:10;}">
                    <Coords points="1687,744 1687,804 1792,804 1792,744"/>
                    <TextEquiv>
                        <Unicode>damit</Unicode>
                    </TextEquiv>
                </Word>
                <Word id="r_11_tl_8_w12" custom="readingOrder {index:11;}">
                    <Coords points="1818,744 1818,804 1848,804 1848,744"/>
                    <TextEquiv>
                        <Unicode>er</Unicode>
                    </TextEquiv>
                </Word>
                <Word id="r_11_tl_8_w13" custom="readingOrder {index:12;}">
                    <Coords points="1874,743 1874,803 1938,803 1938,743"/>
                    <TextEquiv>
                        <Unicode>eine</Unicode>
                    </TextEquiv>
                </Word>
                <Word id="r_11_tl_8_w14" custom="readingOrder {index:13;}">
                    <Coords points="1964,743 1964,803 2110,803 2110,743"/>
                    <TextEquiv>
                        <Unicode>Beylage</Unicode>
                    </TextEquiv>
                </Word>
                <Word id="r_11_tl_8_w15" custom="readingOrder {index:14;}">
                    <Coords points="2141,742 2141,802 2195,802 2195,742"/>
                    <TextEquiv>
                        <Unicode>zur</Unicode>
                    </TextEquiv>
                </Word>
                <Word id="r_11_tl_8_w16" custom="readingOrder {index:15;}">
                    <Coords points="2226,742 2226,802 2296,802 2296,742"/>
                    <TextEquiv>
                        <Unicode>Ge¬</Unicode>
                    </TextEquiv>
                </Word>
                <TextEquiv>
                    <Unicode>kostet, auch hin und wieder von denen lutherischen einverleiben laßen, damit er eine Beylage zur Ge¬</Unicode>
                </TextEquiv>
            </TextLine>
            <TextLine id="r_11_tl_9" custom="readingOrder {index:8;}">
                <Coords points="1292,848 2300,843 2300,792 2219,787 1292,802"/>
                <Baseline points="1307,829 1352,829 1397,829 1442,829 1486,829 1531,829 1576,832 1621,829 1665,832 1710,829 1755,832 1800,832 1845,832 1889,832 1934,832 1979,832 2024,832 2068,832 2113,832 2158,832 2203,829 2248,832 2292,829 2307,832"/>
                <Word id="r_11_tl_9_w1" custom="readingOrder {index:0;}">
                    <Coords points="1303,789 1303,849 1439,849 1439,789"/>
                    <TextEquiv>
                        <Unicode>wisheit</Unicode>
                    </TextEquiv>
                </Word>
                <Word id="r_11_tl_9_w2" custom="readingOrder {index:1;}">
                    <Coords points="1462,789 1462,849 1508,849 1508,789"/>
                    <TextEquiv>
                        <Unicode>der</Unicode>
                    </TextEquiv>
                </Word>
                <Word id="r_11_tl_9_w3" custom="readingOrder {index:2;}">
                    <Coords points="1530,791 1530,851 1619,851 1619,791"/>
                    <TextEquiv>
                        <Unicode>üblen</Unicode>
                    </TextEquiv>
                </Word>
                <Word id="r_11_tl_9_w4" custom="readingOrder {index:3;}">
                    <Coords points="1652,792 1652,852 1858,852 1858,792"/>
                    <TextEquiv>
                        <Unicode>Aufführung</Unicode>
                    </TextEquiv>
                </Word>
                <Word id="r_11_tl_9_w5" custom="readingOrder {index:4;}">
                    <Coords points="1885,792 1885,852 1937,852 1937,792"/>
                    <TextEquiv>
                        <Unicode>des</Unicode>
                    </TextEquiv>
                </Word>
                <Word id="r_11_tl_9_w6" custom="readingOrder {index:5;}">
                    <Coords points="1964,792 1964,852 2107,852 2107,792"/>
                    <TextEquiv>
                        <Unicode>Salomo</Unicode>
                    </TextEquiv>
                </Word>
                <Word id="r_11_tl_9_w7" custom="readingOrder {index:6;}">
                    <Coords points="2140,791 2140,851 2203,851 2203,791"/>
                    <TextEquiv>
                        <Unicode>seyn</Unicode>
                    </TextEquiv>
                </Word>
                <Word id="r_11_tl_9_w8" custom="readingOrder {index:7;}">
                    <Coords points="2235,790 2235,850 2298,850 2298,790"/>
                    <TextEquiv>
                        <Unicode>mö¬</Unicode>
                    </TextEquiv>
                </Word>
                <TextEquiv>
                    <Unicode>wisheit der üblen Aufführung des Salomo seyn mö¬</Unicode>
                </TextEquiv>
            </TextLine>
            <TextLine id="r_11_tl_10" custom="readingOrder {index:9;}">
                <Coords points="1292,899 2305,889 2303,848 2226,838 1290,850"/>
                <Baseline points="1307,880 1325,880 1370,877 1415,871 1459,871 1504,877 1549,877 1594,877 1639,877 1683,877 1728,877 1773,880 1818,877 1862,877 1907,877 1952,880 1997,877 2042,880 2086,880 2131,880 2176,877 2221,880 2266,880 2310,877"/>
                <Word id="r_11_tl_10_w1" custom="readingOrder {index:0;}">
                    <Coords points="1295,840 1295,900 1351,900 1351,840"/>
                    <TextEquiv>
                        <Unicode>ge.</Unicode>
                    </TextEquiv>
                </Word>
                <Word id="r_11_tl_10_w2" custom="readingOrder {index:1;}">
                    <Coords points="1378,834 1378,894 1393,894 1393,834"/>
                    <TextEquiv>
                        <Unicode>—</Unicode>
                    </TextEquiv>
                </Word>
                <Word id="r_11_tl_10_w3" custom="readingOrder {index:2;}">
                    <Coords points="1450,834 1450,894 1523,894 1523,834"/>
                    <TextEquiv>
                        <Unicode>Der</Unicode>
                    </TextEquiv>
                </Word>
                <Word id="r_11_tl_10_w4" custom="readingOrder {index:3;}">
                    <Coords points="1550,837 1550,897 1653,897 1653,837"/>
                    <TextEquiv>
                        <Unicode>Vater</Unicode>
                    </TextEquiv>
                </Word>
                <Word id="r_11_tl_10_w5" custom="readingOrder {index:4;}">
                    <Coords points="1680,837 1680,897 1715,897 1715,837"/>
                    <TextEquiv>
                        <Unicode>ist</Unicode>
                    </TextEquiv>
                </Word>
                <Word id="r_11_tl_10_w6" custom="readingOrder {index:5;}">
                    <Coords points="1737,839 1737,899 1825,899 1825,839"/>
                    <TextEquiv>
                        <Unicode>allein</Unicode>
                    </TextEquiv>
                </Word>
                <Word id="r_11_tl_10_w7" custom="readingOrder {index:6;}">
                    <Coords points="1851,837 1851,897 1976,897 1976,837"/>
                    <TextEquiv>
                        <Unicode>GOtt,</Unicode>
                    </TextEquiv>
                </Word>
                <Word id="r_11_tl_10_w8" custom="readingOrder {index:7;}">
                    <Coords points="2007,840 2007,900 2079,900 2079,840"/>
                    <TextEquiv>
                        <Unicode>auch</Unicode>
                    </TextEquiv>
                </Word>
                <Word id="r_11_tl_10_w9" custom="readingOrder {index:8;}">
                    <Coords points="2116,839 2116,899 2168,899 2168,839"/>
                    <TextEquiv>
                        <Unicode>der</Unicode>
                    </TextEquiv>
                </Word>
                <Word id="r_11_tl_10_w10" custom="readingOrder {index:9;}">
                    <Coords points="2195,840 2195,900 2298,900 2298,840"/>
                    <TextEquiv>
                        <Unicode>GOtt</Unicode>
                    </TextEquiv>
                </Word>
                <TextEquiv>
                    <Unicode>ge. — Der Vater ist allein GOtt, auch der GOtt</Unicode>
                </TextEquiv>
            </TextLine>
            <TextLine id="r_11_tl_11" custom="readingOrder {index:10;}">
                <Coords points="1292,934 2300,942 2300,889 2267,886 1292,899"/>
                <Baseline points="1307,925 1352,925 1397,922 1442,925 1486,925 1531,922 1576,925 1621,925 1665,925 1710,925 1755,925 1800,928 1845,925 1889,925 1934,925 1979,925 2024,925 2068,925 2113,925 2158,928 2203,925 2248,925 2292,928 2307,925"/>
                <Word id="r_11_tl_11_w1" custom="readingOrder {index:0;}">
                    <Coords points="1304,885 1304,945 1358,945 1358,885"/>
                    <TextEquiv>
                        <Unicode>und</Unicode>
                    </TextEquiv>
                </Word>
                <Word id="r_11_tl_11_w2" custom="readingOrder {index:1;}">
                    <Coords points="1387,884 1387,944 1492,944 1492,884"/>
                    <TextEquiv>
                        <Unicode>Vater</Unicode>
                    </TextEquiv>
                </Word>
                <Word id="r_11_tl_11_w3" custom="readingOrder {index:2;}">
                    <Coords points="1520,884 1520,944 1608,944 1608,884"/>
                    <TextEquiv>
                        <Unicode>JEsu</Unicode>
                    </TextEquiv>
                </Word>
                <Word id="r_11_tl_11_w4" custom="readingOrder {index:3;}">
                    <Coords points="1637,885 1637,945 1775,945 1775,885"/>
                    <TextEquiv>
                        <Unicode>Christi.</Unicode>
                    </TextEquiv>
                </Word>
                <Word id="r_11_tl_11_w5" custom="readingOrder {index:4;}">
                    <Coords points="1837,885 1837,945 1953,945 1953,885"/>
                    <TextEquiv>
                        <Unicode>Dieser</Unicode>
                    </TextEquiv>
                </Word>
                <Word id="r_11_tl_11_w6" custom="readingOrder {index:5;}">
                    <Coords points="1987,885 1987,945 2059,945 2059,885"/>
                    <TextEquiv>
                        <Unicode>aber</Unicode>
                    </TextEquiv>
                </Word>
                <Word id="r_11_tl_11_w7" custom="readingOrder {index:6;}">
                    <Coords points="2087,885 2087,945 2125,945 2125,885"/>
                    <TextEquiv>
                        <Unicode>ist</Unicode>
                    </TextEquiv>
                </Word>
                <Word id="r_11_tl_11_w8" custom="readingOrder {index:7;}">
                    <Coords points="2154,885 2154,945 2236,945 2236,885"/>
                    <TextEquiv>
                        <Unicode>nicht</Unicode>
                    </TextEquiv>
                </Word>
                <Word id="r_11_tl_11_w9" custom="readingOrder {index:8;}">
                    <Coords points="2259,886 2259,946 2286,946 2286,886"/>
                    <TextEquiv>
                        <Unicode>in</Unicode>
                    </TextEquiv>
                </Word>
                <TextEquiv>
                    <Unicode>und Vater JEsu Christi. Dieser aber ist nicht in</Unicode>
                </TextEquiv>
            </TextLine>
            <TextLine id="r_11_tl_12" custom="readingOrder {index:11;}">
                <Coords points="1300,988 2300,990 2300,934 1300,934"/>
                <Baseline points="1313,973 1358,973 1403,970 1447,973 1492,973 1537,973 1582,973 1627,973 1671,973 1716,973 1761,973 1806,973 1851,973 1895,973 1940,973 1985,973 2030,973 2074,973 2119,970 2164,973 2209,976 2254,976 2298,976 2304,976"/>
                <Word id="r_11_tl_12_w1" custom="readingOrder {index:0;}">
                    <Coords points="1305,933 1305,993 1372,993 1372,933"/>
                    <TextEquiv>
                        <Unicode>eben</Unicode>
                    </TextEquiv>
                </Word>
                <Word id="r_11_tl_12_w2" custom="readingOrder {index:1;}">
                    <Coords points="1403,933 1403,993 1516,993 1516,933"/>
                    <TextEquiv>
                        <Unicode>solcher</Unicode>
                    </TextEquiv>
                </Word>
                <Word id="r_11_tl_12_w3" custom="readingOrder {index:2;}">
                    <Coords points="1538,933 1538,993 1744,993 1744,933"/>
                    <TextEquiv>
                        <Unicode>Benennung</Unicode>
                    </TextEquiv>
                </Word>
                <Word id="r_11_tl_12_w4" custom="readingOrder {index:3;}">
                    <Coords points="1776,933 1776,993 1842,993 1842,933"/>
                    <TextEquiv>
                        <Unicode>auch</Unicode>
                    </TextEquiv>
                </Word>
                <Word id="r_11_tl_12_w5" custom="readingOrder {index:4;}">
                    <Coords points="1879,933 1879,993 1920,993 1920,933"/>
                    <TextEquiv>
                        <Unicode>ein</Unicode>
                    </TextEquiv>
                </Word>
                <Word id="r_11_tl_12_w6" custom="readingOrder {index:5;}">
                    <Coords points="1952,933 1952,993 2055,993 2055,933"/>
                    <TextEquiv>
                        <Unicode>GOtt</Unicode>
                    </TextEquiv>
                </Word>
                <Word id="r_11_tl_12_w7" custom="readingOrder {index:6;}">
                    <Coords points="2081,931 2081,991 2127,991 2127,931"/>
                    <TextEquiv>
                        <Unicode>des</Unicode>
                    </TextEquiv>
                </Word>
                <Word id="r_11_tl_12_w8" custom="readingOrder {index:7;}">
                    <Coords points="2154,936 2154,996 2298,996 2298,936"/>
                    <TextEquiv>
                        <Unicode>Vaters,</Unicode>
                    </TextEquiv>
                </Word>
                <TextEquiv>
                    <Unicode>eben solcher Benennung auch ein GOtt des Vaters,</Unicode>
                </TextEquiv>
            </TextLine>
            <TextLine id="r_11_tl_13" custom="readingOrder {index:12;}">
                <Coords points="1307,1033 2300,1028 2300,990 2193,980 1307,980"/>
                <Baseline points="1322,1018 1367,1018 1412,1018 1456,1018 1501,1018 1546,1018 1591,1018 1636,1015 1680,1015 1725,1015 1770,1018 1815,1018 1859,1018 1904,1018 1949,1018 1994,1021 2039,1021 2083,1021 2128,1021 2173,1021 2218,1024 2263,1021 2307,1021"/>
                <Word id="r_11_tl_13_w1" custom="readingOrder {index:0;}">
                    <Coords points="1307,978 1307,1038 1435,1038 1435,978"/>
                    <TextEquiv>
                        <Unicode>sondern</Unicode>
                    </TextEquiv>
                </Word>
                <Word id="r_11_tl_13_w2" custom="readingOrder {index:1;}">
                    <Coords points="1467,978 1467,1038 1528,1038 1528,978"/>
                    <TextEquiv>
                        <Unicode>nur</Unicode>
                    </TextEquiv>
                </Word>
                <Word id="r_11_tl_13_w3" custom="readingOrder {index:2;}">
                    <Coords points="1550,977 1550,1037 1647,1037 1647,977"/>
                    <TextEquiv>
                        <Unicode>Unser</Unicode>
                    </TextEquiv>
                </Word>
                <Word id="r_11_tl_13_w4" custom="readingOrder {index:3;}">
                    <Coords points="1673,975 1673,1035 1787,1035 1787,975"/>
                    <TextEquiv>
                        <Unicode>GOtt.</Unicode>
                    </TextEquiv>
                </Word>
                <Word id="r_11_tl_13_w5" custom="readingOrder {index:4;}">
                    <Coords points="1834,978 1834,1038 1879,1038 1879,978"/>
                    <TextEquiv>
                        <Unicode>Er</Unicode>
                    </TextEquiv>
                </Word>
                <Word id="r_11_tl_13_w6" custom="readingOrder {index:5;}">
                    <Coords points="1912,978 1912,1038 1988,1038 1988,978"/>
                    <TextEquiv>
                        <Unicode>wird</Unicode>
                    </TextEquiv>
                </Word>
                <Word id="r_11_tl_13_w7" custom="readingOrder {index:6;}">
                    <Coords points="2025,981 2025,1041 2091,1041 2091,981"/>
                    <TextEquiv>
                        <Unicode>aber</Unicode>
                    </TextEquiv>
                </Word>
                <Word id="r_11_tl_13_w8" custom="readingOrder {index:7;}">
                    <Coords points="2123,981 2123,1041 2221,1041 2221,981"/>
                    <TextEquiv>
                        <Unicode>GOtt</Unicode>
                    </TextEquiv>
                </Word>
                <Word id="r_11_tl_13_w9" custom="readingOrder {index:8;}">
                    <Coords points="2252,981 2252,1041 2303,1041 2303,981"/>
                    <TextEquiv>
                        <Unicode>ge=</Unicode>
                    </TextEquiv>
                </Word>
                <TextEquiv>
                    <Unicode>sondern nur Unser GOtt. Er wird aber GOtt ge=</Unicode>
                </TextEquiv>
            </TextLine>
            <TextLine id="r_11_tl_14" custom="readingOrder {index:13;}">
                <Coords points="1300,1082 2300,1079 2300,1028 2234,1023 1300,1031"/>
                <Baseline points="1313,1062 1358,1062 1403,1062 1447,1062 1492,1062 1537,1062 1582,1062 1627,1062 1671,1059 1716,1062 1761,1062 1806,1062 1851,1062 1895,1062 1940,1065 1985,1065 2030,1068 2074,1068 2119,1068 2164,1068 2209,1071 2254,1068 2298,1068 2307,1068"/>
                <Word id="r_11_tl_14_w1" custom="readingOrder {index:0;}">
                    <Coords points="1305,1022 1305,1082 1428,1082 1428,1022"/>
                    <TextEquiv>
                        <Unicode>nennet</Unicode>
                    </TextEquiv>
                </Word>
                <Word id="r_11_tl_14_w2" custom="readingOrder {index:1;}">
                    <Coords points="1449,1022 1449,1082 1546,1082 1546,1022"/>
                    <TextEquiv>
                        <Unicode>wegen</Unicode>
                    </TextEquiv>
                </Word>
                <Word id="r_11_tl_14_w3" custom="readingOrder {index:2;}">
                    <Coords points="1578,1022 1578,1082 1675,1082 1675,1022"/>
                    <TextEquiv>
                        <Unicode>seiner</Unicode>
                    </TextEquiv>
                </Word>
                <Word id="r_11_tl_14_w4" custom="readingOrder {index:3;}">
                    <Coords points="1696,1022 1696,1082 2102,1082 2102,1022"/>
                    <TextEquiv>
                        <Unicode>unvergleichbaren</Unicode>
                    </TextEquiv>
                </Word>
                <Word id="r_11_tl_14_w5" custom="readingOrder {index:4;}">
                    <Coords points="2139,1030 2139,1090 2298,1090 2298,1030"/>
                    <TextEquiv>
                        <Unicode>Hohei¬</Unicode>
                    </TextEquiv>
                </Word>
                <TextEquiv>
                    <Unicode>nennet wegen seiner unvergleichbaren Hohei¬</Unicode>
                </TextEquiv>
            </TextLine>
            <TextLine id="r_11_tl_15" custom="readingOrder {index:14;}">
                <Coords points="1297,1117 2298,1130 2272,1076 1297,1082"/>
                <Baseline points="1310,1107 1355,1107 1400,1107 1444,1107 1489,1107 1534,1107 1579,1107 1624,1110 1668,1107 1713,1107 1758,1107 1803,1107 1848,1107 1892,1107 1937,1110 1982,1110 2027,1113 2071,1113 2116,1116 2161,1116 2206,1116 2251,1116 2295,1119 2304,1119"/>
                <Word id="r_11_tl_15_w1" custom="readingOrder {index:0;}">
                    <Coords points="1302,1067 1302,1127 1365,1127 1365,1067"/>
                    <TextEquiv>
                        <Unicode>ten</Unicode>
                    </TextEquiv>
                </Word>
                <Word id="r_11_tl_15_w2" custom="readingOrder {index:1;}">
                    <Coords points="1397,1067 1397,1127 1518,1127 1518,1067"/>
                    <TextEquiv>
                        <Unicode>willen,</Unicode>
                    </TextEquiv>
                </Word>
                <Word id="r_11_tl_15_w3" custom="readingOrder {index:2;}">
                    <Coords points="1535,1067 1535,1127 1582,1127 1582,1067"/>
                    <TextEquiv>
                        <Unicode>die</Unicode>
                    </TextEquiv>
                </Word>
                <Word id="r_11_tl_15_w4" custom="readingOrder {index:3;}">
                    <Coords points="1603,1069 1603,1129 1630,1129 1630,1069"/>
                    <TextEquiv>
                        <Unicode>er</Unicode>
                    </TextEquiv>
                </Word>
                <Word id="r_11_tl_15_w5" custom="readingOrder {index:4;}">
                    <Coords points="1657,1067 1657,1127 1709,1127 1709,1067"/>
                    <TextEquiv>
                        <Unicode>vor</Unicode>
                    </TextEquiv>
                </Word>
                <Word id="r_11_tl_15_w6" custom="readingOrder {index:5;}">
                    <Coords points="1736,1067 1736,1127 1783,1127 1783,1067"/>
                    <TextEquiv>
                        <Unicode>der</Unicode>
                    </TextEquiv>
                </Word>
                <Word id="r_11_tl_15_w7" custom="readingOrder {index:6;}">
                    <Coords points="1805,1067 1805,1127 1894,1127 1894,1067"/>
                    <TextEquiv>
                        <Unicode>Welt</Unicode>
                    </TextEquiv>
                </Word>
                <Word id="r_11_tl_15_w8" custom="readingOrder {index:7;}">
                    <Coords points="1910,1070 1910,1130 2026,1130 2026,1070"/>
                    <TextEquiv>
                        <Unicode>gehabt</Unicode>
                    </TextEquiv>
                </Word>
                <Word id="r_11_tl_15_w9" custom="readingOrder {index:8;}">
                    <Coords points="2043,1073 2043,1133 2111,1133 2111,1073"/>
                    <TextEquiv>
                        <Unicode>hat.</Unicode>
                    </TextEquiv>
                </Word>
                <Word id="r_11_tl_15_w10" custom="readingOrder {index:9;}">
                    <Coords points="2159,1076 2159,1136 2301,1136 2301,1076"/>
                    <TextEquiv>
                        <Unicode>JEsus,</Unicode>
                    </TextEquiv>
                </Word>
                <TextEquiv>
                    <Unicode>ten willen, die er vor der Welt gehabt hat. JEsus,</Unicode>
                </TextEquiv>
            </TextLine>
            <TextLine id="r_11_tl_16" custom="readingOrder {index:15;}">
                <Coords points="1297,1165 2300,1170 2282,1125 1297,1117"/>
                <Baseline points="1310,1155 1355,1155 1400,1155 1444,1155 1489,1152 1534,1152 1579,1155 1624,1155 1668,1155 1713,1155 1758,1155 1803,1155 1848,1155 1892,1155 1937,1158 1982,1161 2027,1158 2071,1158 2116,1158 2161,1161 2206,1161 2251,1161 2295,1164 2307,1161"/>
                <Word id="r_11_tl_16_w1" custom="readingOrder {index:0;}">
                    <Coords points="1302,1115 1302,1175 1357,1175 1357,1115"/>
                    <TextEquiv>
                        <Unicode>der</Unicode>
                    </TextEquiv>
                </Word>
                <Word id="r_11_tl_16_w2" custom="readingOrder {index:1;}">
                    <Coords points="1377,1115 1377,1175 1478,1175 1478,1115"/>
                    <TextEquiv>
                        <Unicode>Sohn</Unicode>
                    </TextEquiv>
                </Word>
                <Word id="r_11_tl_16_w3" custom="readingOrder {index:2;}">
                    <Coords points="1509,1114 1509,1174 1645,1174 1645,1114"/>
                    <TextEquiv>
                        <Unicode>GOttes</Unicode>
                    </TextEquiv>
                </Word>
                <Word id="r_11_tl_16_w4" custom="readingOrder {index:3;}">
                    <Coords points="1671,1115 1671,1175 1756,1175 1756,1115"/>
                    <TextEquiv>
                        <Unicode>ward</Unicode>
                    </TextEquiv>
                </Word>
                <Word id="r_11_tl_16_w5" custom="readingOrder {index:4;}">
                    <Coords points="1782,1115 1782,1175 1934,1175 1934,1115"/>
                    <TextEquiv>
                        <Unicode>Mensch.</Unicode>
                    </TextEquiv>
                </Word>
                <Word id="r_11_tl_16_w6" custom="readingOrder {index:5;}">
                    <Coords points="1985,1118 1985,1178 2086,1178 2086,1118"/>
                    <TextEquiv>
                        <Unicode>(Hier</Unicode>
                    </TextEquiv>
                </Word>
                <Word id="r_11_tl_16_w7" custom="readingOrder {index:6;}">
                    <Coords points="2111,1120 2111,1180 2207,1180 2207,1120"/>
                    <TextEquiv>
                        <Unicode>finden</Unicode>
                    </TextEquiv>
                </Word>
                <Word id="r_11_tl_16_w8" custom="readingOrder {index:7;}">
                    <Coords points="2238,1121 2238,1181 2293,1181 2293,1121"/>
                    <TextEquiv>
                        <Unicode>wir</Unicode>
                    </TextEquiv>
                </Word>
                <TextEquiv>
                    <Unicode>der Sohn GOttes ward Mensch. (Hier finden wir</Unicode>
                </TextEquiv>
            </TextLine>
            <TextLine id="r_11_tl_17" custom="readingOrder {index:16;}">
                <Coords points="1300,1211 2300,1219 2300,1173 2252,1168 1300,1165"/>
                <Baseline points="1313,1200 1358,1203 1403,1200 1447,1200 1492,1200 1537,1200 1582,1200 1627,1203 1671,1200 1716,1200 1761,1197 1806,1200 1851,1203 1895,1203 1940,1203 1985,1203 2030,1203 2074,1203 2119,1206 2164,1206 2209,1206 2254,1206 2298,1206 2307,1206"/>
                <Word id="r_11_tl_17_w1" custom="readingOrder {index:0;}">
                    <Coords points="1305,1161 1305,1221 1376,1221 1376,1161"/>
                    <TextEquiv>
                        <Unicode>noch</Unicode>
                    </TextEquiv>
                </Word>
                <Word id="r_11_tl_17_w2" custom="readingOrder {index:1;}">
                    <Coords points="1413,1160 1413,1220 1516,1220 1516,1160"/>
                    <TextEquiv>
                        <Unicode>nicht,</Unicode>
                    </TextEquiv>
                </Word>
                <Word id="r_11_tl_17_w3" custom="readingOrder {index:2;}">
                    <Coords points="1542,1160 1542,1220 1598,1220 1598,1160"/>
                    <TextEquiv>
                        <Unicode>daß</Unicode>
                    </TextEquiv>
                </Word>
                <Word id="r_11_tl_17_w4" custom="readingOrder {index:3;}">
                    <Coords points="1624,1160 1624,1220 1706,1220 1706,1160"/>
                    <TextEquiv>
                        <Unicode>Herr</Unicode>
                    </TextEquiv>
                </Word>
                <Word id="r_11_tl_17_w5" custom="readingOrder {index:4;}">
                    <Coords points="1733,1157 1733,1217 1778,1217 1778,1157"/>
                    <TextEquiv>
                        <Unicode>B.</Unicode>
                    </TextEquiv>
                </Word>
                <Word id="r_11_tl_17_w6" custom="readingOrder {index:5;}">
                    <Coords points="1805,1161 1805,1221 1850,1221 1850,1161"/>
                    <TextEquiv>
                        <Unicode>die</Unicode>
                    </TextEquiv>
                </Word>
                <Word id="r_11_tl_17_w7" custom="readingOrder {index:6;}">
                    <Coords points="1882,1163 1882,1223 2077,1223 2077,1163"/>
                    <TextEquiv>
                        <Unicode>menschliche</Unicode>
                    </TextEquiv>
                </Word>
                <Word id="r_11_tl_17_w8" custom="readingOrder {index:7;}">
                    <Coords points="2098,1166 2098,1226 2201,1226 2201,1166"/>
                    <TextEquiv>
                        <Unicode>Seele</Unicode>
                    </TextEquiv>
                </Word>
                <Word id="r_11_tl_17_w9" custom="readingOrder {index:8;}">
                    <Coords points="2222,1166 2222,1226 2299,1226 2299,1166"/>
                    <TextEquiv>
                        <Unicode>JE¬</Unicode>
                    </TextEquiv>
                </Word>
                <TextEquiv>
                    <Unicode>noch nicht, daß Herr B. die menschliche Seele JE¬</Unicode>
                </TextEquiv>
            </TextLine>
            <TextLine id="r_11_tl_18" custom="readingOrder {index:17;}">
                <Coords points="1307,1262 2303,1264 2300,1219 2211,1211 1305,1211"/>
                <Baseline points="1322,1250 1367,1247 1412,1250 1456,1247 1501,1247 1546,1247 1591,1247 1636,1247 1680,1247 1725,1247 1770,1247 1815,1247 1859,1250 1904,1250 1949,1250 1994,1250 2039,1250 2083,1253 2128,1253 2173,1253 2218,1253 2263,1253 2307,1253 2310,1253"/>
                <Word id="r_11_tl_18_w1" custom="readingOrder {index:0;}">
                    <Coords points="1311,1209 1311,1269 1337,1269 1337,1209"/>
                    <TextEquiv>
                        <Unicode>su</Unicode>
                    </TextEquiv>
                </Word>
                <Word id="r_11_tl_18_w2" custom="readingOrder {index:1;}">
                    <Coords points="1370,1209 1370,1269 1424,1269 1424,1209"/>
                    <TextEquiv>
                        <Unicode>von</Unicode>
                    </TextEquiv>
                </Word>
                <Word id="r_11_tl_18_w3" custom="readingOrder {index:2;}">
                    <Coords points="1462,1207 1462,1267 1564,1267 1564,1207"/>
                    <TextEquiv>
                        <Unicode>seinem</Unicode>
                    </TextEquiv>
                </Word>
                <Word id="r_11_tl_18_w4" custom="readingOrder {index:3;}">
                    <Coords points="1608,1207 1608,1267 1727,1267 1727,1207"/>
                    <TextEquiv>
                        <Unicode>ewigen</Unicode>
                    </TextEquiv>
                </Word>
                <Word id="r_11_tl_18_w5" custom="readingOrder {index:4;}">
                    <Coords points="1760,1208 1760,1268 1922,1268 1922,1208"/>
                    <TextEquiv>
                        <Unicode>göttlichen</Unicode>
                    </TextEquiv>
                </Word>
                <Word id="r_11_tl_18_w6" custom="readingOrder {index:5;}">
                    <Coords points="1955,1210 1955,1270 2073,1270 2073,1210"/>
                    <TextEquiv>
                        <Unicode>Geist,</Unicode>
                    </TextEquiv>
                </Word>
                <Word id="r_11_tl_18_w7" custom="readingOrder {index:6;}">
                    <Coords points="2112,1213 2112,1273 2300,1273 2300,1213"/>
                    <TextEquiv>
                        <Unicode>unterschei¬</Unicode>
                    </TextEquiv>
                </Word>
                <TextEquiv>
                    <Unicode>su von seinem ewigen göttlichen Geist, unterschei¬</Unicode>
                </TextEquiv>
            </TextLine>
            <TextLine id="r_11_tl_19" custom="readingOrder {index:18;}">
                <Coords points="1300,1313 2300,1313 2262,1264 1300,1259"/>
                <Baseline points="1313,1295 1358,1295 1403,1298 1447,1295 1492,1295 1537,1295 1582,1295 1627,1295 1671,1295 1716,1295 1761,1295 1806,1298 1851,1295 1895,1298 1940,1298 1985,1298 2030,1298 2074,1298 2119,1298 2164,1298 2209,1301 2254,1301 2298,1298 2307,1301"/>
                <Word id="r_11_tl_19_w1" custom="readingOrder {index:0;}">
                    <Coords points="1305,1255 1305,1315 1400,1315 1400,1255"/>
                    <TextEquiv>
                        <Unicode>det).</Unicode>
                    </TextEquiv>
                </Word>
                <Word id="r_11_tl_19_w2" custom="readingOrder {index:1;}">
                    <Coords points="1448,1255 1448,1315 1548,1315 1548,1255"/>
                    <TextEquiv>
                        <Unicode>Hätte</Unicode>
                    </TextEquiv>
                </Word>
                <Word id="r_11_tl_19_w3" custom="readingOrder {index:2;}">
                    <Coords points="1575,1255 1575,1315 1622,1315 1622,1255"/>
                    <TextEquiv>
                        <Unicode>der</Unicode>
                    </TextEquiv>
                </Word>
                <Word id="r_11_tl_19_w4" custom="readingOrder {index:3;}">
                    <Coords points="1643,1255 1643,1315 1727,1315 1727,1255"/>
                    <TextEquiv>
                        <Unicode>Herr</Unicode>
                    </TextEquiv>
                </Word>
                <Word id="r_11_tl_19_w5" custom="readingOrder {index:4;}">
                    <Coords points="1744,1257 1744,1317 1838,1317 1838,1257"/>
                    <TextEquiv>
                        <Unicode>Verf.</Unicode>
                    </TextEquiv>
                </Word>
                <Word id="r_11_tl_19_w6" custom="readingOrder {index:5;}">
                    <Coords points="1860,1257 1860,1317 1902,1317 1902,1257"/>
                    <TextEquiv>
                        <Unicode>die</Unicode>
                    </TextEquiv>
                </Word>
                <Word id="r_11_tl_19_w7" custom="readingOrder {index:6;}">
                    <Coords points="1923,1258 1923,1318 2018,1318 2018,1258"/>
                    <TextEquiv>
                        <Unicode>Lehre</Unicode>
                    </TextEquiv>
                </Word>
                <Word id="r_11_tl_19_w8" custom="readingOrder {index:7;}">
                    <Coords points="2039,1258 2039,1318 2092,1318 2092,1258"/>
                    <TextEquiv>
                        <Unicode>von</Unicode>
                    </TextEquiv>
                </Word>
                <Word id="r_11_tl_19_w9" custom="readingOrder {index:8;}">
                    <Coords points="2124,1258 2124,1318 2171,1318 2171,1258"/>
                    <TextEquiv>
                        <Unicode>der</Unicode>
                    </TextEquiv>
                </Word>
                <Word id="r_11_tl_19_w10" custom="readingOrder {index:9;}">
                    <Coords points="2193,1261 2193,1321 2292,1321 2292,1261"/>
                    <TextEquiv>
                        <Unicode>Com¬</Unicode>
                    </TextEquiv>
                </Word>
                <TextEquiv>
                    <Unicode>det). Hätte der Herr Verf. die Lehre von der Com¬</Unicode>
                </TextEquiv>
            </TextLine>
            <TextLine id="r_11_tl_20" custom="readingOrder {index:19;}">
                <Coords points="1300,1353 2313,1368 2313,1305 1300,1315"/>
                <Baseline points="1313,1343 1358,1346 1403,1343 1447,1343 1492,1343 1537,1343 1582,1343 1627,1343 1671,1346 1716,1346 1761,1346 1806,1346 1851,1346 1895,1346 1940,1349 1985,1349 2030,1349 2074,1349 2119,1349 2164,1349 2209,1349 2254,1349 2298,1349 2316,1349"/>
                <Word id="r_11_tl_20_w1" custom="readingOrder {index:0;}">
                    <Coords points="1305,1303 1305,1363 1528,1363 1528,1303"/>
                    <TextEquiv>
                        <Unicode>municatione</Unicode>
                    </TextEquiv>
                </Word>
                <Word id="r_11_tl_20_w2" custom="readingOrder {index:1;}">
                    <Coords points="1554,1304 1554,1364 1731,1364 1731,1304"/>
                    <TextEquiv>
                        <Unicode>Idiomatum</Unicode>
                    </TextEquiv>
                </Word>
                <Word id="r_11_tl_20_w3" custom="readingOrder {index:2;}">
                    <Coords points="1772,1306 1772,1366 1854,1366 1854,1306"/>
                    <TextEquiv>
                        <Unicode>recht</Unicode>
                    </TextEquiv>
                </Word>
                <Word id="r_11_tl_20_w4" custom="readingOrder {index:3;}">
                    <Coords points="1874,1309 1874,1369 2052,1369 2052,1309"/>
                    <TextEquiv>
                        <Unicode>begriffen;</Unicode>
                    </TextEquiv>
                </Word>
                <Word id="r_11_tl_20_w5" custom="readingOrder {index:4;}">
                    <Coords points="2083,1309 2083,1369 2113,1369 2113,1309"/>
                    <TextEquiv>
                        <Unicode>so</Unicode>
                    </TextEquiv>
                </Word>
                <Word id="r_11_tl_20_w6" custom="readingOrder {index:5;}">
                    <Coords points="2139,1309 2139,1369 2245,1369 2245,1309"/>
                    <TextEquiv>
                        <Unicode>würde</Unicode>
                    </TextEquiv>
                </Word>
                <Word id="r_11_tl_20_w7" custom="readingOrder {index:6;}">
                    <Coords points="2271,1309 2271,1369 2296,1369 2296,1309"/>
                    <TextEquiv>
                        <Unicode>er</Unicode>
                    </TextEquiv>
                </Word>
                <TextEquiv>
                    <Unicode>municatione Idiomatum recht begriffen; so würde er</Unicode>
                </TextEquiv>
            </TextLine>
            <TextLine id="r_11_tl_21" custom="readingOrder {index:20;}">
                <Coords points="1300,1404 2300,1406 2300,1361 2252,1356 1300,1363"/>
                <Baseline points="1313,1397 1358,1397 1403,1397 1447,1397 1492,1397 1537,1394 1582,1397 1627,1394 1671,1394 1716,1394 1761,1394 1806,1397 1851,1397 1895,1394 1940,1397 1985,1397 2030,1400 2074,1400 2119,1397 2164,1400 2209,1400 2254,1400 2298,1400 2307,1397"/>
                <Word id="r_11_tl_21_w1" custom="readingOrder {index:0;}">
                    <Coords points="1305,1357 1305,1417 1368,1417 1368,1357"/>
                    <TextEquiv>
                        <Unicode>aus</Unicode>
                    </TextEquiv>
                </Word>
                <Word id="r_11_tl_21_w2" custom="readingOrder {index:1;}">
                    <Coords points="1390,1357 1390,1417 1479,1417 1479,1357"/>
                    <TextEquiv>
                        <Unicode>denen</Unicode>
                    </TextEquiv>
                </Word>
                <Word id="r_11_tl_21_w3" custom="readingOrder {index:2;}">
                    <Coords points="1513,1354 1513,1414 1714,1414 1714,1354"/>
                    <TextEquiv>
                        <Unicode>Sprüchen,</Unicode>
                    </TextEquiv>
                </Word>
                <Word id="r_11_tl_21_w4" custom="readingOrder {index:3;}">
                    <Coords points="1746,1354 1746,1414 1793,1414 1793,1354"/>
                    <TextEquiv>
                        <Unicode>wo</Unicode>
                    </TextEquiv>
                </Word>
                <Word id="r_11_tl_21_w5" custom="readingOrder {index:4;}">
                    <Coords points="1826,1354 1826,1414 1942,1414 1942,1354"/>
                    <TextEquiv>
                        <Unicode>JEsus</Unicode>
                    </TextEquiv>
                </Word>
                <Word id="r_11_tl_21_w6" custom="readingOrder {index:5;}">
                    <Coords points="1975,1360 1975,1420 2139,1420 2139,1360"/>
                    <TextEquiv>
                        <Unicode>niedriger</Unicode>
                    </TextEquiv>
                </Word>
                <Word id="r_11_tl_21_w7" custom="readingOrder {index:6;}">
                    <Coords points="2166,1360 2166,1420 2213,1420 2213,1360"/>
                    <TextEquiv>
                        <Unicode>als</Unicode>
                    </TextEquiv>
                </Word>
                <Word id="r_11_tl_21_w8" custom="readingOrder {index:7;}">
                    <Coords points="2245,1360 2245,1420 2292,1420 2292,1360"/>
                    <TextEquiv>
                        <Unicode>der</Unicode>
                    </TextEquiv>
                </Word>
                <TextEquiv>
                    <Unicode>aus denen Sprüchen, wo JEsus niedriger als der</Unicode>
                </TextEquiv>
            </TextLine>
            <TextLine id="r_11_tl_22" custom="readingOrder {index:21;}">
                <Coords points="1305,1457 2298,1457 2298,1406 2239,1401 1305,1406"/>
                <Baseline points="1319,1444 1364,1444 1409,1444 1453,1444 1498,1444 1543,1444 1588,1444 1633,1444 1677,1444 1722,1444 1767,1442 1812,1447 1857,1444 1901,1444 1946,1444 1991,1444 2036,1447 2080,1447 2125,1447 2170,1447 2215,1447 2260,1447 2304,1447 2307,1444"/>
                <Word id="r_11_tl_22_w1" custom="readingOrder {index:0;}">
                    <Coords points="1310,1404 1310,1464 1410,1464 1410,1404"/>
                    <TextEquiv>
                        <Unicode>Vater</Unicode>
                    </TextEquiv>
                </Word>
                <Word id="r_11_tl_22_w2" custom="readingOrder {index:1;}">
                    <Coords points="1437,1404 1437,1464 1633,1464 1633,1404"/>
                    <TextEquiv>
                        <Unicode>vorgestellet</Unicode>
                    </TextEquiv>
                </Word>
                <Word id="r_11_tl_22_w3" custom="readingOrder {index:2;}">
                    <Coords points="1655,1404 1655,1464 1766,1464 1766,1404"/>
                    <TextEquiv>
                        <Unicode>wird,</Unicode>
                    </TextEquiv>
                </Word>
                <Word id="r_11_tl_22_w4" custom="readingOrder {index:3;}">
                    <Coords points="1798,1404 1798,1464 1898,1464 1898,1404"/>
                    <TextEquiv>
                        <Unicode>keinen</Unicode>
                    </TextEquiv>
                </Word>
                <Word id="r_11_tl_22_w5" custom="readingOrder {index:4;}">
                    <Coords points="1936,1404 1936,1464 2057,1464 2057,1404"/>
                    <TextEquiv>
                        <Unicode>Schluß</Unicode>
                    </TextEquiv>
                </Word>
                <Word id="r_11_tl_22_w6" custom="readingOrder {index:5;}">
                    <Coords points="2090,1407 2090,1467 2190,1467 2190,1407"/>
                    <TextEquiv>
                        <Unicode>wider</Unicode>
                    </TextEquiv>
                </Word>
                <Word id="r_11_tl_22_w7" custom="readingOrder {index:6;}">
                    <Coords points="2217,1407 2217,1467 2296,1467 2296,1407"/>
                    <TextEquiv>
                        <Unicode>seine</Unicode>
                    </TextEquiv>
                </Word>
                <TextEquiv>
                    <Unicode>Vater vorgestellet wird, keinen Schluß wider seine</Unicode>
                </TextEquiv>
            </TextLine>
            <TextLine id="r_11_tl_23" custom="readingOrder {index:22;}">
                <Coords points="1310,1503 2300,1505 2267,1457 1310,1455"/>
                <Baseline points="1325,1492 1370,1492 1415,1492 1459,1495 1504,1492 1549,1492 1594,1492 1639,1492 1683,1492 1728,1492 1773,1495 1818,1492 1862,1492 1907,1495 1952,1495 1997,1495 2042,1498 2086,1498 2131,1495 2176,1498 2221,1498 2266,1498 2307,1498"/>
                <Word id="r_11_tl_23_w1" custom="readingOrder {index:0;}">
                    <Coords points="1315,1452 1315,1512 1362,1512 1362,1452"/>
                    <TextEquiv>
                        <Unicode>dem</Unicode>
                    </TextEquiv>
                </Word>
                <Word id="r_11_tl_23_w2" custom="readingOrder {index:1;}">
                    <Coords points="1405,1454 1405,1514 1505,1514 1505,1454"/>
                    <TextEquiv>
                        <Unicode>Vater</Unicode>
                    </TextEquiv>
                </Word>
                <Word id="r_11_tl_23_w3" custom="readingOrder {index:2;}">
                    <Coords points="1527,1452 1527,1512 1695,1512 1695,1452"/>
                    <TextEquiv>
                        <Unicode>wesentlich</Unicode>
                    </TextEquiv>
                </Word>
                <Word id="r_11_tl_23_w4" custom="readingOrder {index:3;}">
                    <Coords points="1722,1454 1722,1514 1833,1514 1833,1454"/>
                    <TextEquiv>
                        <Unicode>gleiche</Unicode>
                    </TextEquiv>
                </Word>
                <Word id="r_11_tl_23_w5" custom="readingOrder {index:4;}">
                    <Coords points="1855,1455 1855,1515 2012,1515 2012,1455"/>
                    <TextEquiv>
                        <Unicode>Gottheit</Unicode>
                    </TextEquiv>
                </Word>
                <Word id="r_11_tl_23_w6" custom="readingOrder {index:5;}">
                    <Coords points="2040,1457 2040,1517 2134,1517 2134,1457"/>
                    <TextEquiv>
                        <Unicode>haben</Unicode>
                    </TextEquiv>
                </Word>
                <Word id="r_11_tl_23_w7" custom="readingOrder {index:6;}">
                    <Coords points="2172,1458 2172,1518 2287,1518 2287,1458"/>
                    <TextEquiv>
                        <Unicode>machen</Unicode>
                    </TextEquiv>
                </Word>
                <TextEquiv>
                    <Unicode>dem Vater wesentlich gleiche Gottheit haben machen</Unicode>
                </TextEquiv>
            </TextLine>
            <TextLine id="r_11_tl_24" custom="readingOrder {index:23;}">
                <Coords points="1305,1554 2310,1559 2290,1505 1305,1500"/>
                <Baseline points="1319,1540 1364,1540 1409,1540 1453,1543 1498,1543 1543,1543 1588,1540 1633,1540 1677,1540 1722,1540 1767,1540 1812,1543 1857,1540 1901,1543 1946,1543 1991,1543 2036,1543 2080,1543 2125,1543 2170,1546 2215,1546 2260,1546 2304,1543 2316,1543"/>
                <Word id="r_11_tl_24_w1" custom="readingOrder {index:0;}">
                    <Coords points="1305,1500 1305,1560 1444,1560 1444,1500"/>
                    <TextEquiv>
                        <Unicode>können.</Unicode>
                    </TextEquiv>
                </Word>
                <Word id="r_11_tl_24_w2" custom="readingOrder {index:1;}">
                    <Coords points="1497,1503 1497,1563 1543,1563 1543,1503"/>
                    <TextEquiv>
                        <Unicode>In</Unicode>
                    </TextEquiv>
                </Word>
                <Word id="r_11_tl_24_w3" custom="readingOrder {index:2;}">
                    <Coords points="1575,1500 1575,1560 1642,1560 1642,1500"/>
                    <TextEquiv>
                        <Unicode>eben</Unicode>
                    </TextEquiv>
                </Word>
                <Word id="r_11_tl_24_w4" custom="readingOrder {index:3;}">
                    <Coords points="1669,1500 1669,1560 1720,1560 1720,1500"/>
                    <TextEquiv>
                        <Unicode>dem</Unicode>
                    </TextEquiv>
                </Word>
                <Word id="r_11_tl_24_w5" custom="readingOrder {index:4;}">
                    <Coords points="1757,1500 1757,1560 1959,1560 1959,1500"/>
                    <TextEquiv>
                        <Unicode>Verstande,</Unicode>
                    </TextEquiv>
                </Word>
                <Word id="r_11_tl_24_w6" custom="readingOrder {index:5;}">
                    <Coords points="1986,1503 1986,1563 2012,1563 2012,1503"/>
                    <TextEquiv>
                        <Unicode>in</Unicode>
                    </TextEquiv>
                </Word>
                <Word id="r_11_tl_24_w7" custom="readingOrder {index:6;}">
                    <Coords points="2038,1503 2038,1563 2168,1563 2168,1503"/>
                    <TextEquiv>
                        <Unicode>welchem</Unicode>
                    </TextEquiv>
                </Word>
                <Word id="r_11_tl_24_w8" custom="readingOrder {index:7;}">
                    <Coords points="2210,1506 2210,1566 2303,1566 2303,1506"/>
                    <TextEquiv>
                        <Unicode>Chri¬</Unicode>
                    </TextEquiv>
                </Word>
                <TextEquiv>
                    <Unicode>können. In eben dem Verstande, in welchem Chri¬</Unicode>
                </TextEquiv>
            </TextLine>
            <TextLine id="r_11_tl_25" custom="readingOrder {index:24;}">
                <Coords points="1318,1604 2300,1607 2280,1556 1318,1551"/>
                <Baseline points="1331,1588 1376,1588 1421,1585 1465,1588 1510,1588 1555,1588 1600,1588 1645,1591 1689,1588 1734,1591 1779,1588 1824,1588 1868,1588 1913,1588 1958,1591 2003,1591 2048,1591 2092,1591 2137,1591 2182,1594 2227,1594 2271,1591 2307,1591"/>
                <Word id="r_11_tl_25_w1" custom="readingOrder {index:0;}">
                    <Coords points="1313,1548 1313,1608 1376,1608 1376,1548"/>
                    <TextEquiv>
                        <Unicode>stus</Unicode>
                    </TextEquiv>
                </Word>
                <Word id="r_11_tl_25_w2" custom="readingOrder {index:1;}">
                    <Coords points="1403,1547 1403,1607 1502,1607 1502,1547"/>
                    <TextEquiv>
                        <Unicode>GOtt</Unicode>
                    </TextEquiv>
                </Word>
                <Word id="r_11_tl_25_w3" custom="readingOrder {index:2;}">
                    <Coords points="1519,1548 1519,1608 1572,1608 1572,1548"/>
                    <TextEquiv>
                        <Unicode>ist,</Unicode>
                    </TextEquiv>
                </Word>
                <Word id="r_11_tl_25_w4" custom="readingOrder {index:3;}">
                    <Coords points="1604,1550 1604,1610 1699,1610 1699,1550"/>
                    <TextEquiv>
                        <Unicode>heißt</Unicode>
                    </TextEquiv>
                </Word>
                <Word id="r_11_tl_25_w5" custom="readingOrder {index:4;}">
                    <Coords points="1721,1549 1721,1609 1783,1609 1783,1549"/>
                    <TextEquiv>
                        <Unicode>auch</Unicode>
                    </TextEquiv>
                </Word>
                <Word id="r_11_tl_25_w6" custom="readingOrder {index:5;}">
                    <Coords points="1811,1548 1811,1608 1858,1608 1858,1548"/>
                    <TextEquiv>
                        <Unicode>der</Unicode>
                    </TextEquiv>
                </Word>
                <Word id="r_11_tl_25_w7" custom="readingOrder {index:6;}">
                    <Coords points="1885,1549 1885,1609 1974,1609 1974,1549"/>
                    <TextEquiv>
                        <Unicode>Heil.</Unicode>
                    </TextEquiv>
                </Word>
                <Word id="r_11_tl_25_w8" custom="readingOrder {index:7;}">
                    <Coords points="1996,1551 1996,1611 2091,1611 2091,1551"/>
                    <TextEquiv>
                        <Unicode>Geist</Unicode>
                    </TextEquiv>
                </Word>
                <Word id="r_11_tl_25_w9" custom="readingOrder {index:8;}">
                    <Coords points="2113,1553 2113,1613 2234,1613 2234,1553"/>
                    <TextEquiv>
                        <Unicode>GOtt,</Unicode>
                    </TextEquiv>
                </Word>
                <Word id="r_11_tl_25_w10" custom="readingOrder {index:9;}">
                    <Coords points="2267,1551 2267,1611 2298,1611 2298,1551"/>
                    <TextEquiv>
                        <Unicode>er</Unicode>
                    </TextEquiv>
                </Word>
                <TextEquiv>
                    <Unicode>stus GOtt ist, heißt auch der Heil. Geist GOtt, er</Unicode>
                </TextEquiv>
            </TextLine>
            <TextLine id="r_11_tl_26" custom="readingOrder {index:25;}">
                <Coords points="1305,1645 2310,1648 2310,1604 2254,1594 1305,1597"/>
                <Baseline points="1319,1636 1364,1633 1409,1636 1453,1633 1498,1636 1543,1636 1588,1633 1633,1633 1677,1636 1722,1633 1767,1636 1812,1636 1857,1633 1901,1636 1946,1636 1991,1636 2036,1636 2080,1636 2125,1639 2170,1639 2215,1639 2260,1639 2304,1639 2316,1639"/>
                <Word id="r_11_tl_26_w1" custom="readingOrder {index:0;}">
                    <Coords points="1304,1595 1304,1655 1343,1655 1343,1595"/>
                    <TextEquiv>
                        <Unicode>ist</Unicode>
                    </TextEquiv>
                </Word>
                <Word id="r_11_tl_26_w2" custom="readingOrder {index:1;}">
                    <Coords points="1368,1595 1368,1655 1442,1655 1442,1595"/>
                    <TextEquiv>
                        <Unicode>auch</Unicode>
                    </TextEquiv>
                </Word>
                <Word id="r_11_tl_26_w3" custom="readingOrder {index:2;}">
                    <Coords points="1472,1596 1472,1656 1535,1656 1535,1596"/>
                    <TextEquiv>
                        <Unicode>eine</Unicode>
                    </TextEquiv>
                </Word>
                <Word id="r_11_tl_26_w4" custom="readingOrder {index:3;}">
                    <Coords points="1555,1593 1555,1653 1707,1653 1707,1593"/>
                    <TextEquiv>
                        <Unicode>Person,</Unicode>
                    </TextEquiv>
                </Word>
                <Word id="r_11_tl_26_w5" custom="readingOrder {index:4;}">
                    <Coords points="1733,1594 1733,1654 1761,1654 1761,1594"/>
                    <TextEquiv>
                        <Unicode>er</Unicode>
                    </TextEquiv>
                </Word>
                <Word id="r_11_tl_26_w6" custom="readingOrder {index:5;}">
                    <Coords points="1787,1595 1787,1655 1861,1655 1861,1595"/>
                    <TextEquiv>
                        <Unicode>geht</Unicode>
                    </TextEquiv>
                </Word>
                <Word id="r_11_tl_26_w7" custom="readingOrder {index:6;}">
                    <Coords points="1881,1596 1881,1656 1934,1656 1934,1596"/>
                    <TextEquiv>
                        <Unicode>von</Unicode>
                    </TextEquiv>
                </Word>
                <Word id="r_11_tl_26_w8" custom="readingOrder {index:7;}">
                    <Coords points="1960,1596 1960,1656 2072,1656 2072,1596"/>
                    <TextEquiv>
                        <Unicode>beyden</Unicode>
                    </TextEquiv>
                </Word>
                <Word id="r_11_tl_26_w9" custom="readingOrder {index:8;}">
                    <Coords points="2102,1599 2102,1659 2180,1659 2180,1599"/>
                    <TextEquiv>
                        <Unicode>aus.</Unicode>
                    </TextEquiv>
                </Word>
                <Word id="r_11_tl_26_w10" custom="readingOrder {index:9;}">
                    <Coords points="2225,1599 2225,1659 2299,1659 2299,1599"/>
                    <TextEquiv>
                        <Unicode>Uns</Unicode>
                    </TextEquiv>
                </Word>
                <TextEquiv>
                    <Unicode>ist auch eine Person, er geht von beyden aus. Uns</Unicode>
                </TextEquiv>
            </TextLine>
            <TextLine id="r_11_tl_27" custom="readingOrder {index:26;}">
                <Coords points="1305,1686 2305,1693 2305,1653 2214,1643 1305,1645"/>
                <Baseline points="1319,1677 1364,1680 1409,1677 1453,1680 1498,1677 1543,1677 1588,1680 1633,1677 1677,1677 1722,1677 1767,1680 1812,1677 1857,1680 1901,1680 1946,1680 1991,1680 2036,1680 2080,1680 2125,1680 2170,1680 2215,1680 2260,1680 2304,1683 2310,1683"/>
                <Word id="r_11_tl_27_w1" custom="readingOrder {index:0;}">
                    <Coords points="1309,1638 1309,1698 1472,1698 1472,1638"/>
                    <TextEquiv>
                        <Unicode>wundert,</Unicode>
                    </TextEquiv>
                </Word>
                <Word id="r_11_tl_27_w2" custom="readingOrder {index:1;}">
                    <Coords points="1487,1637 1487,1697 1539,1697 1539,1637"/>
                    <TextEquiv>
                        <Unicode>daß</Unicode>
                    </TextEquiv>
                </Word>
                <Word id="r_11_tl_27_w3" custom="readingOrder {index:2;}">
                    <Coords points="1568,1638 1568,1698 1650,1698 1650,1638"/>
                    <TextEquiv>
                        <Unicode>Herr</Unicode>
                    </TextEquiv>
                </Word>
                <Word id="r_11_tl_27_w4" custom="readingOrder {index:3;}">
                    <Coords points="1670,1637 1670,1697 1717,1697 1717,1637"/>
                    <TextEquiv>
                        <Unicode>B.</Unicode>
                    </TextEquiv>
                </Word>
                <Word id="r_11_tl_27_w5" custom="readingOrder {index:4;}">
                    <Coords points="1737,1639 1737,1699 1789,1699 1789,1639"/>
                    <TextEquiv>
                        <Unicode>den</Unicode>
                    </TextEquiv>
                </Word>
                <Word id="r_11_tl_27_w6" custom="readingOrder {index:5;}">
                    <Coords points="1819,1640 1819,1700 1972,1700 1972,1640"/>
                    <TextEquiv>
                        <Unicode>Ausgang</Unicode>
                    </TextEquiv>
                </Word>
                <Word id="r_11_tl_27_w7" custom="readingOrder {index:6;}">
                    <Coords points="1997,1640 1997,1700 2044,1700 2044,1640"/>
                    <TextEquiv>
                        <Unicode>des</Unicode>
                    </TextEquiv>
                </Word>
                <Word id="r_11_tl_27_w8" custom="readingOrder {index:7;}">
                    <Coords points="2069,1640 2069,1700 2198,1700 2198,1640"/>
                    <TextEquiv>
                        <Unicode>Geistes</Unicode>
                    </TextEquiv>
                </Word>
                <Word id="r_11_tl_27_w9" custom="readingOrder {index:8;}">
                    <Coords points="2223,1640 2223,1700 2280,1700 2280,1640"/>
                    <TextEquiv>
                        <Unicode>vom</Unicode>
                    </TextEquiv>
                </Word>
                <TextEquiv>
                    <Unicode>wundert, daß Herr B. den Ausgang des Geistes vom</Unicode>
                </TextEquiv>
            </TextLine>
            <TextLine id="r_11_tl_28" custom="readingOrder {index:27;}">
                <Coords points="1307,1731 2308,1739 2308,1691 2216,1683 1307,1688"/>
                <Baseline points="1322,1722 1367,1719 1412,1719 1456,1719 1501,1722 1546,1722 1591,1719 1636,1722 1680,1719 1725,1719 1770,1722 1815,1722 1859,1722 1904,1722 1949,1722 1994,1722 2039,1722 2083,1722 2128,1725 2173,1725 2218,1725 2263,1725 2307,1728 2313,1725"/>
                <Word id="r_11_tl_28_w1" custom="readingOrder {index:0;}">
                    <Coords points="1311,1679 1311,1739 1411,1739 1411,1679"/>
                    <TextEquiv>
                        <Unicode>Sohn</Unicode>
                    </TextEquiv>
                </Word>
                <Word id="r_11_tl_28_w2" custom="readingOrder {index:1;}">
                    <Coords points="1440,1682 1440,1742 1579,1742 1579,1682"/>
                    <TextEquiv>
                        <Unicode>gläubt,</Unicode>
                    </TextEquiv>
                </Word>
                <Word id="r_11_tl_28_w3" custom="readingOrder {index:2;}">
                    <Coords points="1605,1681 1605,1741 1638,1741 1638,1681"/>
                    <TextEquiv>
                        <Unicode>da</Unicode>
                    </TextEquiv>
                </Word>
                <Word id="r_11_tl_28_w4" custom="readingOrder {index:3;}">
                    <Coords points="1662,1679 1662,1739 1690,1739 1690,1679"/>
                    <TextEquiv>
                        <Unicode>es</Unicode>
                    </TextEquiv>
                </Word>
                <Word id="r_11_tl_28_w5" custom="readingOrder {index:4;}">
                    <Coords points="1720,1680 1720,1740 1782,1740 1782,1680"/>
                    <TextEquiv>
                        <Unicode>doch</Unicode>
                    </TextEquiv>
                </Word>
                <Word id="r_11_tl_28_w6" custom="readingOrder {index:5;}">
                    <Coords points="1811,1682 1811,1742 1907,1742 1907,1682"/>
                    <TextEquiv>
                        <Unicode>wider</Unicode>
                    </TextEquiv>
                </Word>
                <Word id="r_11_tl_28_w7" custom="readingOrder {index:6;}">
                    <Coords points="1932,1682 1932,1742 2028,1742 2028,1682"/>
                    <TextEquiv>
                        <Unicode>seinen</Unicode>
                    </TextEquiv>
                </Word>
                <Word id="r_11_tl_28_w8" custom="readingOrder {index:7;}">
                    <Coords points="2067,1683 2067,1743 2153,1743 2153,1683"/>
                    <TextEquiv>
                        <Unicode>Satz</Unicode>
                    </TextEquiv>
                </Word>
                <Word id="r_11_tl_28_w9" custom="readingOrder {index:8;}">
                    <Coords points="2178,1685 2178,1745 2240,1745 2240,1685"/>
                    <TextEquiv>
                        <Unicode>ist,</Unicode>
                    </TextEquiv>
                </Word>
                <Word id="r_11_tl_28_w10" custom="readingOrder {index:9;}">
                    <Coords points="2264,1686 2264,1746 2307,1746 2307,1686"/>
                    <TextEquiv>
                        <Unicode>ete</Unicode>
                    </TextEquiv>
                </Word>
                <TextEquiv>
                    <Unicode>Sohn gläubt, da es doch wider seinen Satz ist, ete</Unicode>
                </TextEquiv>
            </TextLine>
            <TextLine id="r_11_tl_29" custom="readingOrder {index:28;}">
                <Coords points="284,1792 2313,1790 2313,1739 2259,1731 284,1747"/>
                <Baseline points="298,1782 310,1782 355,1782 400,1782 444,1779 489,1779 534,1779 579,1776 623,1776 668,1773 713,1773 758,1773 803,1770 847,1767 892,1767 937,1770 982,1770 1027,1770 1071,1767 1116,1767 1161,1767 1206,1764 1250,1761 1295,1761 1319,1761 1364,1764 1409,1761 1453,1764 1498,1764 1543,1761 1588,1764 1633,1761 1677,1761 1722,1764 1767,1764 1812,1764 1857,1764 1901,1767 1946,1767 1991,1767 2036,1767 2080,1767 2125,1770 2170,1770 2215,1773 2260,1773 2304,1773 2319,1773"/>
                <Word id="r_11_tl_29_w1" custom="readingOrder {index:0;}">
                    <Coords points="290,1742 290,1802 341,1802 341,1742"/>
                    <TextEquiv>
                        <Unicode>den</Unicode>
                    </TextEquiv>
                </Word>
                <Word id="r_11_tl_29_w2" custom="readingOrder {index:1;}">
                    <Coords points="370,1741 370,1801 448,1801 448,1741"/>
                    <TextEquiv>
                        <Unicode>alten</Unicode>
                    </TextEquiv>
                </Word>
                <Word id="r_11_tl_29_w3" custom="readingOrder {index:2;}">
                    <Coords points="477,1737 477,1797 646,1797 646,1737"/>
                    <TextEquiv>
                        <Unicode>Drachen,</Unicode>
                    </TextEquiv>
                </Word>
                <Word id="r_11_tl_29_w4" custom="readingOrder {index:3;}">
                    <Coords points="670,1733 670,1793 714,1793 714,1733"/>
                    <TextEquiv>
                        <Unicode>die</Unicode>
                    </TextEquiv>
                </Word>
                <Word id="r_11_tl_29_w5" custom="readingOrder {index:4;}">
                    <Coords points="738,1732 738,1792 799,1792 799,1732"/>
                    <TextEquiv>
                        <Unicode>alte</Unicode>
                    </TextEquiv>
                </Word>
                <Word id="r_11_tl_29_w6" custom="readingOrder {index:5;}">
                    <Coords points="817,1727 817,1787 986,1787 986,1727"/>
                    <TextEquiv>
                        <Unicode>Schlange</Unicode>
                    </TextEquiv>
                </Word>
                <Word id="r_11_tl_29_w7" custom="readingOrder {index:6;}">
                    <Coords points="1009,1729 1009,1789 1065,1789 1065,1729"/>
                    <TextEquiv>
                        <Unicode>aus</Unicode>
                    </TextEquiv>
                </Word>
                <Word id="r_11_tl_29_w8" custom="readingOrder {index:7;}">
                    <Coords points="1089,1727 1089,1787 1173,1787 1173,1727"/>
                    <TextEquiv>
                        <Unicode>ihrem</Unicode>
                    </TextEquiv>
                </Word>
                <Word id="r_11_tl_29_w9" custom="readingOrder {index:8;}">
                    <Coords points="1213,1721 1213,1781 1280,1781 1280,1721"/>
                    <TextEquiv>
                        <Unicode>Gei</Unicode>
                    </TextEquiv>
                </Word>
                <Word id="r_11_tl_29_w10" custom="readingOrder {index:9;}">
                    <Coords points="1315,1722 1315,1782 1382,1782 1382,1722"/>
                    <TextEquiv>
                        <Unicode>was</Unicode>
                    </TextEquiv>
                </Word>
                <Word id="r_11_tl_29_w11" custom="readingOrder {index:10;}">
                    <Coords points="1417,1724 1417,1784 1495,1784 1495,1724"/>
                    <TextEquiv>
                        <Unicode>ohne</Unicode>
                    </TextEquiv>
                </Word>
                <Word id="r_11_tl_29_w12" custom="readingOrder {index:11;}">
                    <Coords points="1524,1721 1524,1781 1756,1781 1756,1721"/>
                    <TextEquiv>
                        <Unicode>ausdrückliche</Unicode>
                    </TextEquiv>
                </Word>
                <Word id="r_11_tl_29_w13" custom="readingOrder {index:12;}">
                    <Coords points="1785,1724 1785,1784 1897,1784 1897,1724"/>
                    <TextEquiv>
                        <Unicode>Worte</Unicode>
                    </TextEquiv>
                </Word>
                <Word id="r_11_tl_29_w14" custom="readingOrder {index:13;}">
                    <Coords points="1938,1727 1938,1787 1988,1787 1988,1727"/>
                    <TextEquiv>
                        <Unicode>der</Unicode>
                    </TextEquiv>
                </Word>
                <Word id="r_11_tl_29_w15" custom="readingOrder {index:14;}">
                    <Coords points="2017,1727 2017,1787 2152,1787 2152,1727"/>
                    <TextEquiv>
                        <Unicode>Schrift</Unicode>
                    </TextEquiv>
                </Word>
                <Word id="r_11_tl_29_w16" custom="readingOrder {index:15;}">
                    <Coords points="2187,1732 2187,1792 2220,1792 2220,1732"/>
                    <TextEquiv>
                        <Unicode>zu</Unicode>
                    </TextEquiv>
                </Word>
                <Word id="r_11_tl_29_w17" custom="readingOrder {index:16;}">
                    <Coords points="2255,1733 2255,1793 2305,1793 2305,1733"/>
                    <TextEquiv>
                        <Unicode>bee</Unicode>
                    </TextEquiv>
                </Word>
                <TextEquiv>
                    <Unicode>den alten Drachen, die alte Schlange aus ihrem Gei was ohne ausdrückliche Worte der Schrift zu bee</Unicode>
                </TextEquiv>
            </TextLine>
            <TextLine id="r_11_tl_30" custom="readingOrder {index:29;}">
                <Coords points="1310,1828 2310,1841 2310,1790 1307,1775"/>
                <Baseline points="1325,1809 1370,1809 1415,1809 1459,1812 1504,1809 1531,1809 1552,1809 1597,1809 1642,1812 1686,1812 1731,1812 1776,1809 1821,1812 1865,1812 1910,1812 1955,1812 2000,1812 2045,1815 2089,1818 2134,1818 2179,1821 2224,1821 2269,1824 2313,1821"/>
                <Word id="r_11_tl_30_w1" custom="readingOrder {index:0;}">
                    <Coords points="1314,1769 1314,1829 1472,1829 1472,1769"/>
                    <TextEquiv>
                        <Unicode>haupten.</Unicode>
                    </TextEquiv>
                </Word>
                <Word id="r_11_tl_30_w2" custom="readingOrder {index:1;}">
                    <Coords points="1542,1769 1542,1829 1627,1829 1627,1769"/>
                    <TextEquiv>
                        <Unicode>Das</Unicode>
                    </TextEquiv>
                </Word>
                <Word id="r_11_tl_30_w3" custom="readingOrder {index:2;}">
                    <Coords points="1656,1769 1656,1829 1890,1829 1890,1769"/>
                    <TextEquiv>
                        <Unicode>ausdrückliche</Unicode>
                    </TextEquiv>
                </Word>
                <Word id="r_11_tl_30_w4" custom="readingOrder {index:3;}">
                    <Coords points="1919,1772 1919,1832 2038,1832 2038,1772"/>
                    <TextEquiv>
                        <Unicode>Wort:</Unicode>
                    </TextEquiv>
                </Word>
                <Word id="r_11_tl_30_w5" custom="readingOrder {index:4;}">
                    <Coords points="2067,1777 2067,1837 2095,1837 2095,1777"/>
                    <TextEquiv>
                        <Unicode>er</Unicode>
                    </TextEquiv>
                </Word>
                <Word id="r_11_tl_30_w6" custom="readingOrder {index:5;}">
                    <Coords points="2125,1779 2125,1839 2198,1839 2198,1779"/>
                    <TextEquiv>
                        <Unicode>geht</Unicode>
                    </TextEquiv>
                </Word>
                <Word id="r_11_tl_30_w7" custom="readingOrder {index:6;}">
                    <Coords points="2228,1782 2228,1842 2278,1842 2278,1782"/>
                    <TextEquiv>
                        <Unicode>vom</Unicode>
                    </TextEquiv>
                </Word>
                <TextEquiv>
                    <Unicode>haupten. Das ausdrückliche Wort: er geht vom</Unicode>
                </TextEquiv>
            </TextLine>
            <TextLine id="r_11_tl_31" custom="readingOrder {index:30;}">
                <Coords points="1318,1869 2308,1881 2282,1830 1318,1828"/>
                <Baseline points="1331,1857 1376,1859 1421,1859 1465,1862 1510,1862 1555,1859 1600,1862 1645,1859 1689,1859 1734,1862 1779,1862 1824,1862 1868,1862 1913,1862 1958,1862 2003,1862 2048,1862 2092,1865 2137,1865 2182,1865 2227,1871 2271,1871 2313,1874"/>
                <Word id="r_11_tl_31_w1" custom="readingOrder {index:0;}">
                    <Coords points="1324,1818 1324,1878 1420,1878 1420,1818"/>
                    <TextEquiv>
                        <Unicode>Sohn</Unicode>
                    </TextEquiv>
                </Word>
                <Word id="r_11_tl_31_w2" custom="readingOrder {index:1;}">
                    <Coords points="1449,1822 1449,1882 1533,1882 1533,1822"/>
                    <TextEquiv>
                        <Unicode>aus,</Unicode>
                    </TextEquiv>
                </Word>
                <Word id="r_11_tl_31_w3" custom="readingOrder {index:2;}">
                    <Coords points="1557,1821 1557,1881 1636,1881 1636,1821"/>
                    <TextEquiv>
                        <Unicode>wird</Unicode>
                    </TextEquiv>
                </Word>
                <Word id="r_11_tl_31_w4" custom="readingOrder {index:3;}">
                    <Coords points="1665,1819 1665,1879 1732,1879 1732,1819"/>
                    <TextEquiv>
                        <Unicode>aber</Unicode>
                    </TextEquiv>
                </Word>
                <Word id="r_11_tl_31_w5" custom="readingOrder {index:4;}">
                    <Coords points="1756,1822 1756,1882 1840,1882 1840,1822"/>
                    <TextEquiv>
                        <Unicode>nicht</Unicode>
                    </TextEquiv>
                </Word>
                <Word id="r_11_tl_31_w6" custom="readingOrder {index:5;}">
                    <Coords points="1857,1822 1857,1882 1879,1882 1879,1822"/>
                    <TextEquiv>
                        <Unicode>in</Unicode>
                    </TextEquiv>
                </Word>
                <Word id="r_11_tl_31_w7" custom="readingOrder {index:6;}">
                    <Coords points="1914,1822 1914,1882 1959,1882 1959,1822"/>
                    <TextEquiv>
                        <Unicode>der</Unicode>
                    </TextEquiv>
                </Word>
                <Word id="r_11_tl_31_w8" custom="readingOrder {index:7;}">
                    <Coords points="1982,1822 1982,1882 2112,1882 2112,1822"/>
                    <TextEquiv>
                        <Unicode>Schrift</Unicode>
                    </TextEquiv>
                </Word>
                <Word id="r_11_tl_31_w9" custom="readingOrder {index:8;}">
                    <Coords points="2130,1829 2130,1889 2305,1889 2305,1829"/>
                    <TextEquiv>
                        <Unicode>gefunden.</Unicode>
                    </TextEquiv>
                </Word>
                <TextEquiv>
                    <Unicode>Sohn aus, wird aber nicht in der Schrift gefunden.</Unicode>
                </TextEquiv>
            </TextLine>
            <TextLine id="r_11_tl_32" custom="readingOrder {index:31;}">
                <Coords points="1310,1919 2303,1932 2303,1879 1310,1871"/>
                <Baseline points="1325,1907 1370,1907 1415,1907 1459,1907 1504,1910 1549,1910 1594,1910 1639,1910 1683,1910 1728,1907 1773,1910 1818,1913 1862,1910 1907,1913 1952,1910 1997,1913 2042,1913 2086,1916 2131,1916 2176,1916 2221,1916 2266,1916 2310,1919 2313,1916"/>
                <Word id="r_11_tl_32_w1" custom="readingOrder {index:0;}">
                    <Coords points="1317,1867 1317,1927 1444,1927 1444,1867"/>
                    <TextEquiv>
                        <Unicode>Mithin</Unicode>
                    </TextEquiv>
                </Word>
                <Word id="r_11_tl_32_w2" custom="readingOrder {index:1;}">
                    <Coords points="1474,1870 1474,1930 1561,1930 1561,1870"/>
                    <TextEquiv>
                        <Unicode>giebt</Unicode>
                    </TextEquiv>
                </Word>
                <Word id="r_11_tl_32_w3" custom="readingOrder {index:2;}">
                    <Coords points="1584,1870 1584,1930 1613,1930 1613,1870"/>
                    <TextEquiv>
                        <Unicode>es</Unicode>
                    </TextEquiv>
                </Word>
                <Word id="r_11_tl_32_w4" custom="readingOrder {index:3;}">
                    <Coords points="1637,1870 1637,1930 1706,1930 1706,1870"/>
                    <TextEquiv>
                        <Unicode>doch</Unicode>
                    </TextEquiv>
                </Word>
                <Word id="r_11_tl_32_w5" custom="readingOrder {index:4;}">
                    <Coords points="1730,1871 1730,1931 1962,1931 1962,1871"/>
                    <TextEquiv>
                        <Unicode>Wahrheiten,</Unicode>
                    </TextEquiv>
                </Word>
                <Word id="r_11_tl_32_w6" custom="readingOrder {index:5;}">
                    <Coords points="1986,1873 1986,1933 2038,1933 2038,1873"/>
                    <TextEquiv>
                        <Unicode>die</Unicode>
                    </TextEquiv>
                </Word>
                <Word id="r_11_tl_32_w7" custom="readingOrder {index:6;}">
                    <Coords points="2056,1875 2056,1935 2114,1935 2114,1875"/>
                    <TextEquiv>
                        <Unicode>aus</Unicode>
                    </TextEquiv>
                </Word>
                <Word id="r_11_tl_32_w8" custom="readingOrder {index:7;}">
                    <Coords points="2138,1876 2138,1936 2305,1936 2305,1876"/>
                    <TextEquiv>
                        <Unicode>gleichgül¬</Unicode>
                    </TextEquiv>
                </Word>
                <TextEquiv>
                    <Unicode>Mithin giebt es doch Wahrheiten, die aus gleichgül¬</Unicode>
                </TextEquiv>
            </TextLine>
            <TextLine id="r_11_tl_33" custom="readingOrder {index:32;}">
                <Coords points="1310,1965 2305,1980 2303,1935 2178,1924 1310,1917"/>
                <Baseline points="1325,1958 1370,1958 1415,1958 1459,1958 1504,1958 1549,1961 1594,1961 1639,1961 1683,1961 1728,1961 1773,1961 1818,1964 1862,1961 1907,1961 1952,1961 1997,1961 2042,1964 2086,1964 2131,1964 2176,1964 2221,1964 2266,1964 2310,1967"/>
                <Word id="r_11_tl_33_w1" custom="readingOrder {index:0;}">
                    <Coords points="1316,1918 1316,1978 1391,1978 1391,1918"/>
                    <TextEquiv>
                        <Unicode>tigen</Unicode>
                    </TextEquiv>
                </Word>
                <Word id="r_11_tl_33_w2" custom="readingOrder {index:1;}">
                    <Coords points="1424,1920 1424,1980 1646,1980 1646,1920"/>
                    <TextEquiv>
                        <Unicode>Redensarten</Unicode>
                    </TextEquiv>
                </Word>
                <Word id="r_11_tl_33_w3" custom="readingOrder {index:2;}">
                    <Coords points="1685,1921 1685,1981 1728,1981 1728,1921"/>
                    <TextEquiv>
                        <Unicode>als</Unicode>
                    </TextEquiv>
                </Word>
                <Word id="r_11_tl_33_w4" custom="readingOrder {index:3;}">
                    <Coords points="1755,1922 1755,1982 1928,1982 1928,1922"/>
                    <TextEquiv>
                        <Unicode>Folgsätzen</Unicode>
                    </TextEquiv>
                </Word>
                <Word id="r_11_tl_33_w5" custom="readingOrder {index:4;}">
                    <Coords points="1962,1924 1962,1984 2135,1984 2135,1924"/>
                    <TextEquiv>
                        <Unicode>geschlossen</Unicode>
                    </TextEquiv>
                </Word>
                <Word id="r_11_tl_33_w6" custom="readingOrder {index:5;}">
                    <Coords points="2173,1924 2173,1984 2292,1984 2292,1924"/>
                    <TextEquiv>
                        <Unicode>werden</Unicode>
                    </TextEquiv>
                </Word>
                <TextEquiv>
                    <Unicode>tigen Redensarten als Folgsätzen geschlossen werden</Unicode>
                </TextEquiv>
            </TextLine>
            <TextLine id="r_11_tl_34" custom="readingOrder {index:33;}">
                <Coords points="1307,2016 2308,2031 2308,1978 2277,1973 1485,1990 1307,1962"/>
                <Baseline points="1322,2009 1367,2006 1412,2006 1456,2009 1501,2006 1546,2006 1591,2006 1636,2009 1680,2006 1725,2009 1770,2009 1815,2012 1859,2012 1904,2012 1949,2009 1994,2009 2039,2009 2083,2012 2128,2012 2173,2015 2218,2012 2263,2015 2307,2015 2313,2018"/>
                <Word id="r_11_tl_34_w1" custom="readingOrder {index:0;}">
                    <Coords points="1312,1966 1312,2026 1462,2026 1462,1966"/>
                    <TextEquiv>
                        <Unicode>müßten.</Unicode>
                    </TextEquiv>
                </Word>
                <Word id="r_11_tl_34_w2" custom="readingOrder {index:1;}">
                    <Coords points="1509,1966 1509,2026 1669,2026 1669,1966"/>
                    <TextEquiv>
                        <Unicode>Schade,</Unicode>
                    </TextEquiv>
                </Word>
                <Word id="r_11_tl_34_w3" custom="readingOrder {index:2;}">
                    <Coords points="1696,1968 1696,2028 1747,2028 1747,1968"/>
                    <TextEquiv>
                        <Unicode>daß</Unicode>
                    </TextEquiv>
                </Word>
                <Word id="r_11_tl_34_w4" custom="readingOrder {index:3;}">
                    <Coords points="1784,1971 1784,2031 1835,2031 1835,1971"/>
                    <TextEquiv>
                        <Unicode>der</Unicode>
                    </TextEquiv>
                </Word>
                <Word id="r_11_tl_34_w5" custom="readingOrder {index:4;}">
                    <Coords points="1856,1972 1856,2032 1939,2032 1939,1972"/>
                    <TextEquiv>
                        <Unicode>Herr</Unicode>
                    </TextEquiv>
                </Word>
                <Word id="r_11_tl_34_w6" custom="readingOrder {index:5;}">
                    <Coords points="1970,1969 1970,2029 2021,2029 2021,1969"/>
                    <TextEquiv>
                        <Unicode>B.</Unicode>
                    </TextEquiv>
                </Word>
                <Word id="r_11_tl_34_w7" custom="readingOrder {index:6;}">
                    <Coords points="2048,1971 2048,2031 2099,2031 2099,1971"/>
                    <TextEquiv>
                        <Unicode>den</Unicode>
                    </TextEquiv>
                </Word>
                <Word id="r_11_tl_34_w8" custom="readingOrder {index:7;}">
                    <Coords points="2136,1972 2136,2032 2291,2032 2291,1972"/>
                    <TextEquiv>
                        <Unicode>Ausgang</Unicode>
                    </TextEquiv>
                </Word>
                <TextEquiv>
                    <Unicode>müßten. Schade, daß der Herr B. den Ausgang</Unicode>
                </TextEquiv>
            </TextLine>
            <TextLine id="r_11_tl_35" custom="readingOrder {index:34;}">
                <Coords points="1310,2069 2275,2079 2300,2034 1307,2016"/>
                <Baseline points="1325,2057 1370,2054 1415,2054 1459,2054 1504,2054 1549,2054 1594,2054 1639,2054 1683,2054 1728,2057 1773,2057 1818,2057 1862,2057 1907,2057 1952,2057 1997,2060 2042,2060 2086,2060 2131,2060 2176,2060 2221,2060 2266,2060 2307,2060"/>
                <Word id="r_11_tl_35_w1" custom="readingOrder {index:0;}">
                    <Coords points="1312,2016 1312,2076 1365,2076 1365,2016"/>
                    <TextEquiv>
                        <Unicode>des</Unicode>
                    </TextEquiv>
                </Word>
                <Word id="r_11_tl_35_w2" custom="readingOrder {index:1;}">
                    <Coords points="1392,2014 1392,2074 1481,2074 1481,2014"/>
                    <TextEquiv>
                        <Unicode>Heil.</Unicode>
                    </TextEquiv>
                </Word>
                <Word id="r_11_tl_35_w3" custom="readingOrder {index:2;}">
                    <Coords points="1503,2014 1503,2074 1624,2074 1624,2014"/>
                    <TextEquiv>
                        <Unicode>Geistes</Unicode>
                    </TextEquiv>
                </Word>
                <Word id="r_11_tl_35_w4" custom="readingOrder {index:3;}">
                    <Coords points="1652,2014 1652,2074 1704,2074 1704,2014"/>
                    <TextEquiv>
                        <Unicode>vom</Unicode>
                    </TextEquiv>
                </Word>
                <Word id="r_11_tl_35_w5" custom="readingOrder {index:4;}">
                    <Coords points="1747,2017 1747,2077 1847,2077 1847,2017"/>
                    <TextEquiv>
                        <Unicode>Sohn</Unicode>
                    </TextEquiv>
                </Word>
                <Word id="r_11_tl_35_w6" custom="readingOrder {index:5;}">
                    <Coords points="1874,2017 1874,2077 1953,2077 1953,2017"/>
                    <TextEquiv>
                        <Unicode>nicht</Unicode>
                    </TextEquiv>
                </Word>
                <Word id="r_11_tl_35_w7" custom="readingOrder {index:6;}">
                    <Coords points="1975,2020 1975,2080 2128,2080 2128,2020"/>
                    <TextEquiv>
                        <Unicode>läugnet:</Unicode>
                    </TextEquiv>
                </Word>
                <Word id="r_11_tl_35_w8" custom="readingOrder {index:7;}">
                    <Coords points="2160,2020 2160,2080 2186,2080 2186,2020"/>
                    <TextEquiv>
                        <Unicode>so</Unicode>
                    </TextEquiv>
                </Word>
                <Word id="r_11_tl_35_w9" custom="readingOrder {index:8;}">
                    <Coords points="2213,2020 2213,2080 2298,2080 2298,2020"/>
                    <TextEquiv>
                        <Unicode>wäre</Unicode>
                    </TextEquiv>
                </Word>
                <TextEquiv>
                    <Unicode>des Heil. Geistes vom Sohn nicht läugnet: so wäre</Unicode>
                </TextEquiv>
            </TextLine>
            <TextLine id="r_11_tl_36" custom="readingOrder {index:35;}">
                <Coords points="1315,2112 2310,2120 2310,2069 1315,2064"/>
                <Baseline points="1328,2101 1373,2101 1418,2101 1462,2098 1507,2101 1552,2101 1597,2101 1642,2101 1686,2104 1731,2104 1776,2107 1821,2104 1865,2107 1910,2107 1955,2107 2000,2104 2045,2107 2089,2107 2134,2104 2179,2107 2224,2107 2269,2110 2313,2110 2316,2110"/>
                <Word id="r_11_tl_36_w1" custom="readingOrder {index:0;}">
                    <Coords points="1319,2061 1319,2121 1382,2121 1382,2061"/>
                    <TextEquiv>
                        <Unicode>doch</Unicode>
                    </TextEquiv>
                </Word>
                <Word id="r_11_tl_36_w2" custom="readingOrder {index:1;}">
                    <Coords points="1408,2060 1408,2120 1432,2120 1432,2060"/>
                    <TextEquiv>
                        <Unicode>in</Unicode>
                    </TextEquiv>
                </Word>
                <Word id="r_11_tl_36_w3" custom="readingOrder {index:2;}">
                    <Coords points="1471,2061 1471,2121 1570,2121 1570,2061"/>
                    <TextEquiv>
                        <Unicode>seiner</Unicode>
                    </TextEquiv>
                </Word>
                <Word id="r_11_tl_36_w4" custom="readingOrder {index:3;}">
                    <Coords points="1595,2061 1595,2121 1693,2121 1693,2061"/>
                    <TextEquiv>
                        <Unicode>neuen</Unicode>
                    </TextEquiv>
                </Word>
                <Word id="r_11_tl_36_w5" custom="readingOrder {index:4;}">
                    <Coords points="1723,2065 1723,2125 1870,2125 1870,2065"/>
                    <TextEquiv>
                        <Unicode>Religion</Unicode>
                    </TextEquiv>
                </Word>
                <Word id="r_11_tl_36_w6" custom="readingOrder {index:5;}">
                    <Coords points="1905,2067 1905,2127 1973,2127 1973,2067"/>
                    <TextEquiv>
                        <Unicode>auch</Unicode>
                    </TextEquiv>
                </Word>
                <Word id="r_11_tl_36_w7" custom="readingOrder {index:6;}">
                    <Coords points="2009,2066 2009,2126 2053,2126 2053,2066"/>
                    <TextEquiv>
                        <Unicode>ein</Unicode>
                    </TextEquiv>
                </Word>
                <Word id="r_11_tl_36_w8" custom="readingOrder {index:7;}">
                    <Coords points="2088,2065 2088,2125 2210,2125 2210,2065"/>
                    <TextEquiv>
                        <Unicode>Brocke</Unicode>
                    </TextEquiv>
                </Word>
                <Word id="r_11_tl_36_w9" custom="readingOrder {index:8;}">
                    <Coords points="2240,2069 2240,2129 2294,2129 2294,2069"/>
                    <TextEquiv>
                        <Unicode>von</Unicode>
                    </TextEquiv>
                </Word>
                <TextEquiv>
                    <Unicode>doch in seiner neuen Religion auch ein Brocke von</Unicode>
                </TextEquiv>
            </TextLine>
            <TextLine id="r_11_tl_37" custom="readingOrder {index:36;}">
                <Coords points="1310,2163 1704,2168 1739,2148 1764,2155 1764,2122 1701,2112 1427,2112 1394,2130 1366,2110 1310,2112"/>
                <Baseline points="1325,2149 1367,2149 1412,2149 1456,2149 1501,2149 1546,2146 1591,2149 1636,2146 1680,2149 1725,2149 1770,2146"/>
                <Word id="r_11_tl_37_w1" custom="readingOrder {index:0;}">
                    <Coords points="1315,2109 1315,2169 1367,2169 1367,2109"/>
                    <TextEquiv>
                        <Unicode>der</Unicode>
                    </TextEquiv>
                </Word>
                <Word id="r_11_tl_37_w2" custom="readingOrder {index:1;}">
                    <Coords points="1389,2109 1389,2169 1588,2169 1588,2109"/>
                    <TextEquiv>
                        <Unicode>griechischen</Unicode>
                    </TextEquiv>
                </Word>
                <Word id="r_11_tl_37_w3" custom="readingOrder {index:2;}">
                    <Coords points="1615,2108 1615,2168 1720,2168 1720,2108"/>
                    <TextEquiv>
                        <Unicode>Kirche</Unicode>
                    </TextEquiv>
                </Word>
                <TextEquiv>
                    <Unicode>der griechischen Kirche</Unicode>
                </TextEquiv>
            </TextLine>
            <TextLine id="r_11_tl_38" custom="readingOrder {index:37;}">
                <Coords points="1810,2158 1947,2176 1970,2163 2298,2178 2295,2122 1810,2122"/>
                <Baseline points="1824,2152 1868,2152 1913,2152 1958,2155 2003,2155 2048,2155 2092,2155 2137,2158 2182,2158 2227,2161 2271,2161 2304,2161"/>
                <Word id="r_11_tl_38_w1" custom="readingOrder {index:0;}">
                    <Coords points="1820,2112 1820,2172 1970,2172 1970,2112"/>
                    <TextEquiv>
                        <Unicode>Christus</Unicode>
                    </TextEquiv>
                </Word>
                <Word id="r_11_tl_38_w2" custom="readingOrder {index:1;}">
                    <Coords points="1991,2115 1991,2175 2104,2175 2104,2115"/>
                    <TextEquiv>
                        <Unicode>erwarb</Unicode>
                    </TextEquiv>
                </Word>
                <Word id="r_11_tl_38_w3" custom="readingOrder {index:2;}">
                    <Coords points="2126,2118 2126,2178 2182,2178 2182,2118"/>
                    <TextEquiv>
                        <Unicode>uns</Unicode>
                    </TextEquiv>
                </Word>
                <Word id="r_11_tl_38_w4" custom="readingOrder {index:3;}">
                    <Coords points="2208,2121 2208,2181 2291,2181 2291,2121"/>
                    <TextEquiv>
                        <Unicode>durch</Unicode>
                    </TextEquiv>
                </Word>
                <TextEquiv>
                    <Unicode>Christus erwarb uns durch</Unicode>
                </TextEquiv>
            </TextLine>
            <TextLine id="r_11_tl_39" custom="readingOrder {index:38;}">
                <Coords points="1320,2209 2308,2219 2308,2176 2242,2171 1320,2160"/>
                <Baseline points="1334,2197 1379,2197 1424,2197 1468,2197 1513,2194 1558,2194 1603,2194 1648,2194 1692,2194 1737,2197 1782,2197 1827,2197 1871,2200 1916,2200 1961,2200 2006,2200 2051,2203 2095,2206 2140,2206 2185,2209 2230,2206 2274,2209 2313,2209"/>
                <Word id="r_11_tl_39_w1" custom="readingOrder {index:0;}">
                    <Coords points="1320,2157 1320,2217 1396,2217 1396,2157"/>
                    <TextEquiv>
                        <Unicode>seine</Unicode>
                    </TextEquiv>
                </Word>
                <Word id="r_11_tl_39_w2" custom="readingOrder {index:1;}">
                    <Coords points="1433,2154 1433,2214 1691,2214 1691,2154"/>
                    <TextEquiv>
                        <Unicode>angenommene</Unicode>
                    </TextEquiv>
                </Word>
                <Word id="r_11_tl_39_w3" custom="readingOrder {index:2;}">
                    <Coords points="1718,2157 1718,2217 1924,2217 1924,2157"/>
                    <TextEquiv>
                        <Unicode>Menschheit</Unicode>
                    </TextEquiv>
                </Word>
                <Word id="r_11_tl_39_w4" custom="readingOrder {index:3;}">
                    <Coords points="1956,2160 1956,2220 2017,2220 2017,2160"/>
                    <TextEquiv>
                        <Unicode>und</Unicode>
                    </TextEquiv>
                </Word>
                <Word id="r_11_tl_39_w5" custom="readingOrder {index:4;}">
                    <Coords points="2048,2168 2048,2228 2296,2228 2296,2168"/>
                    <TextEquiv>
                        <Unicode>ausgestandene</Unicode>
                    </TextEquiv>
                </Word>
                <TextEquiv>
                    <Unicode>seine angenommene Menschheit und ausgestandene</Unicode>
                </TextEquiv>
            </TextLine>
            <TextLine id="r_11_tl_40" custom="readingOrder {index:39;}">
                <Coords points="1310,2257 2122,2272 2122,2221 2046,2209 1310,2211"/>
                <Baseline points="1325,2245 1370,2245 1415,2245 1459,2242 1504,2242 1549,2242 1594,2242 1639,2242 1683,2242 1728,2239 1773,2242 1818,2242 1862,2245 1907,2248 1952,2245 1997,2248 2042,2248 2086,2251 2128,2251"/>
                <Word id="r_11_tl_40_w1" custom="readingOrder {index:0;}">
                    <Coords points="1316,2205 1316,2265 1418,2265 1418,2205"/>
                    <TextEquiv>
                        <Unicode>Leiden</Unicode>
                    </TextEquiv>
                </Word>
                <Word id="r_11_tl_40_w2" custom="readingOrder {index:1;}">
                    <Coords points="1457,2202 1457,2262 1500,2262 1500,2202"/>
                    <TextEquiv>
                        <Unicode>die</Unicode>
                    </TextEquiv>
                </Word>
                <Word id="r_11_tl_40_w3" custom="readingOrder {index:2;}">
                    <Coords points="1522,2202 1522,2262 1783,2262 1783,2202"/>
                    <TextEquiv>
                        <Unicode>Unsterblichkeit</Unicode>
                    </TextEquiv>
                </Word>
                <Word id="r_11_tl_40_w4" custom="readingOrder {index:3;}">
                    <Coords points="1805,2202 1805,2262 1859,2262 1859,2202"/>
                    <TextEquiv>
                        <Unicode>und</Unicode>
                    </TextEquiv>
                </Word>
                <Word id="r_11_tl_40_w5" custom="readingOrder {index:4;}">
                    <Coords points="1887,2208 1887,2268 2119,2268 2119,2208"/>
                    <TextEquiv>
                        <Unicode>Auferstehung</Unicode>
                    </TextEquiv>
                </Word>
                <TextEquiv>
                    <Unicode>Leiden die Unsterblichkeit und Auferstehung</Unicode>
                </TextEquiv>
            </TextLine>
            <TextLine id="r_11_tl_41" custom="readingOrder {index:40;}">
                <Coords points="2196,2265 2216,2257 2237,2267 2252,2265 2265,2275 2285,2265 2303,2265 2303,2221 2290,2221 2277,2229 2272,2224 2262,2226 2247,2216 2244,2219 2221,2216 2211,2226 2196,2229"/>
                <Baseline points="2209,2254 2254,2254 2298,2257 2310,2257"/>
                <Word id="r_11_tl_41_w1" custom="readingOrder {index:0;}">
                    <Coords points="2207,2214 2207,2274 2296,2274 2296,2214"/>
                    <TextEquiv>
                        <Unicode>Das</Unicode>
                    </TextEquiv>
                </Word>
                <TextEquiv>
                    <Unicode>Das</Unicode>
                </TextEquiv>
            </TextLine>
            <TextLine id="r_11_tl_42" custom="readingOrder {index:41;}">
                <Coords points="1318,2303 2305,2313 2305,2267 2216,2259 1318,2257"/>
                <Baseline points="1331,2292 1376,2292 1421,2289 1465,2289 1510,2289 1555,2286 1600,2286 1645,2286 1689,2286 1734,2289 1779,2289 1824,2289 1868,2289 1913,2292 1958,2292 2003,2292 2048,2295 2092,2295 2137,2298 2182,2298 2227,2298 2271,2301 2310,2301"/>
                <Word id="r_11_tl_42_w1" custom="readingOrder {index:0;}">
                    <Coords points="1318,2250 1318,2310 1480,2310 1480,2250"/>
                    <TextEquiv>
                        <Unicode>Ebenbild</Unicode>
                    </TextEquiv>
                </Word>
                <Word id="r_11_tl_42_w2" custom="readingOrder {index:1;}">
                    <Coords points="1518,2246 1518,2306 1653,2306 1653,2246"/>
                    <TextEquiv>
                        <Unicode>GOttes</Unicode>
                    </TextEquiv>
                </Word>
                <Word id="r_11_tl_42_w3" custom="readingOrder {index:2;}">
                    <Coords points="1697,2249 1697,2309 1821,2309 1821,2249"/>
                    <TextEquiv>
                        <Unicode>bestand</Unicode>
                    </TextEquiv>
                </Word>
                <Word id="r_11_tl_42_w4" custom="readingOrder {index:3;}">
                    <Coords points="1854,2249 1854,2309 1881,2309 1881,2249"/>
                    <TextEquiv>
                        <Unicode>in</Unicode>
                    </TextEquiv>
                </Word>
                <Word id="r_11_tl_42_w5" custom="readingOrder {index:4;}">
                    <Coords points="1919,2252 1919,2312 1994,2312 1994,2252"/>
                    <TextEquiv>
                        <Unicode>allen</Unicode>
                    </TextEquiv>
                </Word>
                <Word id="r_11_tl_42_w6" custom="readingOrder {index:5;}">
                    <Coords points="2032,2258 2032,2318 2292,2318 2292,2258"/>
                    <TextEquiv>
                        <Unicode>überthierischen</Unicode>
                    </TextEquiv>
                </Word>
                <TextEquiv>
                    <Unicode>Ebenbild GOttes bestand in allen überthierischen</Unicode>
                </TextEquiv>
            </TextLine>
            <TextLine id="r_11_tl_43" custom="readingOrder {index:42;}">
                <Coords points="1310,2356 2310,2358 2310,2310 2275,2308 1310,2308"/>
                <Baseline points="1325,2337 1370,2340 1415,2340 1459,2337 1504,2337 1549,2337 1594,2334 1639,2334 1683,2337 1728,2334 1773,2337 1818,2337 1862,2337 1907,2337 1952,2337 1997,2337 2042,2340 2086,2340 2131,2343 2176,2343 2221,2346 2266,2346 2310,2349 2316,2349"/>
                <Word id="r_11_tl_43_w1" custom="readingOrder {index:0;}">
                    <Coords points="1317,2300 1317,2360 1513,2360 1513,2300"/>
                    <TextEquiv>
                        <Unicode>Vorzügen.</Unicode>
                    </TextEquiv>
                </Word>
                <Word id="r_11_tl_43_w2" custom="readingOrder {index:1;}">
                    <Coords points="1560,2294 1560,2354 1611,2354 1611,2294"/>
                    <TextEquiv>
                        <Unicode>Es</Unicode>
                    </TextEquiv>
                </Word>
                <Word id="r_11_tl_43_w3" custom="readingOrder {index:2;}">
                    <Coords points="1635,2296 1635,2356 1721,2356 1721,2296"/>
                    <TextEquiv>
                        <Unicode>heißt</Unicode>
                    </TextEquiv>
                </Word>
                <Word id="r_11_tl_43_w4" custom="readingOrder {index:3;}">
                    <Coords points="1739,2296 1739,2356 1779,2356 1779,2296"/>
                    <TextEquiv>
                        <Unicode>ein</Unicode>
                    </TextEquiv>
                </Word>
                <Word id="r_11_tl_43_w5" custom="readingOrder {index:4;}">
                    <Coords points="1810,2297 1810,2357 1925,2357 1925,2297"/>
                    <TextEquiv>
                        <Unicode>Stand</Unicode>
                    </TextEquiv>
                </Word>
                <Word id="r_11_tl_43_w6" custom="readingOrder {index:5;}">
                    <Coords points="1948,2297 1948,2357 1994,2357 1994,2297"/>
                    <TextEquiv>
                        <Unicode>der</Unicode>
                    </TextEquiv>
                </Word>
                <Word id="r_11_tl_43_w7" custom="readingOrder {index:6;}">
                    <Coords points="2024,2301 2024,2361 2202,2361 2202,2301"/>
                    <TextEquiv>
                        <Unicode>Unschuld,</Unicode>
                    </TextEquiv>
                </Word>
                <Word id="r_11_tl_43_w8" custom="readingOrder {index:7;}">
                    <Coords points="2226,2306 2226,2366 2301,2366 2301,2306"/>
                    <TextEquiv>
                        <Unicode>weil</Unicode>
                    </TextEquiv>
                </Word>
                <TextEquiv>
                    <Unicode>Vorzügen. Es heißt ein Stand der Unschuld, weil</Unicode>
                </TextEquiv>
            </TextLine>
            <TextLine id="r_11_tl_44" custom="readingOrder {index:43;}">
                <Coords points="1315,2402 2303,2414 2303,2364 2221,2348 1315,2351"/>
                <Baseline points="1328,2391 1373,2388 1418,2388 1462,2388 1507,2382 1552,2382 1597,2382 1642,2382 1686,2382 1731,2385 1776,2385 1821,2385 1865,2388 1910,2388 1955,2385 2000,2385 2045,2388 2089,2391 2134,2388 2179,2391 2224,2394 2269,2397 2307,2400"/>
                <Word id="r_11_tl_44_w1" custom="readingOrder {index:0;}">
                    <Coords points="1321,2349 1321,2409 1369,2409 1369,2349"/>
                    <TextEquiv>
                        <Unicode>die</Unicode>
                    </TextEquiv>
                </Word>
                <Word id="r_11_tl_44_w2" custom="readingOrder {index:1;}">
                    <Coords points="1402,2344 1402,2404 1569,2404 1569,2344"/>
                    <TextEquiv>
                        <Unicode>Menschen</Unicode>
                    </TextEquiv>
                </Word>
                <Word id="r_11_tl_44_w3" custom="readingOrder {index:2;}">
                    <Coords points="1607,2342 1607,2402 1656,2402 1656,2342"/>
                    <TextEquiv>
                        <Unicode>sich</Unicode>
                    </TextEquiv>
                </Word>
                <Word id="r_11_tl_44_w4" custom="readingOrder {index:3;}">
                    <Coords points="1689,2344 1689,2404 1770,2404 1770,2344"/>
                    <TextEquiv>
                        <Unicode>nicht</Unicode>
                    </TextEquiv>
                </Word>
                <Word id="r_11_tl_44_w5" custom="readingOrder {index:4;}">
                    <Coords points="1797,2347 1797,2407 1916,2407 1916,2347"/>
                    <TextEquiv>
                        <Unicode>scheuen</Unicode>
                    </TextEquiv>
                </Word>
                <Word id="r_11_tl_44_w6" custom="readingOrder {index:5;}">
                    <Coords points="1960,2347 1960,2407 2116,2407 2116,2347"/>
                    <TextEquiv>
                        <Unicode>durften,</Unicode>
                    </TextEquiv>
                </Word>
                <Word id="r_11_tl_44_w7" custom="readingOrder {index:6;}">
                    <Coords points="2150,2352 2150,2412 2241,2412 2241,2352"/>
                    <TextEquiv>
                        <Unicode>nackt</Unicode>
                    </TextEquiv>
                </Word>
                <Word id="r_11_tl_44_w8" custom="readingOrder {index:7;}">
                    <Coords points="2263,2357 2263,2417 2290,2417 2290,2357"/>
                    <TextEquiv>
                        <Unicode>zu</Unicode>
                    </TextEquiv>
                </Word>
                <TextEquiv>
                    <Unicode>die Menschen sich nicht scheuen durften, nackt zu</Unicode>
                </TextEquiv>
            </TextLine>
            <TextLine id="r_11_tl_45" custom="readingOrder {index:44;}">
                <Coords points="1315,2452 2303,2455 2303,2414 2138,2389 1315,2399"/>
                <Baseline points="1328,2442 1373,2436 1418,2436 1462,2436 1507,2433 1552,2433 1597,2430 1642,2430 1686,2433 1731,2433 1776,2433 1821,2433 1865,2433 1910,2433 1955,2430 2000,2433 2045,2433 2089,2436 2134,2436 2179,2439 2224,2439 2269,2445 2307,2445"/>
                <Word id="r_11_tl_45_w1" custom="readingOrder {index:0;}">
                    <Coords points="1321,2396 1321,2456 1411,2456 1411,2396"/>
                    <TextEquiv>
                        <Unicode>gehen</Unicode>
                    </TextEquiv>
                </Word>
                <Word id="r_11_tl_45_w2" custom="readingOrder {index:1;}">
                    <Coords points="1457,2393 1457,2453 1530,2453 1530,2393"/>
                    <TextEquiv>
                        <Unicode>(auf</Unicode>
                    </TextEquiv>
                </Word>
                <Word id="r_11_tl_45_w3" custom="readingOrder {index:2;}">
                    <Coords points="1553,2391 1553,2451 1603,2451 1603,2391"/>
                    <TextEquiv>
                        <Unicode>die</Unicode>
                    </TextEquiv>
                </Word>
                <Word id="r_11_tl_45_w4" custom="readingOrder {index:3;}">
                    <Coords points="1627,2390 1627,2450 1683,2450 1683,2390"/>
                    <TextEquiv>
                        <Unicode>Art</Unicode>
                    </TextEquiv>
                </Word>
                <Word id="r_11_tl_45_w5" custom="readingOrder {index:4;}">
                    <Coords points="1712,2393 1712,2453 1768,2453 1768,2393"/>
                    <TextEquiv>
                        <Unicode>sind</Unicode>
                    </TextEquiv>
                </Word>
                <Word id="r_11_tl_45_w6" custom="readingOrder {index:5;}">
                    <Coords points="1808,2393 1808,2453 1853,2453 1853,2393"/>
                    <TextEquiv>
                        <Unicode>die</Unicode>
                    </TextEquiv>
                </Word>
                <Word id="r_11_tl_45_w7" custom="readingOrder {index:6;}">
                    <Coords points="1876,2390 1876,2450 2017,2450 2017,2390"/>
                    <TextEquiv>
                        <Unicode>Mohren</Unicode>
                    </TextEquiv>
                </Word>
                <Word id="r_11_tl_45_w8" custom="readingOrder {index:7;}">
                    <Coords points="2052,2395 2052,2455 2119,2455 2119,2395"/>
                    <TextEquiv>
                        <Unicode>auch</Unicode>
                    </TextEquiv>
                </Word>
                <Word id="r_11_tl_45_w9" custom="readingOrder {index:8;}">
                    <Coords points="2154,2399 2154,2459 2221,2459 2221,2399"/>
                    <TextEquiv>
                        <Unicode>noch</Unicode>
                    </TextEquiv>
                </Word>
                <Word id="r_11_tl_45_w10" custom="readingOrder {index:9;}">
                    <Coords points="2255,2404 2255,2464 2277,2464 2277,2404"/>
                    <TextEquiv>
                        <Unicode>im</Unicode>
                    </TextEquiv>
                </Word>
                <TextEquiv>
                    <Unicode>gehen (auf die Art sind die Mohren auch noch im</Unicode>
                </TextEquiv>
            </TextLine>
            <TextLine id="r_11_tl_46" custom="readingOrder {index:45;}">
                <Coords points="1310,2493 2303,2513 2303,2458 2145,2437 1310,2450"/>
                <Baseline points="1325,2483 1370,2483 1415,2483 1459,2483 1504,2480 1549,2480 1594,2477 1639,2477 1683,2480 1728,2480 1773,2483 1818,2483 1862,2483 1907,2480 1952,2480 1997,2480 2042,2480 2086,2483 2131,2483 2176,2486 2221,2489 2266,2492 2310,2495"/>
                <Word id="r_11_tl_46_w1" custom="readingOrder {index:0;}">
                    <Coords points="1316,2443 1316,2503 1449,2503 1449,2443"/>
                    <TextEquiv>
                        <Unicode>Stande</Unicode>
                    </TextEquiv>
                </Word>
                <Word id="r_11_tl_46_w2" custom="readingOrder {index:1;}">
                    <Coords points="1483,2440 1483,2500 1532,2500 1532,2440"/>
                    <TextEquiv>
                        <Unicode>der</Unicode>
                    </TextEquiv>
                </Word>
                <Word id="r_11_tl_46_w3" custom="readingOrder {index:2;}">
                    <Coords points="1555,2437 1555,2497 1705,2497 1705,2437"/>
                    <TextEquiv>
                        <Unicode>Unschuld</Unicode>
                    </TextEquiv>
                </Word>
                <Word id="r_11_tl_46_w4" custom="readingOrder {index:3;}">
                    <Coords points="1739,2442 1739,2502 1799,2502 1799,2442"/>
                    <TextEquiv>
                        <Unicode>und</Unicode>
                    </TextEquiv>
                </Word>
                <Word id="r_11_tl_46_w5" custom="readingOrder {index:4;}">
                    <Coords points="1833,2443 1833,2503 1883,2503 1883,2443"/>
                    <TextEquiv>
                        <Unicode>des</Unicode>
                    </TextEquiv>
                </Word>
                <Word id="r_11_tl_46_w6" custom="readingOrder {index:5;}">
                    <Coords points="1906,2440 1906,2500 2100,2500 2100,2440"/>
                    <TextEquiv>
                        <Unicode>Ebenbildes</Unicode>
                    </TextEquiv>
                </Word>
                <Word id="r_11_tl_46_w7" custom="readingOrder {index:6;}">
                    <Coords points="2128,2448 2128,2508 2300,2508 2300,2448"/>
                    <TextEquiv>
                        <Unicode>GOttes.)</Unicode>
                    </TextEquiv>
                </Word>
                <TextEquiv>
                    <Unicode>Stande der Unschuld und des Ebenbildes GOttes.)</Unicode>
                </TextEquiv>
            </TextLine>
            <TextLine id="r_11_tl_47" custom="readingOrder {index:46;}">
                <Coords points="1310,2541 2277,2559 2298,2511 1307,2493"/>
                <Baseline points="1325,2534 1370,2531 1415,2531 1459,2531 1504,2528 1549,2528 1594,2525 1639,2525 1683,2528 1728,2531 1773,2531 1818,2531 1862,2531 1907,2528 1952,2531 1997,2528 2042,2531 2086,2534 2131,2534 2176,2537 2221,2540 2266,2540 2307,2543"/>
                <Word id="r_11_tl_47_w1" custom="readingOrder {index:0;}">
                    <Coords points="1314,2491 1314,2551 1421,2551 1421,2491"/>
                    <TextEquiv>
                        <Unicode>Durch</Unicode>
                    </TextEquiv>
                </Word>
                <Word id="r_11_tl_47_w2" custom="readingOrder {index:1;}">
                    <Coords points="1450,2490 1450,2550 1495,2550 1495,2490"/>
                    <TextEquiv>
                        <Unicode>die</Unicode>
                    </TextEquiv>
                </Word>
                <Word id="r_11_tl_47_w3" custom="readingOrder {index:2;}">
                    <Coords points="1518,2487 1518,2547 1592,2547 1592,2487"/>
                    <TextEquiv>
                        <Unicode>erste</Unicode>
                    </TextEquiv>
                </Word>
                <Word id="r_11_tl_47_w4" custom="readingOrder {index:3;}">
                    <Coords points="1615,2487 1615,2547 1734,2547 1734,2487"/>
                    <TextEquiv>
                        <Unicode>Sünde</Unicode>
                    </TextEquiv>
                </Word>
                <Word id="r_11_tl_47_w5" custom="readingOrder {index:4;}">
                    <Coords points="1757,2491 1757,2551 1882,2551 1882,2491"/>
                    <TextEquiv>
                        <Unicode>Adams</Unicode>
                    </TextEquiv>
                </Word>
                <Word id="r_11_tl_47_w6" custom="readingOrder {index:5;}">
                    <Coords points="1905,2489 1905,2549 1967,2549 1967,2489"/>
                    <TextEquiv>
                        <Unicode>sind</Unicode>
                    </TextEquiv>
                </Word>
                <Word id="r_11_tl_47_w7" custom="readingOrder {index:6;}">
                    <Coords points="1991,2489 1991,2549 2047,2549 2047,2489"/>
                    <TextEquiv>
                        <Unicode>wir</Unicode>
                    </TextEquiv>
                </Word>
                <Word id="r_11_tl_47_w8" custom="readingOrder {index:7;}">
                    <Coords points="2076,2494 2076,2554 2132,2554 2132,2494"/>
                    <TextEquiv>
                        <Unicode>alle</Unicode>
                    </TextEquiv>
                </Word>
                <Word id="r_11_tl_47_w9" custom="readingOrder {index:8;}">
                    <Coords points="2150,2500 2150,2560 2292,2560 2292,2500"/>
                    <TextEquiv>
                        <Unicode>Sünder</Unicode>
                    </TextEquiv>
                </Word>
                <TextEquiv>
                    <Unicode>Durch die erste Sünde Adams sind wir alle Sünder</Unicode>
                </TextEquiv>
            </TextLine>
            <TextLine id="r_11_tl_48" custom="readingOrder {index:47;}">
                <Coords points="1315,2597 2308,2605 2308,2554 2153,2541 1315,2546"/>
                <Baseline points="1328,2585 1373,2582 1418,2579 1462,2579 1507,2579 1552,2576 1597,2573 1642,2573 1686,2573 1731,2579 1776,2579 1821,2582 1865,2579 1910,2576 1955,2579 2000,2576 2045,2579 2089,2582 2134,2582 2179,2585 2224,2588 2269,2591 2313,2591"/>
                <Word id="r_11_tl_48_w1" custom="readingOrder {index:0;}">
                    <Coords points="1322,2539 1322,2599 1506,2599 1506,2539"/>
                    <TextEquiv>
                        <Unicode>geworden.</Unicode>
                    </TextEquiv>
                </Word>
                <Word id="r_11_tl_48_w2" custom="readingOrder {index:1;}">
                    <Coords points="1564,2533 1564,2593 1651,2593 1651,2533"/>
                    <TextEquiv>
                        <Unicode>Herr</Unicode>
                    </TextEquiv>
                </Word>
                <Word id="r_11_tl_48_w3" custom="readingOrder {index:2;}">
                    <Coords points="1681,2536 1681,2596 1738,2596 1738,2536"/>
                    <TextEquiv>
                        <Unicode>B.</Unicode>
                    </TextEquiv>
                </Word>
                <Word id="r_11_tl_48_w4" custom="readingOrder {index:3;}">
                    <Coords points="1767,2541 1767,2601 1882,2601 1882,2541"/>
                    <TextEquiv>
                        <Unicode>glaubt</Unicode>
                    </TextEquiv>
                </Word>
                <Word id="r_11_tl_48_w5" custom="readingOrder {index:4;}">
                    <Coords points="1906,2538 1906,2598 1975,2598 1975,2538"/>
                    <TextEquiv>
                        <Unicode>auch</Unicode>
                    </TextEquiv>
                </Word>
                <Word id="r_11_tl_48_w6" custom="readingOrder {index:5;}">
                    <Coords points="2016,2539 2016,2599 2079,2599 2079,2539"/>
                    <TextEquiv>
                        <Unicode>eine</Unicode>
                    </TextEquiv>
                </Word>
                <Word id="r_11_tl_48_w7" custom="readingOrder {index:6;}">
                    <Coords points="2115,2546 2115,2606 2299,2606 2299,2546"/>
                    <TextEquiv>
                        <Unicode>Erbsünde.</Unicode>
                    </TextEquiv>
                </Word>
                <TextEquiv>
                    <Unicode>geworden. Herr B. glaubt auch eine Erbsünde.</Unicode>
                </TextEquiv>
            </TextLine>
            <TextLine id="r_11_tl_49" custom="readingOrder {index:48;}">
                <Coords points="1320,2635 2303,2650 2300,2605 2267,2600 1320,2597"/>
                <Baseline points="1334,2630 1379,2627 1424,2627 1468,2627 1513,2624 1558,2624 1603,2621 1648,2621 1692,2624 1737,2624 1782,2627 1827,2627 1871,2627 1916,2627 1961,2627 2006,2627 2051,2627 2095,2630 2140,2633 2185,2636 2230,2636 2274,2636 2307,2636"/>
                <Word id="r_11_tl_49_w1" custom="readingOrder {index:0;}">
                    <Coords points="1325,2588 1325,2648 1393,2648 1393,2588"/>
                    <TextEquiv>
                        <Unicode>Sie</Unicode>
                    </TextEquiv>
                </Word>
                <Word id="r_11_tl_49_w2" custom="readingOrder {index:1;}">
                    <Coords points="1415,2586 1415,2646 1531,2646 1531,2586"/>
                    <TextEquiv>
                        <Unicode>besteht</Unicode>
                    </TextEquiv>
                </Word>
                <Word id="r_11_tl_49_w3" custom="readingOrder {index:2;}">
                    <Coords points="1553,2582 1553,2642 1622,2642 1622,2582"/>
                    <TextEquiv>
                        <Unicode>aber</Unicode>
                    </TextEquiv>
                </Word>
                <Word id="r_11_tl_49_w4" custom="readingOrder {index:3;}">
                    <Coords points="1644,2582 1644,2642 1701,2642 1701,2582"/>
                    <TextEquiv>
                        <Unicode>nur</Unicode>
                    </TextEquiv>
                </Word>
                <Word id="r_11_tl_49_w5" custom="readingOrder {index:4;}">
                    <Coords points="1728,2587 1728,2647 1844,2647 1844,2587"/>
                    <TextEquiv>
                        <Unicode>darin,</Unicode>
                    </TextEquiv>
                </Word>
                <Word id="r_11_tl_49_w6" custom="readingOrder {index:5;}">
                    <Coords points="1866,2587 1866,2647 1919,2647 1919,2587"/>
                    <TextEquiv>
                        <Unicode>daß</Unicode>
                    </TextEquiv>
                </Word>
                <Word id="r_11_tl_49_w7" custom="readingOrder {index:6;}">
                    <Coords points="1957,2587 1957,2647 2014,2647 2014,2587"/>
                    <TextEquiv>
                        <Unicode>wir</Unicode>
                    </TextEquiv>
                </Word>
                <Word id="r_11_tl_49_w8" custom="readingOrder {index:7;}">
                    <Coords points="2042,2589 2042,2649 2141,2649 2141,2589"/>
                    <TextEquiv>
                        <Unicode>wegen</Unicode>
                    </TextEquiv>
                </Word>
                <Word id="r_11_tl_49_w9" custom="readingOrder {index:8;}">
                    <Coords points="2180,2596 2180,2656 2227,2656 2227,2596"/>
                    <TextEquiv>
                        <Unicode>der</Unicode>
                    </TextEquiv>
                </Word>
                <Word id="r_11_tl_49_w10" custom="readingOrder {index:9;}">
                    <Coords points="2259,2596 2259,2656 2306,2656 2306,2596"/>
                    <TextEquiv>
                        <Unicode>er¬</Unicode>
                    </TextEquiv>
                </Word>
                <TextEquiv>
                    <Unicode>Sie besteht aber nur darin, daß wir wegen der er¬</Unicode>
                </TextEquiv>
            </TextLine>
            <TextLine id="r_11_tl_50" custom="readingOrder {index:49;}">
                <Coords points="1320,2694 2303,2699 2300,2650 2166,2635 1318,2633"/>
                <Baseline points="1331,2678 1376,2678 1421,2675 1465,2672 1510,2672 1555,2669 1600,2669 1645,2669 1689,2672 1734,2672 1779,2675 1824,2675 1868,2675 1913,2675 1958,2675 2003,2675 2048,2678 2092,2678 2137,2681 2182,2681 2227,2683 2271,2683 2310,2686"/>
                <Word id="r_11_tl_50_w1" custom="readingOrder {index:0;}">
                    <Coords points="1319,2638 1319,2698 1379,2698 1379,2638"/>
                    <TextEquiv>
                        <Unicode>sten</Unicode>
                    </TextEquiv>
                </Word>
                <Word id="r_11_tl_50_w2" custom="readingOrder {index:1;}">
                    <Coords points="1418,2632 1418,2692 1539,2692 1539,2632"/>
                    <TextEquiv>
                        <Unicode>Sünde</Unicode>
                    </TextEquiv>
                </Word>
                <Word id="r_11_tl_50_w3" custom="readingOrder {index:2;}">
                    <Coords points="1573,2629 1573,2689 1655,2689 1655,2629"/>
                    <TextEquiv>
                        <Unicode>keine</Unicode>
                    </TextEquiv>
                </Word>
                <Word id="r_11_tl_50_w4" custom="readingOrder {index:3;}">
                    <Coords points="1683,2635 1683,2695 1942,2695 1942,2635"/>
                    <TextEquiv>
                        <Unicode>Unsterblichkeit</Unicode>
                    </TextEquiv>
                </Word>
                <Word id="r_11_tl_50_w5" custom="readingOrder {index:4;}">
                    <Coords points="1970,2635 1970,2695 2025,2695 2025,2635"/>
                    <TextEquiv>
                        <Unicode>und</Unicode>
                    </TextEquiv>
                </Word>
                <Word id="r_11_tl_50_w6" custom="readingOrder {index:5;}">
                    <Coords points="2058,2641 2058,2701 2290,2701 2290,2641"/>
                    <TextEquiv>
                        <Unicode>Juferstehung</Unicode>
                    </TextEquiv>
                </Word>
                <TextEquiv>
                    <Unicode>sten Sünde keine Unsterblichkeit und Juferstehung</Unicode>
                </TextEquiv>
            </TextLine>
            <TextLine id="r_11_tl_51" custom="readingOrder {index:50;}">
                <Coords points="1305,2727 2232,2744 2298,2737 2298,2699 1302,2689"/>
                <Baseline points="1319,2722 1364,2725 1409,2722 1453,2719 1498,2716 1543,2716 1588,2716 1633,2716 1677,2719 1722,2719 1767,2722 1812,2722 1857,2725 1901,2722 1946,2722 1991,2722 2036,2725 2080,2725 2125,2728 2170,2728 2215,2728 2260,2731 2304,2731 2307,2728"/>
                <Word id="r_11_tl_51_w1" custom="readingOrder {index:0;}">
                    <Coords points="1308,2684 1308,2744 1391,2744 1391,2684"/>
                    <TextEquiv>
                        <Unicode>ohne</Unicode>
                    </TextEquiv>
                </Word>
                <Word id="r_11_tl_51_w2" custom="readingOrder {index:1;}">
                    <Coords points="1414,2677 1414,2737 1536,2737 1536,2677"/>
                    <TextEquiv>
                        <Unicode>Erlöser</Unicode>
                    </TextEquiv>
                </Word>
                <Word id="r_11_tl_51_w3" custom="readingOrder {index:2;}">
                    <Coords points="1565,2676 1565,2736 1659,2736 1659,2676"/>
                    <TextEquiv>
                        <Unicode>haben</Unicode>
                    </TextEquiv>
                </Word>
                <Word id="r_11_tl_51_w4" custom="readingOrder {index:3;}">
                    <Coords points="1688,2681 1688,2741 1843,2741 1843,2681"/>
                    <TextEquiv>
                        <Unicode>könnten,</Unicode>
                    </TextEquiv>
                </Word>
                <Word id="r_11_tl_51_w5" custom="readingOrder {index:4;}">
                    <Coords points="1878,2682 1878,2742 1933,2742 1933,2682"/>
                    <TextEquiv>
                        <Unicode>und</Unicode>
                    </TextEquiv>
                </Word>
                <Word id="r_11_tl_51_w6" custom="readingOrder {index:5;}">
                    <Coords points="1967,2682 1967,2742 2000,2742 2000,2682"/>
                    <TextEquiv>
                        <Unicode>es</Unicode>
                    </TextEquiv>
                </Word>
                <Word id="r_11_tl_51_w7" custom="readingOrder {index:6;}">
                    <Coords points="2028,2685 2028,2745 2117,2745 2117,2685"/>
                    <TextEquiv>
                        <Unicode>sollte</Unicode>
                    </TextEquiv>
                </Word>
                <Word id="r_11_tl_51_w8" custom="readingOrder {index:7;}">
                    <Coords points="2146,2688 2146,2748 2201,2748 2201,2688"/>
                    <TextEquiv>
                        <Unicode>fast</Unicode>
                    </TextEquiv>
                </Word>
                <Word id="r_11_tl_51_w9" custom="readingOrder {index:8;}">
                    <Coords points="2229,2690 2229,2750 2290,2750 2290,2690"/>
                    <TextEquiv>
                        <Unicode>aus</Unicode>
                    </TextEquiv>
                </Word>
                <TextEquiv>
                    <Unicode>ohne Erlöser haben könnten, und es sollte fast aus</Unicode>
                </TextEquiv>
            </TextLine>
            <TextLine id="r_11_tl_52" custom="readingOrder {index:51;}">
                <Coords points="1305,2780 2308,2798 2282,2737 1305,2724"/>
                <Baseline points="1319,2770 1364,2773 1409,2770 1453,2770 1498,2767 1543,2764 1588,2764 1633,2767 1677,2767 1722,2767 1767,2770 1812,2770 1857,2770 1901,2770 1946,2770 1991,2770 2036,2770 2080,2773 2125,2776 2170,2776 2215,2776 2260,2776 2304,2776 2313,2776"/>
                <Word id="r_11_tl_52_w1" custom="readingOrder {index:0;}">
                    <Coords points="1317,2731 1317,2791 1371,2791 1371,2731"/>
                    <TextEquiv>
                        <Unicode>dem</Unicode>
                    </TextEquiv>
                </Word>
                <Word id="r_11_tl_52_w2" custom="readingOrder {index:1;}">
                    <Coords points="1411,2729 1411,2789 1522,2789 1522,2729"/>
                    <TextEquiv>
                        <Unicode>112ten</Unicode>
                    </TextEquiv>
                </Word>
                <Word id="r_11_tl_52_w3" custom="readingOrder {index:2;}">
                    <Coords points="1556,2724 1556,2784 1588,2784 1588,2724"/>
                    <TextEquiv>
                        <Unicode>§.</Unicode>
                    </TextEquiv>
                </Word>
                <Word id="r_11_tl_52_w4" custom="readingOrder {index:3;}">
                    <Coords points="1605,2727 1605,2787 1766,2787 1766,2727"/>
                    <TextEquiv>
                        <Unicode>scheinen,</Unicode>
                    </TextEquiv>
                </Word>
                <Word id="r_11_tl_52_w5" custom="readingOrder {index:4;}">
                    <Coords points="1800,2730 1800,2790 1855,2790 1855,2730"/>
                    <TextEquiv>
                        <Unicode>daß</Unicode>
                    </TextEquiv>
                </Word>
                <Word id="r_11_tl_52_w6" custom="readingOrder {index:5;}">
                    <Coords points="1889,2730 1889,2790 1922,2790 1922,2730"/>
                    <TextEquiv>
                        <Unicode>er</Unicode>
                    </TextEquiv>
                </Word>
                <Word id="r_11_tl_52_w7" custom="readingOrder {index:6;}">
                    <Coords points="1950,2730 1950,2790 2016,2790 2016,2730"/>
                    <TextEquiv>
                        <Unicode>ihre</Unicode>
                    </TextEquiv>
                </Word>
                <Word id="r_11_tl_52_w8" custom="readingOrder {index:7;}">
                    <Coords points="2045,2736 2045,2796 2305,2796 2305,2736"/>
                    <TextEquiv>
                        <Unicode>Beschaffenheit</Unicode>
                    </TextEquiv>
                </Word>
                <TextEquiv>
                    <Unicode>dem 112ten §. scheinen, daß er ihre Beschaffenheit</Unicode>
                </TextEquiv>
            </TextLine>
            <TextLine id="r_11_tl_53" custom="readingOrder {index:52;}">
                <Coords points="1310,2851 1594,2818 2094,2828 2158,2856 2155,2793 2084,2780 1307,2777"/>
                <Baseline points="1325,2821 1370,2821 1415,2818 1459,2815 1504,2815 1549,2812 1594,2812 1639,2815 1683,2815 1728,2818 1773,2818 1818,2818 1862,2818 1907,2818 1952,2818 1997,2818 2042,2821 2086,2821 2131,2821 2164,2824"/>
                <Word id="r_11_tl_53_w1" custom="readingOrder {index:0;}">
                    <Coords points="1313,2781 1313,2841 1340,2841 1340,2781"/>
                    <TextEquiv>
                        <Unicode>im</Unicode>
                    </TextEquiv>
                </Word>
                <Word id="r_11_tl_53_w2" custom="readingOrder {index:1;}">
                    <Coords points="1380,2776 1380,2836 1507,2836 1507,2776"/>
                    <TextEquiv>
                        <Unicode>Körper</Unicode>
                    </TextEquiv>
                </Word>
                <Word id="r_11_tl_53_w3" custom="readingOrder {index:2;}">
                    <Coords points="1530,2772 1530,2832 1597,2832 1597,2772"/>
                    <TextEquiv>
                        <Unicode>oder</Unicode>
                    </TextEquiv>
                </Word>
                <Word id="r_11_tl_53_w4" custom="readingOrder {index:3;}">
                    <Coords points="1620,2774 1620,2834 1647,2834 1647,2774"/>
                    <TextEquiv>
                        <Unicode>in</Unicode>
                    </TextEquiv>
                </Word>
                <Word id="r_11_tl_53_w5" custom="readingOrder {index:4;}">
                    <Coords points="1676,2776 1676,2836 1725,2836 1725,2776"/>
                    <TextEquiv>
                        <Unicode>der</Unicode>
                    </TextEquiv>
                </Word>
                <Word id="r_11_tl_53_w6" custom="readingOrder {index:5;}">
                    <Coords points="1748,2778 1748,2838 2055,2838 2055,2778"/>
                    <TextEquiv>
                        <Unicode>Unverweslichkeit</Unicode>
                    </TextEquiv>
                </Word>
                <Word id="r_11_tl_53_w7" custom="readingOrder {index:6;}">
                    <Coords points="2072,2781 2072,2841 2155,2841 2155,2781"/>
                    <TextEquiv>
                        <Unicode>setzt.</Unicode>
                    </TextEquiv>
                </Word>
                <TextEquiv>
                    <Unicode>im Körper oder in der Unverweslichkeit setzt.</Unicode>
                </TextEquiv>
            </TextLine>
            <TextLine id="r_11_tl_54" custom="readingOrder {index:53;}">
                <Coords points="1498,2887 1670,2876 1719,2897 1739,2881 1818,2904 2112,2912 2110,2828 1615,2838 1549,2818 1495,2838"/>
                <Baseline points="1510,2863 1555,2866 1600,2866 1645,2866 1689,2869 1734,2872 1779,2875 1824,2872 1868,2875 1913,2872 1958,2872 2003,2872 2048,2872 2092,2875 2119,2878"/>
                <Word id="r_11_tl_54_w1" custom="readingOrder {index:0;}">
                    <Coords points="1503,2825 1503,2885 1591,2885 1591,2825"/>
                    <TextEquiv>
                        <Unicode>(Die</Unicode>
                    </TextEquiv>
                </Word>
                <Word id="r_11_tl_54_w2" custom="readingOrder {index:1;}">
                    <Coords points="1617,2830 1617,2890 1817,2890 1817,2830"/>
                    <TextEquiv>
                        <Unicode>Fortsetzung</Unicode>
                    </TextEquiv>
                </Word>
                <Word id="r_11_tl_54_w3" custom="readingOrder {index:2;}">
                    <Coords points="1843,2833 1843,2893 1925,2893 1925,2833"/>
                    <TextEquiv>
                        <Unicode>folgt</Unicode>
                    </TextEquiv>
                </Word>
                <Word id="r_11_tl_54_w4" custom="readingOrder {index:3;}">
                    <Coords points="1945,2832 1945,2892 2107,2892 2107,2832"/>
                    <TextEquiv>
                        <Unicode>künftig.)</Unicode>
                    </TextEquiv>
                </Word>
                <TextEquiv>
                    <Unicode>(Die Fortsetzung folgt künftig.)</Unicode>
                </TextEquiv>
            </TextLine>
            <TextEquiv>
                <Unicode></Unicode>
            </TextEquiv>
        </TextRegion>
    </Page>
</PcGts>
