2479 3508
162 434 272 494 wegen
298 428 476 488 simuliret,
494 420 518 480 ja
545 416 578 476 er
604 413 697 473 selbst
715 415 765 475 den
791 413 875 473 Rath
910 413 960 473 der
978 413 1138 473 Simula¬

153 482 217 542 tion
243 477 411 537 ertheilet?
437 464 528 524 Doch
554 461 663 521 wollen
696 461 760 521 wir
787 461 858 521 auch
891 464 974 524 nicht
1001 461 1136 521 gänzlich

153 530 204 590 die
224 526 294 586 gute
315 516 437 576 Absicht
457 510 547 570 dieser
567 507 702 567 Schrift
722 509 883 569 läugnen.
929 509 1006 569 Wir
1026 509 1129 569 treffen

165 575 188 635 im
231 568 381 628 Beschluß
406 560 448 620 ein
473 557 653 617 Verlangen
690 557 756 617 nach
793 558 840 618 der
865 557 1058 617 Aufhebung
1088 557 1136 617 des

163 617 298 677 Schisma
334 607 475 667 zwischen
512 604 558 664 den
595 604 706 664 beyden
742 604 966 664 evangelischen
1002 604 1131 664 Kirchen

163 667 226 727 an,
265 661 296 721 zu
336 655 419 715 deren
452 651 573 711 Behuf
600 655 670 715 auch
702 655 856 715 gemeldet
882 655 991 715 wird,
1024 655 1075 715 daß
1107 654 1132 714 in

411 807 600 867 Berlin,
633 810 687 870 den
737 810 774 870 9.
807 810 893 870 Aug.

199 858 279 918 Bey
302 858 350 918 dem
394 856 615 916 Syburgschen
648 855 1005 915 Infanterieregiment
1033 855 1070 915 ist
1093 854 1141 914 der

153 906 329 966 Capitain,
345 903 431 963 Herr
456 903 511 963 von
537 903 689 963 Frieben,
720 903 840 963 Major
866 903 1058 963 geworden,
1089 902 1139 962 der

157 953 450 1013 Staabscapitain,
466 952 552 1012 Herr
573 954 628 1014 von
654 952 811 1012 Wegner,
842 954 902 1014 hat
923 954 989 1014 eine
1010 951 1141 1011 vacante

159 1001 359 1061 Compagnie
385 1001 545 1061 erhalten,
566 1002 617 1062 der
643 1001 984 1061 Premierlieutenant
1000 998 1086 1058 Herr
1108 1001 1143 1061 v.

153 1052 308 1112 Radicke,
335 1052 371 1112 ist
392 1052 444 1112 zum
486 1055 792 1115 Staabscapitain,
814 1051 865 1111 der
897 1049 1151 1109 Secondlieute¬

153 1100 233 1160 nant
259 1100 344 1160 Herr
375 1100 430 1160 von
466 1102 669 1162 Hoverbeck,
694 1103 749 1163 zum
795 1100 1149 1160 Premierlieutenant,

153 1149 204 1209 der
225 1148 380 1208 Fähnrich
401 1148 483 1208 Herr
500 1148 551 1208 von
572 1148 716 1208 Puffalt,
727 1148 779 1208 zum
816 1148 1141 1208 Secondlieutenant,

153 1198 214 1258 und
241 1196 292 1256 der
313 1195 452 1255 gefreyte
474 1194 634 1254 Corporal
655 1195 737 1255 Herr
759 1196 810 1256 von
847 1196 1038 1256 Perbandt,
1069 1196 1120 1256 zum

155 1244 307 1304 Fahnrich
336 1237 515 1297 avanciret.

413 1279 559 1339 Wien,
591 1282 648 1342 den
691 1284 753 1344 24.
780 1285 863 1345 Jul.

203 1326 278 1386 Der
303 1325 428 1385 kürzlich
454 1324 635 1384 verstorbne
661 1327 805 1387 General
824 1324 999 1384 Brentano
1019 1325 1056 1385 ist
1075 1324 1131 1384 nur

147 1378 189 1438 46
221 1374 305 1434 Jahr
327 1371 369 1431 alt
396 1369 580 1429 geworden,
607 1372 665 1432 und
692 1372 728 1432 30
761 1371 850 1431 Jahr
872 1369 892 1429 in
924 1369 1061 1429 Kaiserl.
1078 1369 1135 1429 Kö¬

147 1419 237 1479 nigl.
259 1416 406 1476 Diensten
444 1416 597 1476 gewesen.
656 1414 703 1474 Er
730 1416 878 1476 verdient
905 1416 947 1476 ein
979 1413 1137 1473 allgemei¬

149 1469 205 1529 nes
231 1464 427 1524 Bedauren.

374 1512 607 1572 Dresden,
635 1512 691 1572 den
736 1512 797 1572 27.
825 1509 907 1569 Jul.

201 1560 269 1620 Bey
302 1560 624 1620 Wiederaufbauung
656 1559 709 1619 der
742 1560 773 1620 im
816 1560 915 1620 letzten
948 1557 1069 1617 Kriege
1096 1557 1127 1617 zu

151 1610 270 1670 Grund
297 1612 480 1672 geschoßnen
524 1608 578 1668 H.
605 1609 815 1669 Kreutzkirche
843 1608 967 1668 alhier,
1000 1607 1124 1667 wurden

147 1661 341 1721 unverhofte
374 1661 590 1721 Alterthümer
623 1661 784 1721 entdeckt,
818 1658 909 1718 indem
964 1658 1028 1718 man
1072 1655 1125 1715 bey

149 1712 402 1772 Durchsuchung
430 1712 479 1772 des
507 1709 661 1769 Schuttes
695 1710 716 1770 in
750 1709 832 1769 einer
849 1709 959 1769 Gruft
976 1706 1053 1766 nahe
1075 1706 1124 1766 bey

152 1763 201 1823 dem
246 1765 334 1825 Altar
357 1763 450 1823 dieser
473 1763 600 1823 Kirche,
628 1762 678 1822 den
712 1760 855 1820 Leichnam
905 1760 954 1820 des
983 1760 1132 1820 Herzogs

151 1811 300 1871 Albrecht
316 1811 346 1871 zu
377 1808 769 1868 Schleswig=Holstein,
791 1808 919 1868 Grafen
951 1805 981 1865 zu
1013 1808 1136 1868 Olden¬

150 1858 226 1918 burg
250 1855 307 1915 und
331 1852 579 1912 Delmenhörst,
604 1849 728 1909 welcher
752 1849 799 1909 den
833 1846 866 1906 16
900 1846 1000 1906 April
1024 1848 1134 1908 1585.

151 1907 180 1967 zu
206 1900 341 1960 Sandes
367 1895 517 1955 gebohren
548 1894 607 1954 und
633 1891 743 1951 1673.
759 1891 909 1951 gestorben
940 1888 1020 1948 war,
1045 1888 1130 1948 nebst

147 1948 385 2008 nachstehenden
412 1939 645 1999 Alterthümern
677 1936 735 1996 und
762 1936 915 1996 Juveelen
948 1933 1132 1993 gefunden:

156 1999 224 2059 als,
251 1996 308 2056 auf
335 1993 382 2053 dem
430 1984 503 2044 Hut
530 1986 598 2046 eine
625 1984 741 2044 goldne
768 1984 909 2044 gegoßne
936 1981 1046 2041 Kugel
1068 1978 1131 2038 mit

148 2043 348 2103 Diamanten
375 2034 494 2094 besetzt,
516 2031 608 2091 neben
635 2031 689 2091 bey
722 2031 764 2091 ein
803 2031 911 2091 Zweig
944 2028 970 2088 in
1003 2025 1132 2085 Gestalt

147 2094 237 2154 eines
269 2088 385 2148 Blatts
423 2082 481 2142 mit
513 2080 550 2140 15
587 2079 677 2139 guten
715 2079 799 2139 einer
832 2076 991 2136 Haselnuß
1018 2073 1128 2133 großen

148 2138 266 2198 Perlen
294 2133 353 2193 und
375 2132 385 2192 8
418 2130 602 2190 Brillanten
624 2130 748 2190 besetzt;
775 2130 851 2190 denn
873 2128 911 2188 ein
938 2127 986 2187 auf
1003 2124 1132 2184 Kriegs¬

147 2184 327 2244 armaturen
358 2181 595 2241 aufgerichtetes
616 2180 672 2240 mit
688 2180 868 2240 Brillanten
894 2175 1033 2235 besetztes
1049 2172 1131 2232 gold¬

148 2234 206 2294 nes
229 2231 309 2291 Herz
337 2229 396 2289 und
418 2230 429 2290 6
456 2229 564 2289 goldne
591 2226 651 2286 mit
678 2229 867 2289 Brillanten
900 2225 1046 2285 garnirte
1068 2223 1132 2283 Or¬

146 2284 222 2344 den,
242 2282 341 2342 davon
371 2277 423 2337 auf
447 2277 533 2337 einem
576 2275 638 2335 mit
663 2273 748 2333 einer
777 2274 906 2334 goldnen
945 2270 1035 2330 Kette
1064 2266 1131 2326 ver¬

148 2333 272 2393 sehenen
300 2330 461 2390 folgendes
489 2327 515 2387 zu
537 2321 607 2381 lesen
635 2321 727 2381 war:
754 2321 791 2381 1)
808 2320 937 2380 Fürchte
954 2318 1056 2378 GOtt
1068 2315 1121 2375 und

152 2381 246 2441 scheue
268 2379 453 2439 Niemand.
485 2372 526 2432 2)
548 2367 691 2427 Ehender
712 2366 849 2426 sterben,
876 2367 924 2427 als
951 2365 997 2425 den
1024 2363 1129 2423 Glau¬

146 2429 198 2489 ben
231 2424 437 2484 verleugnen.
470 2420 506 2480 3)
523 2414 655 2474 Fürchte
677 2414 772 2474 GOtt
794 2417 851 2477 und
879 2414 947 2474 ehre
969 2411 1016 2471 den
1054 2408 1133 2468 Kai¬

146 2474 203 2534 ser.
227 2473 273 2533 4)
298 2468 401 2528 Treue
425 2465 547 2525 Herren
571 2460 640 2520 auch
664 2461 751 2521 treue
775 2464 925 2524 Knechte,
949 2459 1007 2519 das
1031 2458 1042 2518 5
1060 2458 1117 2518 und

147 2519 197 2579 6te
220 2516 282 2576 war
305 2515 503 2575 unleserlich.
550 2506 674 2566 Ferner
703 2505 748 2565 ein
783 2512 912 2572 goldner
942 2506 1032 2566 Ring
1061 2505 1122 2565 und

142 2565 328 2625 dergleichen
357 2560 458 2620 Herz,
481 2556 639 2616 worinnen
668 2554 706 2614 ein
735 2557 847 2617 großer
871 2557 977 2617 Rubin
1006 2552 1129 2612 gefaßt,

142 2617 221 2677 denn
250 2611 289 2671 ein
324 2608 414 2668 Paar
438 2605 653 2665 Stiefelsporn
682 2600 738 2660 und
767 2605 812 2665 ein
841 2605 966 2665 Sebel.
1012 2602 1062 2662 In
1091 2599 1130 2659 ei¬

144 2664 200 2724 ner
219 2658 331 2718 andern
363 2651 469 2711 Gruft
489 2649 557 2709 fand
583 2646 646 2706 man
678 2647 727 2707 die
747 2652 928 2712 Leichnäme
941 2649 984 2709 der
1004 2649 1128 2709 Marg¬

145 2716 248 2776 gräfin
275 2704 326 2764 von
359 2698 599 2758 Brandenburg
626 2692 678 2752 und
711 2691 756 2751 des
783 2700 990 2760 Feldmarsch.
1004 2697 1120 2757 Pflug.

240 2754 311 2814 Von
344 2748 389 2808 der
409 2745 585 2805 schlesischen
618 2741 742 2801 Grenze
762 2743 820 2803 vom
866 2750 924 2810 26.
944 2749 1022 2809 Jul.

193 2806 310 2866 Briefe
330 2799 388 2859 aus
408 2796 570 2856 Schlesien
597 2790 733 2850 melden,
767 2790 818 2850 daß
845 2796 870 2856 zu
897 2796 1040 2856 Breslau
1073 2794 1118 2854 die

145 2858 263 2918 Fürstin
298 2848 462 2908 Radziwil
485 2844 541 2904 mit
559 2841 644 2901 einem
684 2839 893 2899 ansehnlichen
922 2843 1057 2903 Gefolge
1075 2842 1125 2902 an=

142 2909 320 2969 gekommen
348 2899 410 2959 sey,
431 2896 492 2956 und
520 2894 561 2954 ihr
589 2892 650 2952 alda
679 2891 733 2951 mit
754 2891 829 2951 aller
858 2894 939 2954 ihrem
981 2896 1118 2956 Stande

1183 410 1324 470 Cassel
1356 407 1418 467 und
1458 407 1630 467 Bremen
1671 408 1726 468 von
1766 413 1859 473 vielen
1900 413 1954 473 das
1978 410 2142 470 absolutum

1180 455 1323 515 decretum
1378 454 1553 514 verworfen
1596 455 1716 515 werde.
1789 458 1915 518 GOtt
1940 461 2072 521 allein
2108 461 2168 521 die

1177 506 1311 566 Ehre,
1343 504 1435 564 heißt
1460 503 1490 563 es
1528 500 1558 560 am
1608 501 1694 561 Ende
1731 503 1780 563 der
1818 506 1983 566 Schrift,
2015 512 2075 572 und
2107 506 2161 566 wir

1176 552 1335 612 wünschen
1377 554 1406 614 es
1442 551 1513 611 auch
1543 549 1595 609 bey
1637 548 1684 608 dem
1738 551 1837 611 letzten
1880 557 2033 617 Punkte.
2098 557 2174 617 Ko¬

1182 599 1234 659 stet
1265 601 1294 661 in
1333 601 1566 661 vorbemeldten
1612 598 1814 658 Kanterschen
1860 607 2161 667 Buchhandlungen

1183 652 1219 712 15
1244 652 1298 712 gr.

1189 807 1427 867 zukommenden
1456 804 1596 864 Achtung
1625 807 1772 867 begegnet
1794 807 1913 867 werde.
1957 804 2040 864 Das
2062 805 2174 865 Flüch¬

1182 855 1225 915 ten
1253 854 1308 914 aus
1337 849 1436 909 Polen
1465 849 1519 909 soll
1537 850 1603 910 nach
1631 851 1725 911 diesen
1754 852 1964 912 Nachrichten
1992 854 2058 914 sehr
2081 855 2175 915 groß,

1183 903 1347 963 besonders
1374 900 1440 960 nach
1472 899 1523 959 der
1549 900 1751 960 ungarischen
1787 899 1916 959 Grenze
1942 900 2029 960 seyn.
2076 900 2174 960 Weil

1182 951 1241 1011 mit
1265 948 1407 1008 Anfange
1437 945 1485 1005 des
1515 948 1734 1008 Septembers
1759 948 1847 1008 Jhro
1872 946 1972 1006 Maj.
1991 948 2038 1008 der
2062 950 2168 1010 König

1186 1001 1208 1061 in
1231 998 1378 1058 Preussen
1407 995 1452 1055 die
1475 998 1714 1058 Musterungen
1749 998 1851 1058 halten
1880 995 2010 1055 wollen,
2045 996 2072 1056 so
2101 997 2163 1057 sind

1181 1048 1296 1108 bereits
1320 1046 1365 1106 die
1389 1049 1614 1109 Beurlaubten
1638 1046 1799 1106 beordert,
1823 1050 1874 1110 sich
1898 1049 2013 1109 wieder
2043 1048 2094 1108 bey
2118 1049 2164 1109 ih¬

1175 1100 1227 1160 ren
1255 1097 1482 1157 Regimentern
1515 1100 1731 1160 einzustellen.

1378 1147 1654 1207 Stralsund,
1676 1145 1729 1205 vom
1779 1145 1817 1205 3.
1844 1145 1985 1205 August.

1231 1194 1277 1254 In
1303 1193 1355 1253 den
1386 1193 1630 1253 Pommerschen
1667 1190 1812 1250 Städten
1843 1190 1879 1250 ist
1911 1190 2092 1250 nunmehro
2124 1188 2170 1248 die

1181 1240 1249 1300 gute
1270 1237 1427 1297 Methode
1447 1237 1495 1297 der
1511 1234 1688 1294 Holländer
1713 1232 1776 1292 auch
1806 1233 2003 1293 eingeführet
2024 1231 2165 1291 worden,

1177 1282 1229 1342 daß
1254 1285 1321 1345 man
1351 1279 1476 1339 nemlich
1505 1279 1558 1339 den
1592 1279 1707 1339 Rocken
1737 1279 1823 1339 wägt
1843 1276 1901 1336 und
1930 1276 1978 1336 ihn
2007 1276 2075 1336 nach
2099 1278 2142 1338 dem

1180 1327 1376 1387 Unterschied
1402 1324 1498 1384 seiner
1528 1321 1690 1381 Schwere
1726 1323 1791 1383 auch
1832 1324 2080 1384 unterschiedlich
2120 1322 2170 1382 be¬

1172 1372 1277 1432 zahlt.
1320 1368 1399 1428 Der
1421 1369 1600 1429 Landmann
1638 1369 1717 1429 wird
1744 1369 1886 1429 hiedurch
1919 1369 2082 1429 bewogen,
2109 1372 2156 1432 sich

1177 1416 1233 1476 auf
1249 1413 1315 1473 gute
1347 1413 1475 1473 Saaten
1501 1414 1532 1474 zu
1558 1413 1671 1473 legen,
1702 1414 1763 1474 und
1790 1416 1841 1476 der
1862 1416 2047 1476 Kaufmann
2078 1416 2150 1476 wird

1178 1461 1258 1521 nicht
1280 1461 1366 1521 mehr
1388 1461 1496 1521 nöthig
1524 1461 1642 1521 haben,
1664 1464 1739 1524 ihn,
1761 1461 1809 1521 bis
1832 1461 1859 1521 im
1902 1464 2015 1524 Lande,
2043 1464 2112 1524 oder
2129 1464 2150 1524 in

1174 1510 1222 1570 der
1244 1507 1498 1567 Nachbarschaft
1515 1509 1580 1569 eine
1607 1509 1786 1569 Theurung
1819 1512 1970 1572 entstehet
1998 1512 2089 1572 liegen
2117 1512 2149 1572 zu

1175 1560 1288 1620 lassen,
1310 1558 1438 1618 sondern
1465 1557 1490 1617 er
1516 1558 1593 1618 wird
1615 1557 1676 1617 mit
1692 1559 1738 1619 dem
1775 1560 1914 1620 schweren
1946 1560 2064 1620 Rocken
2086 1560 2152 1620 nach

1176 1610 1313 1670 Holland
1341 1608 1402 1668 eine
1425 1608 1574 1668 jährliche
1597 1608 1685 1668 reelle
1702 1608 1873 1668 Handlung
1891 1608 2001 1668 treiben
2024 1610 2162 1670 können.

1412 1655 1616 1715 Anspach,
1646 1658 1699 1718 den
1735 1658 1798 1718 23.
1822 1661 1909 1721 Jul.

1225 1709 1271 1769 In
1294 1706 1346 1766 dem
1387 1709 1704 1769 Würtembergischen
1739 1708 1831 1768 haben
1872 1709 1917 1769 die
1941 1709 2143 1769 Militairexe

1173 1763 1314 1823 cutiones
1337 1760 1390 1820 von
1418 1761 1527 1821 Seiten
1560 1760 1609 1820 des
1631 1760 1827 1820 regierenden
1855 1763 1991 1823 Herzogs
2018 1761 2089 1821 noch
2117 1761 2160 1821 ih=

1170 1809 1222 1869 ren
1249 1809 1428 1869 Fortgang.
1477 1808 1550 1868 Die
1572 1808 1730 1868 bisherige
1758 1811 1995 1871 Vermittelung
2022 1811 2069 1871 des
2091 1810 2164 1870 Kai¬

1174 1852 1236 1912 sers
1261 1852 1356 1912 Maj.
1376 1852 1433 1912 wie
1458 1851 1524 1911 auch
1554 1852 1683 1912 anderer
1708 1852 1803 1912 hohen
1833 1852 1914 1912 Höfe
1929 1855 2068 1915 zwischen
2092 1855 2140 1915 dem

1172 1892 1316 1952 Herzoge
1337 1894 1398 1954 und
1425 1894 1523 1954 seinen
1549 1897 1761 1957 Landständen
1793 1897 1885 1957 haben
1917 1900 1978 1960 noch
2004 1900 2087 1960 nicht
2103 1902 2149 1962 den

1168 1936 1373 1996 erwunschten
1405 1937 1513 1997 Erfolg
1539 1939 1668 1999 gehabt.
1715 1942 1787 2002 Die
1808 1943 2019 2003 Vorschläge,
2040 1946 2153 2006 welche

1168 1982 1217 2042 der
1243 1984 1385 2044 Kaiserl.
1400 1983 1557 2043 Minister
1593 1984 1643 2044 der
1674 1984 1831 2044 Freyherr
1866 1987 1921 2047 von
1957 1990 2149 2050 Wiedmann

1171 2028 1197 2088 zu
1229 2028 1552 2088 Wiederherstellung
1584 2027 1631 2087 der
1663 2030 1758 2090 Ruhe
1795 2031 1848 2091 des
1880 2034 2001 2094 Landes
2034 2037 2144 2097 gethan

1170 2077 1240 2137 hat,
1262 2076 1348 2136 sollen
1375 2073 1429 2133 von
1456 2075 1504 2135 dem
1543 2076 1688 2136 Herzoge
1710 2079 1845 2139 gänzlich
1872 2079 2044 2139 verworfen
2067 2085 2152 2145 seyn.

1171 2126 1239 2186 Die
1256 2123 1366 2183 Sache
1388 2121 1462 2181 wird
1489 2124 1583 2184 daher
1605 2124 1658 2184 von
1690 2127 1779 2187 Tage
1801 2127 1827 2187 zu
1854 2129 1938 2189 Tage
1955 2130 2155 2190 ernsthafter,

1169 2173 1229 2233 und
1252 2173 1318 2233 man
1347 2169 1485 2229 besorget
1508 2175 1557 2235 daß
1591 2175 1657 2235 eine
1685 2178 1951 2238 Administration
1985 2181 2157 2241 nothwen¬

1168 2226 1214 2286 dig
1241 2220 1391 2280 entstehen
1418 2220 1538 2280 werde.

1420 2269 1584 2329 Paris,
1613 2272 1664 2332 den
1711 2276 1772 2336 30.
1796 2279 1880 2339 Jul.

1217 2315 1282 2375 Die
1305 2312 1437 2372 Wittwe
1460 2316 1492 2376 de
1515 2320 1536 2380 la
1565 2324 1780 2384 Poupliniere
1802 2328 1857 2388 hat
1874 2330 1923 2390 sich
1946 2330 2050 2390 wegen
2073 2329 2150 2389 Ver=

1168 2364 1311 2424 nichtung
1345 2363 1394 2423 des
1428 2368 1699 2428 jüngstgedachten
1727 2376 1925 2436 Ausspruchs
1954 2378 2003 2438 des
2031 2376 2152 2436 Parla¬

1170 2411 1273 2471 ments
1308 2408 1331 2468 in
1366 2408 1446 2468 ihrer
1476 2417 1648 2477 Klagsache
1673 2421 1707 2481 an
1742 2424 1793 2484 den
1829 2426 1967 2486 Königl.
1985 2425 2065 2485 Rath
2100 2424 2152 2484 ge¬

1168 2458 1289 2518 wandt.
1337 2455 1405 2515 Die
1432 2464 1627 2524 Einwohner
1659 2470 1711 2530 von
1744 2472 1843 2532 Paris
1870 2470 1991 2530 sowohl
2018 2470 2060 2530 als
2092 2469 2144 2529 die

1165 2507 1317 2567 Fremden
1344 2503 1444 2563 haben
1478 2511 1557 2571 schon
1591 2518 1684 2578 lange
1711 2520 1784 2580 über
1811 2518 1864 2578 den
1891 2517 2051 2577 Gestank,
2078 2518 2150 2578 wel=

1166 2554 1231 2614 chen
1262 2554 1303 2614 die
1328 2554 1472 2614 unreinen
1503 2564 1713 2624 Wassergüsse
1738 2565 1797 2625 hier
1822 2563 2014 2623 verursachen
2045 2567 2147 2627 gekla=

1160 2604 1225 2664 get.
1292 2599 1394 2659 Diese
1419 2608 1544 2668 Klagen
1581 2614 1677 2674 haben
1708 2614 1821 2674 endlich
1852 2611 1900 2671 die
1925 2614 2129 2674 Publication

1162 2648 1241 2708 einer
1263 2649 1463 2709 Ordonnanz
1485 2661 1659 2721 bewirket,
1681 2658 1838 2718 worinnen
1865 2658 1939 2718 allen
1966 2663 2145 2723 Eigenthü¬

1159 2693 1241 2753 mern
1275 2696 1324 2756 der
1352 2698 1473 2758 Häuser
1507 2706 1556 2766 bey
1589 2711 1655 2771 500
1689 2706 1793 2766 Livres
1827 2706 1947 2766 Strafe
1976 2711 2135 2771 aufgelegt

1157 2745 1261 2805 wird,
1284 2745 1389 2805 längst
1412 2749 1494 2809 ihren
1522 2757 1666 2817 Häusern
1694 2751 1977 2811 Wasserleitungen
2011 2757 2132 2817 machen

1156 2795 1187 2855 zu
1214 2796 1324 2856 laßen.
1373 2798 1462 2858 Nach
1489 2805 1573 2865 einer
1595 2802 1705 2862 andern
1733 2802 2017 2862 Policeyordnung
2044 2805 2128 2865 sollen

1157 2844 1275 2904 künftig
1308 2844 1394 2904 keine
1421 2849 1550 2909 Rinnen
1589 2849 1658 2909 über
1686 2847 1734 2907 die
1756 2847 1869 2907 Gassen
1902 2852 2047 2912 reichen,
2069 2851 2139 2911 son¬

1157 2894 1223 2954 dern
1262 2897 1294 2957 an
1323 2894 1372 2954 der
1394 2902 1521 2962 Mauer
1550 2901 1693 2961 herunter
1721 2900 1853 2960 gezogen
1887 2903 2030 2963 werden.
2075 2900 2141 2960 Zu¬

2051 2951 2136 3011 folge
