2479 3508
232 329 396 389 nemarck,
413 318 600 378 Norwegen
624 316 663 376 rc.
675 316 714 376 rc.
738 315 794 375 und
817 315 885 375 Sr.
903 312 1106 372 Hochfürstl.
1118 309 1226 369 Durch

240 377 363 437 laucht.
380 372 482 432 Herrn
515 363 693 423 Wilhelm,
715 363 920 423 Erbprinzen
947 363 974 423 zu
1007 360 1120 420 Hessen
1153 360 1190 420 rc.
1207 360 1249 420 rc.

236 426 347 486 wurde
369 419 416 479 den
449 416 528 476 1sten
560 413 655 473 dieses
683 412 831 472 Monats
858 413 916 473 auf
938 410 990 470 dem
1028 407 1160 467 hiesigen
1187 406 1250 466 Kö¬

233 476 319 536 nigl.
344 469 493 529 Schlosse
519 464 809 524 Christiansburg,
829 463 890 523 mit
910 461 984 521 aller
1022 458 1152 518 Pracht
1177 458 1257 518 voll=

236 525 366 585 zogen.

491 586 696 646 London,
741 586 801 646 vom
847 583 913 643 28.
936 580 1030 640 Aug.

285 647 334 707 In
368 637 536 697 Georgien
565 635 664 695 macht
688 634 754 694 man
783 633 849 693 jetzt
873 631 939 691 sehr
967 631 1046 691 gute
1069 628 1258 688 Pottasche.

243 694 318 754 Der
335 691 461 751 Herzog
483 688 537 748 von
554 682 646 742 Yorck
669 682 723 742 hat
740 682 799 742 zwo
822 680 1040 740 vollstandige
1057 677 1264 737 Sammlun=

239 750 294 810 gen
320 743 375 803 von
406 739 482 799 allen
513 733 796 793 Originalwerken
837 730 888 790 der
909 730 1025 790 beyden
1061 725 1248 785 berühmten

250 792 368 852 Maler
396 786 552 846 Michael
569 784 693 844 Angelo
726 779 786 839 und
814 778 970 838 Raphael
987 778 1111 838 Urbino
1144 773 1257 833 hieher

252 842 408 902 gesandt,
430 837 478 897 die
507 832 560 892 ihm
609 831 636 891 zu
663 830 733 890 Rom
788 829 820 889 zu
848 825 950 885 Theil
972 825 1172 885 geworden,
1195 821 1254 881 und

249 888 304 948 von
343 887 460 947 großem
511 882 622 942 Werth
656 879 739 939 sind.
789 875 862 935 Die
896 876 1079 936 Holländer
1107 875 1174 935 sind
1202 870 1257 930 den

249 939 465 999 Engländern
498 933 524 993 in
557 927 729 987 Ostindien
763 925 848 985 nicht
876 924 1026 984 günstig,
1060 923 1124 983 und
1157 919 1253 979 dieses

248 984 358 1044 wegen
390 981 439 1041 des
465 975 804 1035 Salpeterhandels,
830 970 961 1030 welchen
998 969 1042 1029 die
1068 969 1260 1029 Engländer

252 1034 316 1094 nun
344 1028 431 1088 meist
453 1026 534 1086 ganz
562 1021 653 1081 allein
681 1019 811 1079 haben,
834 1016 909 1076 weil
932 1013 964 1073 sie
992 1015 1018 1075 in
1052 1016 1100 1076 dem
1139 1014 1268 1074 König¬

257 1080 355 1140 reiche
380 1076 552 1136 Bengalen
577 1069 718 1129 Meister
743 1064 879 1124 spielen.
953 1062 1027 1122 Der
1052 1064 1174 1124 Herzog
1200 1061 1254 1121 von

255 1128 478 1188 Cumberland
505 1120 563 1180 gab
591 1118 643 1178 vor
671 1115 793 1175 einigen
820 1112 921 1172 Tagen
953 1112 1166 1172 verschiednen
1193 1109 1278 1169 Per¬

257 1181 347 1241 sonen
393 1178 450 1238 von
496 1172 694 1232 Distinction
740 1164 774 1224 zu
809 1163 968 1223 Windsor
1002 1160 1047 1220 ein
1093 1160 1263 1220 herrliches

257 1228 484 1288 Tractement,
512 1222 618 1282 wobey
645 1216 713 1276 eine
735 1213 936 1273 vortrefliche
963 1208 1191 1268 Schildkröte,
1219 1205 1266 1265 die

252 1285 320 1345 432
353 1279 464 1339 Pfund
491 1273 580 1333 wog,
602 1267 813 1327 aufgetragen
841 1264 967 1324 wurde.
1021 1263 1095 1323 Der
1117 1261 1270 1321 berühm¬

253 1335 282 1395 te
307 1329 389 1389 Herr
413 1325 555 1385 Curchill
573 1321 615 1381 ist
639 1320 668 1380 zu
704 1318 757 1378 dem
799 1315 893 1375 Hrn.
912 1312 1042 1372 Wilkes
1072 1312 1143 1372 nach
1173 1309 1267 1369 Bou¬

259 1381 349 1441 logne
373 1373 600 1433 abgegangen.
652 1366 725 1426 Die
748 1366 861 1426 hiesige
891 1363 1186 1423 freundschaftliche
1204 1357 1265 1417 Ge¬

260 1425 434 1485 sellschaft,
456 1419 631 1479 genannt:
664 1416 716 1476 die
738 1415 822 1475 freye
844 1412 901 1472 und
929 1411 1194 1471 ungezwungene
1221 1409 1241 1469 im

256 1476 466 1536 Vertrauen,
483 1470 522 1530 ist
544 1467 594 1527 bis
622 1466 694 1526 über
717 1462 805 1522 3000
833 1461 994 1521 Personen
1022 1461 1266 1521 angewachsen.

265 1527 353 1587 Herr
371 1524 454 1584 Pitt
472 1519 507 1579 ist
531 1518 554 1578 in
584 1518 631 1578 der
655 1513 779 1573 meisten
809 1512 968 1572 Munde,
992 1511 1045 1571 der
1063 1509 1175 1569 größte
1199 1509 1275 1569 Mi¬

264 1575 360 1635 nister
383 1570 405 1630 in
434 1568 609 1628 England.
683 1563 767 1623 Aber
796 1562 840 1622 die
864 1560 948 1620 Zahl
966 1560 1067 1620 seiner
1090 1559 1202 1619 Feinde
1231 1557 1264 1617 ist

263 1623 330 1683 sehr
359 1621 461 1681 groß.
507 1614 613 1674 Einer
642 1610 773 1670 unserer
802 1608 1039 1668 Schriftsteller
1069 1608 1187 1668 merket
1216 1606 1249 1666 an

261 1670 347 1730 daß,
375 1667 407 1727 da
435 1664 505 1724 Hr.
522 1660 603 1720 Pitt
620 1658 701 1718 ohne
729 1652 896 1712 Nachsicht
919 1652 973 1712 das
1001 1652 1185 1712 Verfahren
1213 1651 1266 1711 des

265 1712 392 1772 Grafen
423 1706 516 1766 Bute
536 1700 753 1760 mißbilliget,
778 1697 906 1757 ersterer
931 1694 1083 1754 bedenken
1114 1696 1202 1756 solle,
1217 1694 1271 1754 daß

265 1760 297 1820 er
318 1756 408 1816 selbst
430 1750 466 1810 50
499 1745 679 1805 Millionen
711 1739 828 1799 Pfund
855 1739 971 1799 Sterl.
993 1739 1146 1799 während
1173 1737 1274 1797 seines

272 1802 582 1862 Staatsecretariats
614 1796 676 1856 bloß
709 1793 733 1853 in
759 1787 981 1847 Deutschland
1007 1790 1057 1850 als
1083 1787 1190 1847 frische
1210 1786 1285 1846 Na=

269 1857 515 1917 tionalschulden
552 1847 793 1907 aufgeopfert,
830 1843 932 1903 seinem
982 1843 1180 1903 Nachfolger
1211 1840 1271 1900 also

273 1909 332 1969 kein
374 1906 504 1966 besserer
540 1900 651 1960 Friede
688 1899 723 1959 zu
759 1896 907 1956 schließen
949 1894 1085 1954 möglich
1121 1893 1280 1953 gewesen,

276 1960 353 2020 weil
381 1958 437 2018 alle
465 1952 609 2012 Schätze
632 1948 809 2008 erschöpft,
848 1944 908 2004 und
942 1945 992 2005 die
1020 1944 1186 2004 Schulden
1220 1941 1275 2001 des

276 2009 379 2069 Volks
403 2004 483 2064 schon
513 2001 588 2061 aufs
612 1997 732 2057 höchste
750 1995 935 2055 gestiegen;
959 1993 1027 2053 was
1058 1993 1115 2053 das
1139 1990 1282 2050 Verfah¬

262 2059 317 2119 ren
351 2056 400 2116 des
435 2051 562 2111 Grafen
596 2047 690 2107 Bute
719 2046 813 2106 gegen
847 2043 902 2103 den
936 2040 1025 2100 Hrn.
1048 2040 1170 2100 Wilkes
1204 2037 1276 2097 aber

273 2106 468 2166 anbelangt,
486 2101 509 2161 so
539 2097 627 2157 hätte
651 2097 716 2157 Hr.
735 2092 817 2152 Pirt
835 2091 988 2151 während
1013 2090 1113 2150 seiner
1137 2090 1284 2150 Staats¬

273 2157 475 2217 verwaltung
505 2145 702 2205 verschiedne
732 2145 813 2205 ganz
837 2140 981 2200 ähnliche
1005 2139 1185 2199 Beyspiele
1209 2139 1260 2199 ihm

276 2208 356 2268 schon
387 2202 438 2262 zur
462 2196 700 2256 Nachbildung
724 2193 980 2253 vorgezeichnet.

477 2264 737 2324 Warschau,
771 2261 828 2321 vom
880 2262 941 2322 10.
970 2264 1083 2324 Sept.

330 2317 405 2377 Der
427 2316 523 2376 Fürst
540 2312 680 2372 Primas
713 2307 880 2367 erwähnte
902 2312 966 2372 noch
999 2312 1053 2372 vor
1075 2306 1268 2366 Ausrufung

272 2375 325 2435 des
348 2371 445 2431 neuen
479 2363 636 2423 Königs,
664 2360 718 2420 daß
746 2358 882 2418 derselbe
910 2361 1084 2421 diesesmal
1111 2358 1160 2418 die
1182 2357 1274 2417 Pacta

275 2422 441 2482 Conventa
467 2415 551 2475 nicht
571 2410 660 2470 gleich
687 2405 905 2465 beschwören,
931 2411 1060 2471 sondern
1093 2405 1284 2465 Commissa=

275 2473 340 2533 rien
371 2468 526 2528 aussetzen
557 2460 690 2520 würde,
714 2455 828 2515 welche
847 2455 906 2515 mit
925 2458 973 2518 den
1004 2458 1057 2518 von
1088 2457 1136 2517 den
1166 2452 1280 2512 Stän=

277 2524 330 2584 den
369 2519 450 2579 schon
483 2516 509 2576 zu
543 2508 721 2568 Endigung
760 2503 808 2563 der
830 2504 987 2564 Pactorum
1025 2503 1258 2563 Conventorum

276 2569 486 2629 ausgesetzten
514 2563 638 2623 Herren
667 2551 888 2611 Deputirten,
906 2554 979 2614 über
1002 2559 1115 2619 selbige
1138 2554 1177 2614 ein
1206 2551 1284 2611 Ver¬

280 2620 412 2680 nehmen
437 2614 586 2674 pflegen,
623 2611 680 2671 und
709 2603 819 2663 billige
843 2599 929 2659 Pacta
954 2605 1144 2665 Conventa,
1180 2604 1225 2664 die
1249 2602 1277 2662 er

280 2669 339 2729 mit
363 2665 452 2725 gutem
494 2661 654 2721 Gewissen
684 2656 743 2716 und
768 2649 851 2709 ohne
875 2651 1053 2711 Nachtheil
1077 2653 1172 2713 seiner
1196 2649 1284 2709 Ehre

283 2720 338 2780 und
363 2715 411 2775 der
431 2709 591 2769 Verträge
617 2706 678 2766 mit
697 2704 745 2764 den
778 2697 999 2757 benachbarten
1031 2703 1172 2763 Mächten
1197 2702 1283 2762 wirk.

281 2769 336 2829 lich
364 2767 391 2827 zu
420 2763 525 2823 halten
553 2760 575 2820 im
620 2755 753 2815 Stande
776 2750 842 2810 seyn
871 2745 998 2805 könnte,
1027 2754 1193 2814 einrichten
1221 2751 1282 2811 und

281 2816 430 2876 festsetzen
458 2808 585 2868 sollten,
602 2808 624 2868 so
652 2807 757 2867 würde
780 2800 851 2860 auch
879 2797 928 2857 dem
962 2799 1083 2859 Könige
1106 2802 1194 2862 nicht
1211 2799 1283 2859 eher

278 2867 334 2927 das
360 2860 738 2920 Erwählungsdiploma
770 2849 1002 2909 eingehändigt
1022 2853 1160 2913 werden,
1173 2852 1216 2912 bis
1242 2851 1286 2911 die

1294 306 1386 366 Pacta
1416 312 1584 372 Conventa
1608 315 1676 375 ihre
1701 315 1904 375 Richtigkeit
1928 312 2026 372 haben
2061 309 2125 369 und
2160 314 2310 374 beschwo=

1294 360 1343 420 ren
1374 360 1434 420 seyn
1465 363 1626 423 würden,
1652 366 1783 426 welches
1809 365 1970 425 Diploma
2001 360 2046 420 die
2072 360 2192 420 Herren
2223 364 2303 424 nebst

1297 407 1345 467 der
1372 407 1583 467 Unterschrift
1600 411 1659 471 mit
1681 413 1870 473 hangenden
1898 413 2032 473 Siegeln
2061 410 2211 470 begleiten
2239 412 2308 472 soll¬

1296 458 1361 518 ten.
1412 458 1563 518 Hierauf
1583 461 1654 521 frug
1690 461 1719 521 er
1750 461 1795 521 die
1816 463 1952 523 Stände
1982 462 2012 522 zu
2048 458 2305 518 dreyenmalen:

1297 506 1342 566 1)
1365 506 1415 566 Ob
1439 507 1478 567 sie
1507 506 1575 566 noch
1609 508 1666 568 den
1701 512 1854 572 Stolnick
1883 509 2042 569 Litewski
2065 509 2161 569 Hrn.
2179 509 2309 569 Ponia¬

1297 554 1418 614 towski
1441 556 1496 616 zum
1541 560 1651 620 König
1685 560 1784 620 haben
1818 563 1973 623 wollten?
2029 560 2072 620 2)
2095 560 2150 620 Ob
2178 557 2216 617 sie
2239 557 2294 617 ihn

1297 604 1392 664 unter
1419 604 1467 664 dem
1510 607 1637 667 Namen
1664 610 1871 670 Stanislaus
1893 610 2058 670 Augustus
2085 607 2138 667 zum
2181 606 2308 666 Könige

1303 652 1395 712 haben
1428 655 1580 715 wollten?
1635 660 1683 720 3)
1706 658 1760 718 Ob
1782 660 1814 720 er
1837 661 1885 721 ihn
1913 660 1978 720 also
2000 661 2217 721 proclamiren
2245 658 2298 718 soll

1295 701 1358 761 te?
1388 701 1515 761 worauf
1538 706 1567 766 zu
1596 709 1817 769 dreyenmalen
1846 711 1892 771 Ja
1916 710 1979 770 und
2003 709 2106 769 Vivat
2130 709 2240 769 folgte.

1348 775 1553 835 StanlsLaVs
1586 775 1764 835 AVgVstVs
1797 779 1834 839 eL
1845 781 1926 841 atVs
1959 781 2012 841 reX
2062 781 2234 841 poLonlae
2273 781 2305 841 et

1413 825 1557 885 MagnVs
1588 828 1671 888 DVX
1714 828 1942 888 LIthVanlae.

1351 900 1548 960 TraVrlges
1583 900 1729 960 Pohlen
1769 901 1864 961 freve
1899 903 2022 963 DICh,
2063 904 2299 964 StanlsLaVs

1414 948 1623 1008 AVgVstVs,
1646 948 1745 1008 Graf
1774 951 1834 1011 Von
1873 954 2149 1014 PonlatoVVSkI
2178 954 2288 1014 VVIrD

1410 995 1471 1055 Itzt
1503 997 1583 1057 Deln
1622 998 1758 1058 Könlg.

1615 1139 2004 1199 AVERTISSEMENT.

1360 1186 1430 1246 Bey
1466 1189 1519 1249 dem
1561 1190 1719 1250 Verleger
1755 1192 1850 1252 dieser
1886 1193 2021 1253 Zeitung
2051 1189 2091 1249 ist
2116 1190 2144 1250 zu
2180 1190 2309 1250 haben:

1306 1238 1379 1298 Der
1402 1240 1680 1300 liebenswürdige
1703 1243 1856 1303 Mensch,
1874 1243 1947 1303 oder
1964 1243 2015 1303 die
2039 1243 2157 1303 Kunst,
2175 1243 2220 1303 sich
2249 1240 2299 1300 den

1311 1293 1418 1353 Leuten
1448 1291 1571 1351 gefällig
1601 1291 1628 1351 zu
1657 1291 1804 1351 machen,
1827 1292 1878 1352 3te
1902 1294 1997 1354 Aufl.
2020 1294 2060 1354 8,
2083 1293 2122 1353 12
2145 1293 2202 1353 gr.
2259 1289 2314 1349 Le¬

1307 1342 1355 1402 ben
1383 1343 1441 1403 und
1464 1342 1722 1402 Begebenheiten
1750 1342 1793 1402 des
1815 1344 2020 1404 Engländers
2042 1341 2160 1401 Joseph
2188 1339 2312 1399 Thom=

1307 1393 1400 1453 sons,
1418 1393 1494 1453 1ster
1517 1394 1633 1454 Theil,
1650 1393 1705 1453 aus
1728 1393 1777 1453 dem
1822 1393 1921 1453 Engl.
1950 1395 1988 1455 8,
2010 1393 2048 1453 24
2077 1393 2126 1453 gr.
2176 1388 2314 1448 Friedr.

1303 1443 1455 1503 Wilmsen
1488 1441 1569 1501 zwey
1591 1443 1765 1503 Predigten
1793 1440 1836 1500 bey
1858 1440 1906 1500 dem
1945 1440 2086 1500 Wechsel
2098 1439 2195 1499 seines
2217 1437 2309 1497 Amts

1305 1491 1473 1551 gehalten,
1495 1494 1537 1554 8,
1559 1494 1600 1554 15
1627 1493 1679 1553 gr.
1728 1491 1854 1551 Kurzer
1886 1491 2023 1551 Bericht
2050 1488 2102 1548 vor
2135 1486 2187 1546 den
2214 1485 2314 1545 Land¬

1304 1539 1402 1599 mann
1437 1541 1491 1601 von
1526 1542 1579 1602 dem
1624 1542 1845 1602 vornehmsten
1880 1539 2017 1599 Futter,
2043 1536 2209 1596 Kräutern
2244 1536 2303 1596 und

1308 1590 1364 1650 vom
1406 1590 1545 1650 welschen
1577 1587 1690 1647 Korn,
1706 1590 1757 1650 gr.
1768 1590 1804 1650 8,
1820 1590 1907 1650 9'gr.
1959 1587 2124 1647 Principes
2151 1584 2305 1644 géneraux

1308 1634 1321 1694 &
1358 1634 1530 1694 raisonnés
1553 1634 1584 1694 de
1607 1634 1634 1694 la
1658 1634 1866 1694 Grammaire
1889 1631 2070 1691 françoise,
2094 1632 2148 1692 par
2171 1631 2234 1691 Mr.
2248 1631 2311 1691 Re-

1311 1675 1405 1735 staut,
1428 1676 1532 1736 nouv.
1546 1676 1695 1736 Edition,
1723 1678 1787 1738 12,
1810 1676 1823 1736 a
1846 1676 1950 1736 Paris,
1973 1678 1986 1738 2
2014 1676 2050 1736 fl.
2068 1679 2109 1739 24
2132 1679 2181 1739 gr.

1365 1778 1409 1838 Es
1443 1781 1481 1841 ist
1508 1781 1553 1841 dem
1606 1781 1749 1841 Publico
1782 1781 1899 1841 bereits
1926 1781 1951 1841 zu
1985 1784 2317 1844 verschiedenenmah¬

1314 1834 1355 1894 len
1398 1834 1481 1894 durch
1518 1836 1567 1896 die
1591 1834 1977 1894 Intelligentz=Blätter
2008 1837 2146 1897 bekannt
2171 1837 2315 1897 gemacht

1307 1886 1471 1946 worden,
1506 1887 1562 1947 daß
1603 1888 1693 1948 unter
1722 1888 1858 1948 Seiner
1893 1888 2103 1948 Königlichen
2149 1888 2313 1948 Majestat

1311 1938 1576 1998 allergnädigsten
1610 1936 1832 1996 Approbation
1860 1936 1913 1996 zum
1952 1936 2066 1996 Besten
2099 1936 2147 1996 des
2169 1934 2293 1994 Herzog

1312 1987 1425 2047 thums
1453 1984 1550 2044 Cleve
1572 1986 1631 2046 und
1659 1984 1707 2044 der
1729 1984 1918 2044 Grafschaft
1935 1985 2043 2045 Marck
2070 1984 2141 2044 nach
2168 1984 2319 2044 bekannt=

1318 2034 1492 2094 gemachten
1520 2034 1606 2094 Plan
1644 2032 1715 2092 eine
1737 2034 2074 2094 Geld=Negotiation
2102 2031 2128 2091 in
2156 2031 2237 2091 Form
2281 2032 2318 2092 ei¬

1318 2082 1370 2142 ner
1397 2082 1540 2142 Tontine
1567 2079 1593 2139 zu
1625 2079 1762 2139 Stande
1784 2082 1947 2142 gebracht.
1990 2083 2053 2143 Da
2080 2083 2137 2143 nun
2165 2082 2217 2142 zur
2244 2082 2312 2142 Zeit

1316 2130 1438 2190 wenige
1467 2129 1644 2189 Liebhaber
1667 2129 1711 2189 sich
1740 2130 1812 2190 dazu
1841 2131 2030 2191 gefunden;
2053 2133 2080 2193 so
2109 2133 2225 2193 werden
2259 2133 2320 2193 die¬

1316 2181 1422 2241 jenige
1444 2175 1597 2235 ersuchet,
1619 2178 1731 2238 welche
1758 2178 1806 2238 als
1827 2178 2019 2238 Collecteurs
2046 2181 2094 2241 bey
2121 2181 2216 2241 dieser
2233 2181 2323 2241 favo¬

1318 2229 1425 2289 rablen
1453 2223 1587 2283 Lotterie
1604 2226 1652 2286 sich
1680 2229 1869 2289 gebrauchen
1902 2226 1988 2286 lassen
2015 2229 2150 2289 wollen,
2183 2230 2231 2290 sich
2259 2230 2317 2290 auf

1316 2279 1366 2339 der
1390 2273 1690 2333 Königsbergschen
1724 2279 1865 2339 Kriegs=
1889 2275 1945 2335 und
1980 2276 2313 2336 Domainen=Kam¬

1320 2330 1384 2390 mer
1410 2327 1461 2387 bey
1487 2326 1537 2386 dem
1583 2324 1685 2384 Herrn
1718 2329 1891 2389 Secretair
1911 2326 2064 2386 Gemnich
2090 2325 2121 2385 zu
2148 2327 2288 2387 melden.

1317 2431 1651 2491 Wechsel-Cours
1666 2427 1680 2487 &
1739 2433 1890 2493 Species
1913 2433 1956 2493 d.
1971 2432 2036 2492 20.
2059 2433 2174 2493 Sept.
2189 2435 2312 2495 1764.

1900 2481 1940 2541 71
1961 2485 2048 2545 Tage
2069 2488 2129 2548 306
2149 2488 2203 2548 gr.

1317 2485 1501 2545 Amsterdam
1544 2484 1587 2544 41
1606 2479 1692 2539 Tage
1711 2485 1772 2545 308
1798 2490 1846 2550 gr.

1323 2536 1498 2596 Hamburg
1524 2531 1536 2591 3
1562 2532 1618 2592 W.
1637 2534 1693 2594 132
1719 2532 1768 2592 gr.

1864 2533 1875 2593 6
1906 2534 1960 2594 W.
1978 2536 2044 2596 131
2076 2539 2129 2599 gr.

1319 2587 1430 2647 Berlin

1807 2584 1952 2644 Dantzig
1989 2587 2025 2647 22
2057 2584 2103 2644 pr.
2125 2586 2208 2646 Cto.

1323 2635 1459 2695 Ducaten
1484 2632 1558 2692 neue
1584 2629 1590 2689 8
1615 2629 1646 2689 fl.
1659 2631 1696 2691 29
1715 2634 1770 2694 gr.

1903 2632 2030 2692 Alberts
2047 2635 2141 2695 Taler
2159 2638 2219 2698 129
2242 2641 2297 2701 gr.

1797 2682 1854 2742 Alt
1867 2682 2007 2742 Polnisch
2031 2685 2107 2745 Geld
2131 2687 2165 2747 12
2184 2684 2235 2744 pr.
2248 2682 2323 2742 Cto.

1324 2682 1437 2742 Rubel
1451 2682 1518 2742 112
1539 2683 1599 2743 gr.

1320 2773 1417 2833 Diese
1434 2766 1570 2826 Gelehrte
1592 2772 1646 2832 und
1668 2775 1831 2835 Politische
1848 2776 1972 2836 Zeitung
2000 2775 2070 2835 wird
2098 2772 2141 2832 des
2169 2769 2320 2829 Montag=

1422 2811 1475 2871 und
1513 2814 1651 2874 Freytags
1676 2819 1700 2879 in
1725 2817 1766 2877 dem
1809 2817 1996 2877 Kanterschen
2034 2815 2208 2875 Buchladen

1710 2858 1925 2918 ausgegeben.
