2479 3508
293 384 362 444 men
388 385 406 445 1
432 383 551 443 Schiff
571 380 627 440 von
659 380 702 440 64
728 383 880 443 Kanonen
918 383 968 443 für
1000 383 1050 443 den
1082 386 1296 446 Commodor,

293 437 303 497 2
331 431 500 491 Fregatten
528 431 582 491 von
616 428 648 488 30
682 431 840 491 Kanonen
868 431 900 491 an
928 431 1026 491 dieser
1049 434 1163 494 Küste,
1191 434 1201 494 2
1235 433 1300 493 der=

291 484 421 544 gleichen
466 478 492 538 in
531 478 585 538 den
624 477 727 537 Golfo
766 479 826 539 von
865 479 941 539 St.
969 481 1132 541 Laurenz,
1160 485 1231 545 eine
1259 485 1285 545 zu

295 529 427 589 Canso,
454 527 512 587 und
539 527 602 587 eine
624 527 650 587 in
677 524 730 584 dem
773 527 963 587 Meerbusen
990 527 1048 587 von
1075 532 1207 592 Fundy,
1229 532 1286 592 und

296 673 392 733 dieser
419 674 494 734 See
516 673 671 733 einlaufen
704 673 730 733 zu
758 671 870 731 laßen.

545 721 713 781 Cadix,
736 718 792 778 vom
843 718 882 778 5.
905 718 1028 778 Junii.

343 766 416 826 Der
446 769 519 829 Hof
543 767 640 827 fährt
663 766 755 826 fort,
784 768 835 828 für
864 766 916 826 die
945 769 1145 829 Sicherheit
1174 769 1299 829 unserer

295 816 576 876 Etablissementer
604 816 630 876 in
657 815 805 875 Amerika
833 815 864 875 zu
891 816 1019 876 sorgen.
1072 817 1120 877 Es
1152 816 1210 876 sind
1237 816 1290 876 aus

295 869 382 929 jedem
424 864 563 924 Königl.
584 861 780 921 Regimente
801 864 867 924 noch
899 864 914 924 4
945 865 1187 925 Unterofficiers
1219 867 1296 927 aus=
1328 864 1395 924 mit
1421 867 1627 927 allgemeiner
1659 870 1906 930 Zufriedenheit
1937 872 2004 932 noch
2035 870 2154 930 immer
2180 871 2329 931 fortgese¬

297 915 438 975 gehoben
469 915 615 975 worden,
636 912 681 972 die
702 912 762 972 mit
778 912 859 972 einem
895 915 996 975 Corps
1017 915 1214 975 Trouppen,
1230 915 1305 975 wel¬

297 963 361 1023 ches
388 963 616 1023 gröstentheils
643 960 701 1020 aus
729 960 776 1020 den
808 960 834 1020 in
862 960 989 1020 hiesiger
1016 963 1164 1023 Provinz
1192 961 1287 1021 garni

308 1054 400 1114 gehen
432 1053 545 1113 sollen.
592 1049 695 1109 Diese
717 1050 865 1110 Truppen
902 1052 985 1112 sollen
1016 1055 1041 1115 zu
1078 1055 1222 1115 Alicante
1244 1052 1310 1112 ein¬

309 1100 447 1160 geschifft
475 1097 618 1157 werden.
691 1097 762 1157 Von
796 1095 884 1155 Hofe
912 1094 950 1154 ist
973 1097 1045 1157 auch
1078 1100 1177 1160 dieser
1211 1099 1299 1159 Tage

306 1147 365 1207 der
398 1144 527 1204 Befehl
560 1144 630 1204 hier
663 1144 873 1204 eingegangen
917 1142 965 1202 die
999 1147 1209 1207 Ausrüstung
1248 1144 1301 1204 der

309 1196 419 1256 beyden
470 1193 702 1253 Kriegsschiffe
731 1190 758 1250 la
797 1193 963 1253 Capitana
1002 1193 1063 1253 und
1097 1193 1301 1253 l'Amirante

310 1297 449 1357 stimmte
470 1296 570 1356 Flotte
590 1291 763 1351 begleiten.

601 1342 729 1402 Rom,
765 1339 821 1399 vom
865 1342 907 1402 3.
936 1340 1021 1400 Jul.

355 1387 434 1447 Der
460 1390 557 1450 Pater
583 1390 736 1450 General
755 1390 804 1450 der
829 1390 970 1450 Jesuiten
1002 1390 1063 1450 hat
1088 1390 1137 1450 die
1162 1391 1303 1451 unange¬

310 1440 428 1500 nehme
451 1437 619 1497 Nachricht
643 1434 811 1494 erhalten,
835 1436 885 1496 daß
914 1437 964 1497 der
987 1437 1110 1497 Kayser
1139 1437 1195 1497 von
1224 1437 1302 1497 Chi=
1338 1440 1506 1500 rückkunft
1529 1440 1585 1500 von
1620 1442 1687 1502 hier
1710 1443 1777 1503 nach
1806 1443 1890 1503 Riga
1925 1446 1980 1506 ab,
2009 1444 2042 1504 um
2088 1443 2217 1503 daselbst
2241 1443 2325 1503 Ihro

301 1488 338 1548 na
366 1488 426 1548 alle
448 1485 596 1545 Jesuiten
629 1485 688 1545 aus
716 1485 814 1545 seinem
853 1483 967 1543 Reiche
1001 1485 1175 1545 vertrieben
1214 1488 1312 1548 habe,

312 1534 372 1594 und
395 1534 444 1594 daß
477 1533 526 1593 der
555 1531 659 1591 Pater
687 1533 859 1593 Meynard
893 1532 1085 1592 Augustiner
1114 1533 1307 1593 Barfüsser¬

307 1584 442 1644 Ordens
478 1581 525 1641 als
549 1581 719 1641 Superior
755 1582 802 1642 der
827 1581 961 1641 Mission
997 1584 1020 1644 in
1056 1584 1191 1644 besagter
1216 1581 1303 1641 Resi¬

302 1632 379 1692 denz
404 1631 565 1691 geblieben
596 1628 660 1688 sey.

547 1676 757 1736 Ferrara,
783 1673 838 1733 vom
889 1676 926 1736 2.
957 1676 1074 1736 Julii.

364 1718 449 1778 Man
477 1721 654 1781 vernimmt
676 1717 730 1777 daß
757 1717 805 1777 der
833 1715 967 1775 Tractat
989 1715 1128 1775 zwischen
1156 1715 1204 1775 der
1237 1714 1306 1774 Re=

299 1767 405 1827 public
430 1763 576 1823 Venedig
601 1760 659 1820 und
689 1758 742 1818 der
762 1757 957 1817 Regierung
982 1759 1010 1819 zu
1045 1757 1201 1817 Tripolis
1230 1756 1312 1816 nun¬

317 1814 424 1874 mehro
449 1811 546 1871 pöllig
582 1808 612 1868 zu
649 1808 787 1868 Stande
812 1808 993 1868 gekommen
1036 1808 1095 1868 und
1127 1808 1301 1868 geschlossen

496 1906 800 1966 Petersburg,
841 1909 896 1969 vom
946 1909 1009 1969 26.
1034 1909 1129 1969 Jun.

360 1962 399 2022 Zu
433 1957 569 2017 Moscau
604 1957 643 2017 ist
666 1957 785 2017 neulich
820 1957 871 2017 der
895 1960 1047 2020 Admiral
1076 1957 1133 2017 von
1162 1956 1297 2016 Galitzin

310 2011 362 2071 des
386 2009 490 2069 Herrn
519 2008 746 2068 Vicekanzlers
770 2007 875 2067 Vater
905 2005 933 2065 in
969 2008 1020 2068 dem
1068 2005 1172 2065 8osten
1208 2005 1300 2065 Jahr

314 2061 413 2121 seines
441 2055 550 2115 Alters
579 2052 760 2112 gestorben.

451 2102 835 2162 Constantinopel,
869 2100 928 2160 vom
976 2100 1041 2160 28.
1061 2098 1173 2158 May.

364 2151 450 2211 Man
491 2153 525 2213 ist
555 2151 624 2211 hier
654 2151 711 2211 auf
741 2148 787 2208 die
817 2148 949 2208 Sachen
985 2148 1043 2208 von
1072 2148 1193 2208 Pohlen
1229 2145 1303 2205 noch

306 2202 425 2262 immer
459 2199 524 2259 sehr
557 2196 786 2256 aufmerksam.
836 2196 972 2256 Allein,
1011 2196 1055 2256 die
1088 2193 1317 2253 Nachrichten,

314 2246 362 2306 die
395 2246 465 2306 man
498 2243 601 2303 davon
640 2237 770 2297 erhält,
798 2240 862 2300 sind
896 2242 944 2302 bis
977 2245 1048 2305 jetzo
1076 2243 1102 2303 so
1130 2242 1319 2302 widerspre¬

309 2291 426 2351 chend,
455 2289 504 2349 daß
538 2287 566 2347 es
589 2282 700 2342 schwer
723 2285 817 2345 fällt,
846 2290 890 2350 die
913 2291 1035 2351 genaue
1058 2288 1214 2348 Warheit
1243 2287 1315 2347 dar¬

310 2339 377 2399 aus
413 2336 449 2396 zu
491 2327 702 2387 entwickeln.

761 2336 853 2396 Man
897 2339 1050 2399 erwartet
1083 2337 1143 2397 also
1193 2336 1312 2396 nähere

315 2382 559 2442 Nachrichten,
583 2378 693 2438 welche
717 2378 763 2438 die
787 2387 967 2447 bisherigen
997 2387 1154 2447 aufklären
1184 2384 1294 2444 mögen

319 2435 527 2495 Inzwischen
571 2423 650 2483 wird
688 2429 878 2489 bemerket,
922 2435 976 2495 daß
1020 2435 1050 2495 es
1088 2434 1118 2494 im
1168 2432 1284 2492 Divan

311 2488 382 2548 eben
419 2481 525 2541 wegen
562 2476 615 2536 der
646 2473 819 2533 polnischen
855 2481 986 2541 Sachen
1016 2482 1082 2542 zwo
1118 2480 1302 2540 Partheyen

312 2539 421 2599 giebt.
467 2528 544 2588 Bey
577 2524 628 2584 der
662 2521 751 2581 einen
778 2524 823 2584 ist
849 2527 893 2587 der
920 2529 1153 2589 Großvezier,
1179 2527 1236 2587 bey
1263 2529 1313 2589 der

312 2584 436 2644 andern
478 2578 549 2638 aber
586 2574 638 2634 der
675 2569 811 2629 Mufti,
847 2574 894 2634 die
931 2578 1138 2638 vornehmste
1169 2575 1316 2635 Person.

311 2632 367 2692 So
395 2629 456 2689 viel
474 2628 659 2688 verlautet,
688 2619 710 2679 so
744 2617 799 2677 hat
829 2617 878 2677 der
901 2625 1103 2685 Großvezier
1132 2625 1317 2685 Gesinnun¬

317 2679 369 2739 gen
398 2676 573 2736 geäußert,
603 2674 649 2734 die
673 2669 725 2729 für
749 2664 794 2724 den
837 2668 1028 2728 pohlnischen
1058 2672 1314 2732 Krongroßfeld¬

317 2727 411 2787 herrn
441 2724 559 2784 Grafen
589 2719 748 2779 Branicki
766 2712 979 2772 vortheilhaft
998 2720 1080 2780 sind.
1104 2721 1174 2781 Der
1199 2719 1316 2779 Mufti

326 2774 483 2834 hingegen
508 2769 561 2829 hat
586 2769 635 2829 sich
666 2767 689 2827 im
732 2760 841 2820 Divan
878 2761 939 2821 auf
963 2766 1023 2826 alle
1055 2766 1163 2826 Weise
1189 2766 1242 2826 für
1273 2766 1321 2826 die

316 2823 418 2883 andre
446 2820 627 2880 pohlnische
656 2811 904 2871 Hauptparthey
938 2814 1130 2874 interressirt
1159 2817 1220 2877 und
1249 2817 1305 2877 das

327 2870 493 2930 Betragen
528 2867 580 2927 des
608 2865 733 2925 Fürsten
762 2855 901 2915 Primas
935 2857 994 2917 mit
1021 2862 1134 2922 großen
1168 2858 1321 2918 Lobsprü=

319 2921 388 2981 chen
421 2918 575 2978 erhoben.
627 2915 703 2975 Der
735 2912 812 2972 neue
839 2906 1017 2966 pohlnische
1037 2909 1223 2969 Gesandte,
1249 2908 1306 2968 wel

1326 383 1391 443 cher
1424 381 1476 441 den
1503 386 1607 446 Herrn
1641 389 1877 449 Stanckiewitz
1904 385 2020 445 ersetzen
2054 386 2133 446 soll,
2159 390 2237 450 wird
2264 389 2329 449 mit

1327 434 1495 494 Ungeduld
1523 431 1691 491 erwartet.

1601 484 1772 544 Thorn,
1802 487 1849 547 den
1885 485 1950 545 23.
1968 482 2050 542 Jul.

1371 525 1443 585 Aus
1466 528 1611 588 Berzesz
1639 533 1666 593 in
1701 533 1857 593 Cujavien
1896 533 1974 593 wird
2008 530 2159 590 berichtet
2187 530 2237 590 daß
2271 532 2320 592 der

297 577 349 637 der
376 575 592 635 Gouverneur
624 575 677 635 von
709 575 940 635 Terre=Neuve
973 575 1030 635 hat
1057 578 1162 638 Ordre
1194 580 1299 640 erhal=
1327 575 1463 635 daselbst
1480 580 1653 640 gefänglich
1680 580 1896 640 eingebrachte
1918 579 2060 639 Starost
2087 578 2144 638 von
2171 578 2323 638 Kraiwitz

293 625 377 685 ten,
400 625 461 685 kein
490 623 705 683 französisches
734 621 863 681 Schif,
886 622 965 682 ohne
988 625 1016 685 im
1056 625 1237 685 Nothfall,
1260 628 1287 688 in
1333 623 1378 683 ein
1407 625 1582 685 Anhänger
1605 629 1655 689 der
1673 628 1796 688 jetzigen
1825 628 2074 688 Gegenparthey
2108 626 2209 686 wegen
2238 625 2333 685 Wer¬

1322 670 1406 730 bung
1433 673 1554 733 einiger
1582 676 1814 736 Kriegsvölker
1853 679 1910 739 und
1948 679 2080 739 anderer
2102 676 2212 736 vorhin
2240 676 2318 736 schon

1319 719 1474 779 veruͤbten
1500 721 1635 781 Excessen
1666 727 1697 787 am
1739 727 1800 787 20.
1817 724 1909 784 dieses
1936 727 2158 787 arquebusiret
2180 727 2241 787 sey.

1580 772 1751 832 Wilda,
1785 775 1840 835 den
1884 775 1951 835 20.
1984 775 2072 835 Jul.

1374 813 1444 873 Die
1464 821 1735 881 Kapturgerichte
1756 822 1884 882 unserer
1904 822 2169 882 Woywodschaft
2196 822 2318 882 werden

1337 916 1406 976 tzet.
1452 917 1502 977 Am
1548 917 1673 977 vorigen
1709 918 1920 978 Sonnabend
1950 921 2050 981 genoß
2081 919 2191 979 unsere
2217 918 2327 978 Stadt

1333 958 1391 1018 das
1423 962 1595 1022 schätzbare
1628 962 1767 1022 Glück,

1806 961 1882 1021 Sr.
1910 968 2145 1028 Bischöflichen
2179 968 2320 1028 Gnaden

306 1010 488 1070 sonirenden
516 1009 526 1069 8
554 1004 786 1064 Regimentern
813 1007 942 1067 formirt
965 1007 1083 1067 worden
1111 1007 1164 1067 ist,
1186 1005 1304 1065 dahin-
1338 1002 1391 1062 den
1419 1007 1521 1067 Herrn
1559 1007 1613 1067 von
1640 1007 1861 1067 Massalsky,
1889 1010 2024 1070 Bischof
2052 1014 2105 1074 von
2138 1016 2272 1076 Wilda,
2294 1016 2321 1076 in

1337 1048 1424 1108 ihren
1450 1054 1594 1114 Mauren
1621 1055 1651 1115 zu
1677 1052 1790 1112 sehen;
1817 1052 1853 1112 es
1874 1055 1971 1115 haben
1998 1059 2167 1119 Dieselben
2204 1061 2245 1121 ein
2276 1064 2306 1124 an

1340 1097 1506 1157 sehnliches
1542 1097 1683 1157 Gefolge
1714 1100 1763 1160 bey
1799 1100 1885 1160 sich,
1916 1100 2082 1160 worunter
2113 1106 2324 1166 vornehmlich

1340 1142 1414 1202 Sr.
1435 1145 1657 1205 Durchlaucht
1679 1148 1726 1208 der
1753 1147 1848 1207 Fürst
1870 1148 2049 1208 Radziwil,
2071 1148 2113 1208 ein
2140 1150 2250 1210 Vetter
2277 1151 2324 1211 des

1343 1190 1472 1250 Fürsten
1496 1193 1727 1253 Woywoden,
1755 1196 1800 1256 der
1823 1197 1913 1257 Graf
1936 1198 2167 1258 Burzymsky,
2191 1198 2331 1258 Starost

312 1250 340 1310 zu
370 1243 618 1303 beschleunigen,
647 1240 756 1300 selbige
780 1243 866 1303 sollen
896 1243 942 1303 die
960 1243 1028 1303 nach
1052 1240 1132 1300 Vera
1156 1240 1237 1300 Crux
1261 1239 1306 1299 be=
1341 1238 1404 1298 von
1434 1240 1636 1300 Smolensko
1671 1245 1728 1305 und
1764 1246 1815 1306 der
1845 1243 1994 1303 Kayserl.
2024 1243 2185 1303 Russische
2215 1246 2336 1306 Major

1341 1288 1400 1348 von
1433 1289 1573 1349 Bandre
1600 1291 1648 1351 sich
1682 1294 1849 1354 befinden.
1904 1297 2050 1357 Montag
2083 1297 2174 1357 frühe
2202 1294 2326 1354 reiseten

1341 1339 1414 1399 Sr.
1432 1342 1658 1402 Bischöflichen
1687 1345 1823 1405 Gnaden
1863 1345 1925 1405 mit
1949 1346 2039 1406 Dero
2068 1348 2209 1408 Gefolge
2238 1345 2328 1405 unter

1336 1390 1463 1450 tausend
1486 1393 1663 1453 Wünschen
1697 1395 1780 1455 einer
1803 1396 1985 1456 glücklichen
2014 1396 2069 1456 und
2103 1396 2247 1456 baldigen
2275 1394 2335 1454 Zu¬

1338 1488 1502 1548 Majestät
1531 1489 1576 1549 die
1605 1491 1757 1551 Kayserin
1797 1491 1870 1551 aller
1899 1491 2034 1551 Reußen
2075 1492 2102 1552 zu
2137 1488 2334 1548 bewillkom¬

1337 1535 1437 1595 men,
1463 1536 1548 1596 deren
1579 1539 1724 1599 Ankunft
1750 1539 1815 1599 man
1857 1541 1911 1601 auf
1942 1541 1992 1601 den
2028 1539 2119 1599 13ten
2154 1539 2250 1599 dieses
2280 1539 2335 1599 da=

1343 1584 1431 1644 selbst
1454 1584 1630 1644 vermuthet
1652 1587 1724 1647 hat.
1768 1587 1840 1647 Der
1868 1587 1950 1647 Herr
1973 1587 2154 1647 Marschall
2177 1587 2226 1647 der
2249 1584 2337 1644 Con¬

1336 1629 1513 1689 föderation
1548 1628 1641 1688 Graf
1671 1631 1725 1691 von
1760 1631 1986 1691 Brzostowsky
2021 1633 2060 1693 ist
2085 1633 2134 1693 den
2169 1633 2257 1693 11ten
2292 1630 2326 1690 zu

1340 1670 1479 1730 Grodno
1503 1672 1713 1732 angelanget,
1727 1676 1783 1736 und
1807 1675 1862 1735 hat
1881 1676 2012 1736 daselbst
2031 1675 2109 1735 seine
2129 1673 2338 1733 Marschalls=

1340 1712 1479 1772 gerichte
1508 1715 1737 1775 angefangen;
1765 1716 1797 1776 an
1840 1718 1909 1778 eben
1952 1718 2002 1778 dem
2054 1721 2142 1781 Tage
2176 1721 2324 1781 erhielten

1337 1754 1417 1814 Sr.
1443 1756 1604 1816 Excellenz
1636 1760 1716 1820 einen
1757 1763 1894 1823 Courier
1925 1764 1980 1824 von
2011 1764 2067 1824 des
2093 1766 2224 1826 Fürsten
2255 1769 2340 1829 Dol¬

1344 1808 1471 1868 gorucky
1506 1811 1762 1871 Durchlaucht,
1797 1814 1930 1874 welcher
1965 1817 2011 1877 die
2041 1817 2215 1877 Nachricht
2244 1819 2336 1879 über¬

1337 1858 1482 1918 brachte,
1518 1861 1570 1921 daß
1605 1861 1640 1921 da
1670 1864 1769 1924 dieser
1799 1867 1903 1927 Prinz
1933 1867 1985 1927 den
2015 1867 2137 1927 Fürsten
2167 1869 2324 1929 Woywod

1338 1909 1392 1969 von
1420 1911 1529 1971 Wilda
1557 1913 1731 1973 verfolget;
1759 1915 1792 1975 er
1814 1915 1945 1975 selbigen
1984 1915 2032 1975 bey
2072 1917 2120 1977 der
2143 1918 2339 1978 Ueberfahrt

1337 1957 1480 2017 zwischen
1513 1960 1625 2020 Lubieß
1652 1960 1715 2020 und
1743 1963 1854 2023 Jenau
1882 1963 2083 2023 überfallen,
2111 1963 2158 2023 den
2191 1963 2265 2023 Rest
2287 1965 2345 2025 sei¬

1335 2006 1388 2066 ner
1415 2008 1564 2068 Truppen
1591 2008 1622 2068 zu
1649 2011 1862 2071 Gefangenen
1890 2010 2055 2070 gemacht,
2082 2008 2172 2068 dabey
2204 2009 2235 2069 16
2273 2012 2337 2072 Ca¬

1335 2055 1435 2115 nonen
1476 2053 1537 2113 und
1573 2056 1613 2116 20
1649 2058 1775 2118 Wagen
1811 2058 1983 2118 erbeutet;
2029 2056 2211 2116 nunmehro
2247 2058 2332 2118 setzet

1339 2101 1392 2161 der
1422 2100 1528 2160 Prinz
1559 2106 1766 2166 Dolgorucky
1802 2108 1849 2168 dem
1897 2112 2028 2172 Fürsten
2064 2109 2223 2169 Woywod
2260 2109 2330 2169 noch

1338 2151 1457 2211 weiter
1484 2151 1581 2211 nach.

1654 2258 2040 2318 AVERTISSEMENT.

1397 2311 1474 2371 Bey
1505 2308 1559 2368 dem
1602 2308 1758 2368 Verleger
1790 2306 1885 2366 dieser
1916 2306 2049 2366 Zeitung
2080 2306 2121 2366 ist
2146 2306 2176 2366 zu
2207 2307 2333 2367 haben:

1351 2362 1447 2422 Peter
1475 2357 1610 2417 Paars,
1637 2356 1680 2416 ein
1707 2355 1875 2415 komisches
1897 2351 2151 2411 Heldengedicht
2178 2354 2231 2414 von
2259 2354 2339 2414 Hol¬

1348 2414 1443 2474 berg,
1462 2414 1473 2474 4
1504 2410 1539 2470 fl.
1594 2403 1714 2463 Richey
1744 2404 1882 2464 deutsche
1907 2402 2086 2462 Gedichte,
2123 2402 2200 2462 1ster
2225 2405 2339 2465 Theil,

1352 2467 1363 2527 2
1392 2464 1426 2524 fl.
1450 2462 1484 2522 15
1508 2455 1560 2515 gr.
1607 2454 1745 2514 Mosers
1769 2452 1943 2512 Beyträge
1966 2449 1989 2509 zu
2024 2452 2070 2512 dem
2111 2452 2255 2512 Staats=
2273 2455 2330 2515 und

1355 2508 1561 2568 Völkerrecht
1574 2500 1632 2560 und
1656 2503 1697 2563 der
1721 2503 1909 2563 Geschichte,
1928 2500 2004 2560 1ster
2022 2500 2133 2560 Theil,
2146 2503 2157 2563 3
2181 2505 2222 2565 fl.
2234 2506 2263 2566 18
2287 2503 2340 2563 gr.

1352 2558 1494 2618 Plinius
1518 2551 1820 2611 Naturgeschichte,
1844 2549 1992 2609 übersetzt
2016 2548 2063 2608 von
2087 2551 2175 2611 Joh.
2188 2551 2241 2611 D.
2253 2551 2341 2611 Den=

1348 2613 1395 2673 so,
1414 2605 1492 2665 1ster
1516 2599 1625 2659 Theil,
1650 2600 1667 2660 7
1692 2602 1727 2662 fl.
1740 2602 1758 2662 6
1782 2602 1836 2662 gr.
1880 2599 1993 2659 Pauli
2018 2599 2205 2659 allgemeine
2236 2596 2344 2656 Preu¬

1350 2658 1448 2718 ßische
1472 2649 1524 2709 und
1556 2651 1876 2711 Brandenburgische
1900 2649 2105 2709 Geschichte,
2129 2651 2197 2711 5ter
2221 2644 2342 2704 Band,

1352 2712 1366 2772 4
1389 2708 1434 2768 fl.
1449 2701 1487 2761 27
1517 2697 1569 2757 gr.

1347 2829 1444 2889 Diese
1462 2823 1595 2883 Gelehrte
1613 2825 1670 2885 und
1693 2823 1849 2883 Politische
1867 2823 1994 2883 Zeitung
2018 2818 2086 2878 wird
2110 2817 2156 2877 des
2185 2817 2335 2877 Montags

1438 2868 1506 2928 und
1535 2869 1680 2929 Freytags
1702 2866 1729 2926 in
1750 2862 1799 2922 dem
1834 2861 2028 2921 Kanterschen
2057 2858 2236 2918 Buchladen

1736 2903 1950 2963 ausgegeben.
