2479 3508
203 346 282 406 nicht
303 350 422 410 Käyser
443 343 489 403 der
510 333 717 393 Gläubigen,
738 327 871 387 Yezid
892 327 931 387 ist
952 330 1032 390 nicht
1052 327 1205 387 Mensch,

201 395 332 455 Yezid
357 396 399 456 ist
417 389 478 449 kein
508 379 682 439 Geschöpf,
714 377 767 437 sein
798 377 906 437 Name
931 377 1009 437 wird
1034 377 1124 437 unter
1142 374 1196 434 den

201 443 403 503 Geschöpfen
435 433 517 493 nicht
537 426 694 486 genennt,
720 425 744 485 so
770 428 865 488 lange
891 428 922 488 er
955 428 1011 488 also
1043 425 1213 485 beharret.

197 491 376 551 Bewahre
405 480 475 540 was
505 477 539 537 du
574 476 701 536 gesehen
737 476 829 536 hast,
853 477 910 537 und
945 478 1026 538 kann
1062 476 1096 536 es
1131 473 1183 533 dem

1133 521 1196 581 So

201 541 335 601 Yezid
361 528 489 588 nützen,
515 527 540 587 so
566 524 648 584 nütze
681 521 712 581 es
739 526 835 586 ihm,
861 527 950 587 durch
982 527 1065 587 dich.

203 588 283 648 sagte
307 581 382 641 mein
411 575 561 635 Führer,
590 575 647 635 und
677 575 798 635 brachte
816 575 891 635 mich
926 577 1041 637 wieder
1065 575 1122 635 auf
1140 574 1209 634 die¬

199 633 243 693 sen
277 625 437 685 Planeten
471 622 604 682 zurück;
627 624 670 684 ich
704 623 754 683 kam
804 623 831 683 zu
871 625 931 685 mir
960 625 1065 685 selbst.

1134 622 1190 682 Du

203 678 271 738 hast
295 673 370 733 mich
406 673 614 733 genöthiget,
650 673 701 733 dir
731 675 806 735 mein
847 676 1037 736 ernsthaftes
1073 673 1206 733 Gesicht

193 732 225 792 zu
258 724 378 784 sagen.

1293 322 1439 382 Erstarrt
1457 324 1540 384 stand
1564 324 1721 384 Yezid,
1750 330 1806 390 und
1835 330 1958 390 fühlte,
1993 329 2049 389 daß
2083 329 2111 389 er
2140 330 2246 390 gerin¬

1243 375 1294 435 ger
1320 374 1382 434 sey,
1398 374 1443 434 als
1470 374 1516 434 die
1537 372 1707 432 Sclaven,
1733 376 1820 436 deren
1852 377 1939 437 Leben
1971 378 1996 438 in
2022 377 2120 437 seiner
2141 377 2233 437 Hand

1244 422 1349 482 stand.
1407 419 1454 479 Er
1487 422 1602 482 verließ
1635 420 1660 480 in
1693 422 1782 482 tiefem
1835 428 2046 488 Nachdenken
2083 428 2125 488 die
2152 425 2241 485 Höle

1243 473 1290 533 des
1317 473 1555 533 Abdallah,
1582 470 1640 530 und
1667 472 1810 532 wendete
1842 475 1900 535 sein
1927 478 2075 538 Gemüth
2112 476 2165 536 auf
2192 476 2239 536 die

1244 521 1377 581 Sorgen
1414 521 1465 581 der
1486 520 1702 580 Regierung,
1728 521 1769 581 um
1816 524 1867 584 den
1903 527 2001 587 letzten
2032 528 2109 588 Rest
2141 526 2238 586 seiner

1243 569 1354 629 Tage,
1381 572 1428 632 dem
1471 569 1662 629 Endzwecke
1689 570 1843 630 derselben
1880 575 2018 635 gemäß,
2050 578 2082 638 zu
2109 575 2246 635 gebrau¬

1234 619 1334 679 chen,
1360 619 1420 679 und
1456 619 1492 679 um
1538 619 1608 679 noch
1639 619 1669 679 zu
1705 619 1902 679 verdienen,
1928 625 1988 685 mit
2020 623 2121 683 seinen
2152 625 2252 685 Scla=

1240 673 1294 733 ven
1319 672 1353 732 am
1398 670 1530 730 Throne
1550 670 1693 730 genennt
1708 670 1737 730 zu
1767 670 1910 730 werden.

418 882 685 942 Hannover,
716 885 770 945 den
807 885 867 945 24.
886 887 971 947 Jul.

250 931 295 991 Am
342 933 440 993 19ten
482 933 573 993 dieses
614 935 678 995 sind
708 935 799 995 Ihro
830 934 973 994 Durchl.
1003 932 1049 992 die
1073 930 1188 990 beyden

202 985 345 1045 Prinzen
379 986 461 1046 Carl
484 984 545 1044 und
573 983 672 1043 Ernst
701 987 755 1047 von
789 984 1198 1044 Mecklenburg=Strelitz

201 1034 317 1094 wieder
344 1034 396 1094 von
429 1037 603 1097 Pyrmont
619 1037 936 1097 zurückgekommen.

435 1088 686 1148 Hamburg,
712 1088 765 1148 den
801 1090 860 1150 27.
891 1088 974 1148 Jul.

249 1133 320 1193 Die
349 1137 499 1197 Kaiserin
539 1136 594 1196 von
628 1133 790 1193 Rußland
824 1135 879 1195 hat
913 1137 1014 1197 einige
1048 1132 1209 1192 Gelehrte

195 1184 428 1244 ausgesendet,
460 1184 571 1244 welche
599 1181 694 1241 seltne
716 1184 848 1244 Bücher
870 1183 928 1243 und
955 1184 1199 1244 Handschriften

190 1231 361 1291 aufkaufen
388 1228 502 1288 sollen.
550 1225 622 1285 Sie
643 1228 705 1288 sind
732 1228 799 1288 hier
826 1231 914 1291 durch
951 1231 1018 1291 nach
1055 1228 1195 1288 Holland

199 1279 379 1339 gegangen,
410 1276 465 1336 von
496 1273 626 1333 wannen
657 1273 697 1333 sie
722 1273 792 1333 ihre
823 1276 918 1336 Reise
939 1276 1004 1336 nach
1035 1273 1200 1333 England,

200 1324 382 1384 Frankreich
407 1321 464 1381 und
493 1321 622 1381 Italien
651 1321 756 1381 weiter
781 1321 929 1381 fortsetzen
959 1318 1102 1378 werden.

342 1366 745 1426 Oberrheinstrom,
783 1366 841 1426 vom
889 1366 952 1426 26.
979 1366 1063 1426 Jul.

243 1413 318 1473 Von
351 1416 501 1476 Geudern
529 1413 561 1473 am
605 1415 825 1475 Vogelsberge
853 1413 890 1473 ist
918 1413 966 1473 die
993 1410 1198 1470 zuverläßige

196 1465 373 1525 Nachricht
401 1464 638 1524 eingegangen,
672 1464 726 1524 daß
759 1464 893 1524 daselbst
915 1461 975 1521 vor
997 1461 1115 1521 einigen
1143 1457 1207 1517 Ta¬

200 1515 249 1575 gen
277 1515 326 1575 der
349 1512 449 1572 Prinz
472 1515 633 1575 Christian
661 1514 744 1574 Carl
761 1512 817 1572 von
840 1512 1206 1572 Stollberg=Geudern,

197 1566 338 1626 Kaiserl.
356 1566 498 1626 Königl.
521 1566 1085 1626 Reichsgeneralfeldzeugmeister,
1120 1560 1204 1620 com¬

198 1619 425 1679 mandirender
451 1616 895 1676 Generalfeldwachtmeister
921 1613 967 1673 des
999 1611 1205 1671 Oberrhein¬

196 1671 271 1731 schen
301 1670 428 1730 Kreises
452 1670 522 1730 auch
546 1670 778 1730 holländischer
802 1667 1087 1727 Generalmajor,
1117 1661 1203 1721 Ches

199 1724 285 1784 eines
318 1721 695 1781 Infanterieregiments
728 1721 787 1781 und
820 1721 1040 1781 Gouverneur
1062 1717 1094 1777 zu
1122 1715 1207 1775 Phi¬

199 1772 366 1832 lipsburg,
399 1772 425 1832 im
469 1772 571 1832 39sten
604 1772 695 1832 Jahr
718 1772 803 1832 Dero
831 1772 939 1832 Alters
961 1771 1025 1831 mit
1042 1769 1133 1829 Tode
1155 1767 1209 1827 ab¬

198 1817 385 1877 gegangen.
440 1814 513 1874 Se.
539 1817 686 1877 Durchl.
711 1817 912 1877 hinterlassen
948 1817 1031 1877 einen
1061 1817 1199 1877 einzigen

205 1863 367 1923 Prinzen,
395 1858 481 1918 Carl
493 1858 666 1918 Heinrich.

416 1903 693 1963 Amsterdam,
730 1900 780 1960 den
815 1900 876 1960 24.
907 1900 992 1960 Jul.

252 1954 308 2014 Ein
339 1954 478 2014 gewisser
499 1950 607 2010 Jude,
633 1948 762 2008 welcher
794 1948 834 2008 ein
871 1948 1025 2008 geborner
1057 1945 1206 2005 Preußi¬

197 2008 279 2068 scher
302 2005 472 2065 Unterthan
501 1999 555 2059 ist,
578 1996 638 2056 und
661 1998 682 2058 in
716 1996 809 2056 seinem
849 1996 1053 2056 Vaterlande
1075 1995 1141 2055 sehr
1158 1994 1202 2054 be¬

199 2055 374 2115 trächtliche
400 2046 592 2106 Summen,
618 2046 643 2106 in
670 2046 716 2106 der
742 2043 882 2103 Absicht,
903 2044 938 2104 sie
965 2043 1099 2103 niemals
1130 2042 1207 2102 wie¬

198 2100 248 2160 der
273 2103 303 2163 zu
329 2098 445 2158 geben,
476 2098 724 2158 aufgenommen
760 2097 835 2157 hat,
856 2097 916 2157 und
947 2094 1113 2154 nachmals
1139 2093 1204 2153 hie¬

202 2151 258 2211 her
276 2150 445 2210 geflüchtet
463 2145 513 2205 ist,
536 2148 626 2208 ward
661 2151 774 2211 neulich
802 2150 858 2210 auf
882 2148 1028 2208 Ersuchen
1063 2143 1107 2203 des
1136 2142 1203 2202 Kö¬

202 2202 288 2262 nigl.
305 2198 516 2258 Preußischen
549 2198 739 2258 Ministerii
767 2199 977 2259 ausgeliefert
1005 2196 1070 2256 und
1097 2196 1129 2256 an
1157 2193 1200 2253 die

205 2252 350 2312 Grenzen
388 2249 442 2309 der
470 2246 620 2306 Provinz
643 2247 853 2307 OberRyssel
880 2248 1042 2308 gebracht,
1064 2245 1112 2305 wo
1145 2243 1193 2303 ihn

205 2305 309 2365 einige
332 2301 525 2361 Preußische
548 2296 708 2356 Soldaten
737 2296 763 2356 in
786 2298 952 2358 Empfang
975 2294 1107 2354 nahmen
1136 2290 1196 2350 und

202 2354 273 2414 nach
302 2354 412 2414 Lingen
441 2346 606 2406 brachten.
651 2342 700 2402 Er
729 2345 806 2405 wird
829 2348 961 2408 daselbst
984 2343 1028 2403 bis
1056 2344 1111 2404 auf
1128 2342 1205 2402 wei¬

202 2401 268 2461 tern
296 2401 423 2461 Befehl
440 2398 467 2458 in
501 2393 645 2453 Verhaft
673 2393 817 2453 bleiben.
862 2399 938 2459 Dem
983 2392 1193 2452 Vernehmen

205 2449 278 2509 nach
307 2447 363 2507 hat
386 2446 453 2506 man
493 2444 544 2504 die
567 2440 731 2500 erborgten
765 2444 878 2504 Gelder
901 2446 968 2506 noch
997 2443 1048 2503 bey
1071 2441 1115 2501 ihm
1150 2440 1205 2500 an¬

200 2495 370 2555 getroffen.
427 2494 537 2554 Heute
565 2491 643 2551 starb
682 2489 781 2549 alhier
810 2497 998 2557 Gregorius
1032 2489 1065 2549 di
1088 2491 1203 2551 Quan,

204 2545 246 2605 ein
273 2543 485 2603 armenischer
507 2539 692 2599 Negociant
714 2536 740 2596 in
772 2543 884 2603 111ten
911 2544 1001 2604 Jahr
1033 2541 1128 2601 seines
1155 2541 1208 2601 Al¬

204 2596 293 2656 ters,
320 2592 367 2652 der
394 2590 441 2650 bis
463 2590 499 2650 an
526 2587 578 2647 sein
605 2587 694 2647 Ende
721 2586 768 2646 den
795 2596 921 2656 völligen
949 2590 1112 2650 Gebrauch
1133 2590 1191 2650 von

209 2645 300 2705 seinem
344 2641 473 2701 Gesicht
492 2637 547 2697 und
572 2632 689 2692 Gehör
708 2640 849 2700 behalten
880 2643 947 2703 hat.

407 2685 715 2745 Copenhagen,
742 2685 793 2745 den
832 2694 890 2754 24.
922 2694 1006 2754 Jul.

258 2745 324 2805 Die
345 2739 525 2799 Theurung
546 2736 605 2796 hat
626 2734 753 2794 dadurch
780 2734 799 2794 in
834 2743 913 2803 einem
954 2743 1074 2803 Stücke
1101 2739 1207 2799 aufge=

198 2802 290 2862 hört,
316 2796 371 2856 daß
397 2794 446 2854 der
465 2787 583 2847 hiesige
608 2790 794 2850 Magistrat
814 2787 862 2847 den
895 2796 1106 2856 Schlächtern
1131 2790 1199 2850 eine

202 2850 390 2910 Fleischtaxe
419 2841 573 2901 gegeben.
625 2838 707 2898 Wer
735 2840 790 2900 von
825 2841 918 2901 ihnen
952 2847 1096 2907 dawider
1119 2841 1201 2901 han¬

212 2901 271 2961 delt
290 2902 361 2962 muß
386 2900 433 2960 für
464 2896 529 2956 eine
560 2894 625 2954 jede
656 2894 884 2954 Uebertretung
920 2896 932 2956 2
962 2898 1064 2958 Rthl.
1083 2897 1112 2957 an
1143 2893 1190 2953 die

1238 879 1373 939 Policey
1403 882 1550 942 erlegen,
1580 882 1627 942 die
1657 882 1746 942 denen
1782 882 2035 942 Denuncianten
2077 882 2106 942 zu
2142 882 2241 942 Theil

1233 931 1385 991 werden.

1486 981 1684 1041 London,
1724 984 1781 1044 den
1816 984 1878 1044 20.
1907 983 1991 1043 Jul.

1290 1028 1361 1088 Die
1391 1029 1504 1089 Sache
1529 1034 1672 1094 zwischen
1703 1034 1755 1094 dem
1798 1034 1929 1094 hiesigen
1959 1034 2048 1094 Hofe
2067 1031 2126 1091 und
2157 1031 2257 1091 Spa¬

1240 1082 1309 1142 nien
1337 1082 1472 1142 scheinet
1489 1085 1619 1145 täglich,
1647 1085 1749 1145 wegen
1788 1084 1836 1144 der
1864 1082 1999 1142 Händel
2021 1082 2075 1142 des
2108 1081 2248 1141 Campe¬

1244 1133 1423 1193 scheholtzes
1456 1133 1646 1193 ernsthafter
1679 1133 1705 1193 zu
1744 1133 1890 1193 werden.
1940 1128 1988 1188 Es
2016 1129 2048 1189 ist
2076 1127 2238 1187 deswegen

1238 1183 1281 1243 ein
1315 1181 1449 1241 Courier
1478 1181 1511 1241 an
1550 1181 1660 1241 unsern
1694 1181 1900 1241 Gesandten,
1935 1175 1987 1235 den
2021 1175 2150 1235 Grafen
2180 1175 2237 1235 von

1237 1228 1438 1288 Rocheford,
1458 1228 1525 1288 nach
1554 1225 1694 1285 Madrit
1714 1222 1910 1282 abgefertigt
1931 1220 2075 1280 worden,
2099 1221 2137 1281 um
2181 1221 2248 1281 eine

1238 1273 1468 1333 cathegorische
1492 1270 1645 1330 Antwort
1660 1270 1689 1330 zu
1718 1270 1861 1330 fordern,
1896 1267 1929 1327 ob
1963 1267 2015 1327 der
2044 1267 2073 1327 im
2116 1267 2236 1327 letztern

1239 1316 1519 1376 Friedenstractat
1540 1318 1697 1378 stipulirte
1722 1318 1859 1378 Artikel,
1880 1315 1988 1375 wegen
2018 1315 2150 1375 Fällung
2185 1315 2239 1375 des

1240 1362 1451 1422 Färbeholzes
1482 1363 1558 1423 solte
1583 1363 1729 1423 gehalten
1766 1363 1836 1423 oder
1877 1363 1962 1423 nicht
1988 1363 2129 1423 gehalten
2170 1363 2245 1423 wer¬

1235 1410 1317 1470 den.
1362 1412 1406 1472 Zu
1434 1412 1566 1472 gleicher
1589 1411 1660 1471 Zeit
1683 1411 1744 1471 hat
1772 1413 1822 1473 der
1856 1410 1966 1470 hiesige
1994 1411 2154 1471 spanische
2182 1412 2248 1472 Ge¬

1240 1458 1342 1518 sandte
1364 1461 1528 1521 gleichfals
1555 1461 1637 1521 einen
1673 1461 1817 1521 Courier
1844 1458 1879 1518 an
1916 1461 2013 1521 seinen
2050 1461 2122 1521 Hof
2148 1461 2246 1521 abge¬

1235 1509 1375 1569 fertigt,
1419 1512 1456 1572 um
1517 1511 1598 1571 neue
1637 1512 2000 1572 Verhaltungsbefehle
2034 1509 2244 1569 einzuholen.

1241 1560 1325 1620 Man
1354 1560 1428 1620 läßt
1446 1562 1473 1622 es
1502 1560 1593 1620 diesen
1622 1560 1758 1620 Posttag
1793 1563 1860 1623 noch
1895 1560 1992 1620 dahin
2026 1560 2185 1620 gestellet,
2209 1562 2242 1622 ob

1229 1610 1282 1670 das
1309 1613 1501 1673 allgemeine
1523 1613 1688 1673 Gerüchte
1710 1613 1801 1673 wahr
1823 1612 1892 1672 sey,
1919 1613 1972 1673 daß
2005 1610 2053 1670 die
2080 1610 2239 1670 Spanier

1240 1664 1284 1724 ein
1312 1664 1478 1724 englisches
1506 1665 1616 1725 Schiff
1645 1666 1905 1726 weggenommen
1950 1663 2010 1723 und
2038 1664 2071 1724 zu
2105 1664 2248 1724 Cartha¬

1242 1717 1315 1777 gena
1344 1718 1551 1778 aufgebracht
1575 1720 1698 1780 hätten.
1744 1718 1822 1778 Dem
1868 1718 1907 1778 sey
1931 1715 2065 1775 indessen
2094 1715 2149 1775 wie
2173 1715 2223 1775 ihm

1240 1769 1350 1829 wolle,
1372 1769 1399 1829 so
1427 1770 1543 1830 werden
1572 1769 1604 1829 zu
1632 1769 1802 1829 Spithead
1825 1769 1885 1829 alle
1902 1769 2062 1829 Anstalten
2090 1769 2145 1829 zur
2162 1767 2250 1827 Aus¬

1237 1814 1366 1874 rüstung
1391 1817 1491 1877 zwoer
1516 1817 1636 1877 Flotten
1665 1819 1833 1879 gemacht,
1862 1817 1977 1877 wovon
2007 1817 2054 1877 die
2079 1817 2145 1877 eine
2170 1817 2237 1877 nach

1237 1855 1386 1915 Amerika
1414 1858 1474 1918 und
1498 1858 1544 1918 die
1568 1861 1679 1921 andere
1703 1863 1772 1923 nach
1800 1863 1851 1923 der
1870 1864 2144 1924 mittelländischen
2172 1862 2237 1922 See

1236 1900 1398 1960 bestimmt
1420 1903 1484 1963 seyn
1512 1905 1582 1965 soll.
1604 1907 1647 1967 Zu
1680 1909 1901 1969 Portsmouth
1929 1909 1988 1969 sind
2016 1908 2097 1968 zwey
2119 1909 2242 1969 Schiffe

1234 1946 1293 2006 mit
1313 1948 1465 2008 Pfalzern
1490 1949 1667 2009 angefüllet
1682 1952 1830 2012 worden,
1855 1954 1899 2014 die
1919 1954 1987 2014 nach
2008 1954 2115 2014 unsern
2141 1957 2234 2017 neuen

1242 1996 1390 2056 Colonien
1422 1996 1490 2056 nach
1517 1997 1665 2057 Amerika
1686 1999 1807 2059 gehen.
1861 2002 2077 2062 Nachrichten
2115 2004 2162 2064 die
2184 2006 2241 2066 un¬

1238 2045 1279 2105 ser
1306 2043 1374 2103 Hof
1396 2042 1448 2102 aus
1475 2043 1602 2103 Dublin
1634 2043 1771 2103 erhalten
1798 2046 1866 2106 hat,
1893 2046 1982 2106 geben
2009 2048 2040 2108 zu
2062 2049 2241 2109 verstehen,

1240 2094 1291 2154 daß
1331 2091 1387 2151 seit
1410 2091 1534 2151 einiger
1563 2094 1630 2154 Zeit
1653 2094 1681 2154 so
1716 2094 1778 2154 viel
1807 2096 1908 2156 Bau=
1926 2096 1987 2156 und
2016 2099 2236 2159 Zimmerholz

1240 2140 1292 2200 von
1319 2139 1515 2199 Holländern
1547 2143 1605 2203 und
1632 2145 1748 2205 andern
1775 2148 1928 2208 Fremden
1961 2149 2018 2209 aus
2046 2151 2167 2211 Irland
2189 2152 2230 2212 sey

1237 2193 1419 2253 weggeholt
1442 2193 1585 2253 worden,
1614 2195 1669 2255 daß
1703 2198 1752 2258 die
1780 2200 1908 2260 fernere
1936 2202 2157 2262 Ausführung
2191 2204 2246 2264 da¬

1236 2243 1293 2303 von
1336 2240 1384 2300 als
1422 2240 1490 2300 eine
1523 2246 1723 2306 bedenkliche
1756 2249 1872 2309 Sache
1899 2252 2068 2312 angesehen
2111 2252 2232 2312 werden

1241 2291 1351 2351 müsse.
1396 2285 1472 2345 Der
1500 2297 1654 2357 Societät
1677 2300 1721 2360 der
1749 2301 1870 2361 Künste
1887 2300 1996 2360 wurde
2014 2303 2107 2363 dieser
2124 2306 2228 2366 Tagen

1240 2342 1304 2402 eine
1326 2339 1466 2399 Pflanze
1494 2346 1671 2406 vorgelegt,
1694 2349 1742 2409 die
1769 2354 1790 2414 in
1823 2354 1871 2414 dem
1915 2353 2088 2413 nordlichen
2121 2354 2234 2414 Theile

1236 2391 1286 2451 von
1327 2390 1478 2450 England
1509 2397 1641 2457 erzeugt
1667 2402 1783 2462 wird,
1819 2403 1879 2463 und
1916 2399 1971 2459 von
2007 2400 2133 2460 welcher
2164 2402 2234 2462 man

1232 2440 1317 2500 hofft
1337 2437 1383 2497 daß
1416 2437 1449 2497 sie
1470 2441 1521 2501 den
1555 2450 1779 2510 Hutmachern
1812 2452 1898 2512 einen
1932 2446 2050 2506 großen
2084 2447 2247 2507 Vortheil

1236 2486 1367 2546 bringen
1399 2488 1519 2548 werde.
1562 2497 1718 2557 Dieselbe
1743 2500 1900 2560 Societät
1918 2494 2033 2554 erhielt
2051 2494 2075 2554 zu
2106 2497 2232 2557 gleicher

1239 2539 1310 2599 Zeit
1333 2536 1387 2596 von
1415 2537 1464 2597 dem
1504 2547 1690 2607 berühmten
1718 2551 1822 2611 Herrn
1851 2545 1878 2605 du
1906 2545 2021 2605 Hamel
2044 2546 2098 2606 aus
2126 2550 2230 2610 Paris

1240 2587 1278 2647 ein
1312 2587 1471 2647 Präsent,
1494 2596 1625 2656 welches
1654 2600 1675 2660 in
1709 2600 1791 2660 einem
1830 2596 1923 2656 neuen
1952 2594 2111 2654 gelehrten
2134 2599 2232 2659 Werk

1237 2635 1290 2695 vom
1334 2635 1431 2695 Feld=
1454 2640 1518 2700 und
1551 2649 1708 2709 Ackerbau
1736 2643 1881 2703 bestand.
1931 2645 1995 2705 Als
2023 2643 2083 2703 vor
2110 2646 2229 2706 einigen

1240 2685 1348 2745 Tagen
1375 2688 1569 2748 verschiedne
1591 2700 1645 2760 von
1678 2696 1726 2756 den
1765 2693 1878 2753 neulich
1911 2692 1969 2752 aus
1997 2696 2229 2756 Südcarolina

1238 2738 1265 2798 zu
1293 2734 1514 2794 Portsmouth
1542 2747 1791 2807 angekommnen
1819 2742 1979 2802 Soldaten
2007 2742 2095 2802 durch
2118 2744 2234 2804 Guild¬

1243 2787 1306 2847 ford
1330 2787 1497 2847 paßirten,
1521 2798 1618 2858 begab
1655 2795 1683 2855 es
1712 2790 1764 2850 sich
1799 2790 1851 2850 daß
1886 2790 1920 2850 da
1950 2790 1989 2850 sie
2013 2793 2041 2853 im
2089 2793 2238 2853 Wirths¬

1235 2840 1329 2900 hause
1351 2838 1478 2898 waren,
1501 2847 1545 2907 ein
1574 2847 1628 2907 von
1657 2841 1750 2901 ihnen
1779 2839 2022 2899 mitgebrachter
2045 2844 2117 2904 Affe
2134 2844 2222 2904 ihnen

1229 2891 1410 2951 entwischte
1428 2893 1491 2953 und
1521 2898 1549 2958 in
1585 2900 1637 2960 den
1673 2894 1777 2954 Keller
1801 2891 1882 2951 lief,
1918 2891 2063 2951 woselbst
2094 2891 2122 2951 er
2152 2894 2227 2954 allen

2125 2945 2237 3005 Bier¬
