2479 3508
151 360 242 420 letzte
269 356 405 416 Kapitel
426 347 510 407 redet
531 341 582 401 von
616 339 668 399 den
695 336 865 396 Kräften,
892 336 1009 396 womit
1029 336 1074 396 die
1095 337 1173 397 Na¬

156 405 209 465 tur
244 407 297 467 den
332 395 541 455 Krankheiten
583 386 785 446 widersteht.
847 389 941 449 Man
975 386 1076 446 findet
1104 387 1164 447 also

158 457 253 517 hier,
281 451 383 511 außer
411 440 499 500 einem
547 437 717 497 Vorrathe
745 437 1017 497 philosophischer
1045 437 1174 497 Wahr¬

153 506 292 566 heiten,
326 492 545 552 vornehmlich
579 485 632 545 die
652 488 831 548 Semiotik
865 488 925 548 und
959 488 1164 548 Pathologie

148 554 344 614 bearbeitet.
389 539 592 599 Ungeachtet
611 539 662 599 der
688 539 801 599 großen
834 539 960 599 Menge
980 539 1170 599 Schriften,

1211 336 1259 396 die
1281 336 1340 396 von
1378 336 1475 396 diesen
1508 339 1675 399 Materien
1714 345 1886 405 erschienen
1920 347 2011 407 sind,
2039 345 2119 405 wird
2152 347 2216 407 doch

1210 386 1258 446 die
1280 386 1522 446 gegenwärtige
1545 386 1631 446 einen
1664 391 1831 451 besondern
1864 394 1983 454 Nutzen
2016 394 2080 454 und
2103 395 2216 455 Werth

1206 437 1409 497 behaupten.
1496 437 1613 497 Kosten
1663 438 1687 498 in
1725 443 1965 503 vorbemeldten
2003 446 2218 506 Kanterschen

1210 488 1512 548 Buchhandlungen
1546 486 1558 546 7
1591 487 1623 547 fl.
1643 490 1680 550 15
1714 493 1771 553 gr.

422 697 573 757 Wien,
605 700 662 760 vom
713 703 750 763 1.
782 703 902 763 Sept.

197 748 270 808 Die
299 748 435 808 Anzahl
459 748 515 808 der
539 748 709 808 türkischen
750 754 938 814 Truppen,
973 752 1086 812 welche
1110 751 1154 811 sich

153 798 374 858 gegenwärtig
406 797 443 857 an
480 797 533 857 der
560 798 733 858 polnischen
776 801 834 861 und
867 801 1151 861 siebenbürgischen

148 847 301 907 Grenzen
328 846 523 906 beysammen
556 850 699 910 befinden
726 849 805 909 wird
832 852 890 912 auf
906 852 1017 912 60000
1049 852 1154 912 Mann

159 900 336 960 geschätzet.

351 947 612 1007 Presburg,
652 951 711 1011 vom
765 951 829 1011 24.
870 951 961 1011 Jul.

201 995 274 1055 Dem
325 998 529 1058 Vermuthen
569 1001 643 1061 nach
683 1000 739 1060 soll
773 1001 841 1061 nach
876 1001 926 1061 den
961 1001 1153 1061 Provinzen

146 1048 322 1108 Croatien,
338 1050 552 1110 Sclavonien
585 1052 627 1112 rc.
644 1052 685 1112 rc.
718 1052 771 1112 der
799 1052 926 1112 Befehl
948 1052 1151 1112 abgegangen

149 1102 235 1162 seyn,
263 1103 316 1163 daß
344 1102 404 1162 alle
426 1102 442 1162 3
469 1100 665 1160 Divisionen
698 1103 751 1163 der
774 1103 893 1163 dasigen
926 1103 1083 1163 Truppen
1106 1101 1154 1161 bey

155 1154 264 1214 56000
298 1151 403 1211 Mann
436 1151 458 1211 in
491 1151 563 1211 allem
608 1151 657 1211 sich
679 1151 894 1211 marschfertig
923 1154 1027 1214 halten
1050 1154 1160 1214 sollen.

334 1197 662 1257 Copenhagen,
688 1198 743 1258 vom
790 1201 835 1261 8.
860 1200 971 1260 Sept.

197 1243 275 1303 Mit
295 1243 344 1303 der
369 1243 461 1303 neuen
491 1242 549 1302 und
579 1243 775 1303 erweiterten
805 1246 1059 1306 Schifsbrücke,
1084 1244 1157 1304 wel¬

141 1291 190 1351 che
216 1291 291 1351 Sr.
317 1291 418 1351 Maj.
444 1288 493 1348 der
519 1288 625 1348 König
661 1291 716 1351 zum
757 1291 877 1351 Besten
914 1294 964 1354 der
989 1292 1155 1352 Handlen¬

138 1338 217 1398 den,
232 1336 290 1396 und
316 1336 369 1396 zur
395 1336 680 1396 Bequemlichkeit
700 1336 749 1396 der
774 1339 995 1399 ausladenden
1020 1336 1148 1396 Schiffe

146 1384 170 1444 im
211 1384 336 1444 Sunde
357 1384 482 1444 anlegen
507 1384 627 1444 laßen,
653 1384 688 1444 ist
714 1385 778 1445 man
809 1386 869 1446 nun
899 1384 974 1444 schon
1005 1384 1140 1444 ziemlich

144 1433 218 1493 weit
239 1431 445 1491 gekommen.
495 1431 610 1491 Kleine
636 1431 766 1491 Schiffe
787 1434 847 1494 und
872 1431 1058 1491 Fahrzeuge
1083 1428 1138 1488 von

136 1482 152 1542 5
185 1482 228 1542 bis
256 1479 315 1539 600
349 1479 516 1539 Tonnen,
545 1479 653 1539 welche
681 1479 696 1539 7
730 1479 778 1539 bis
806 1482 816 1542 8
850 1482 914 1542 Fuß
947 1479 1007 1539 tief
1035 1479 1148 1539 gehen,

144 1530 258 1590 können
294 1530 429 1590 daselbst
455 1530 570 1590 bereits
606 1527 705 1587 wider
741 1529 796 1589 alle
826 1529 946 1589 Winde
977 1527 1067 1587 sicher
1093 1526 1147 1586 lie¬

141 1581 225 1641 gen,
251 1581 311 1641 und
341 1579 426 1639 zwar
462 1580 492 1640 in
527 1578 612 1638 einer
643 1580 778 1640 Bucht,
809 1578 859 1638 die
890 1578 944 1638 von
980 1578 1140 1638 gedachter

136 1628 358 1688 Schifbrücke
381 1630 413 1690 ab
435 1628 624 1688 ausgebaut
647 1628 706 1688 ist,
734 1630 793 1690 und
820 1628 869 1688 sich
896 1628 950 1688 von
983 1628 1140 1688 derselben

138 1682 186 1742 bis
208 1682 240 1742 an
274 1682 322 1742 die
345 1682 502 1742 Citadelle
525 1682 743 1742 Kronenburg
770 1682 928 1742 erstreckt.
972 1679 1048 1739 Vor
1071 1678 1151 1738 eini¬

131 1737 184 1797 gen
215 1736 328 1796 Tagen
365 1736 478 1796 langte
502 1736 549 1796 ein
581 1736 693 1796 Schiff
718 1736 783 1796 mit
808 1736 867 1796 220
898 1736 1004 1796 Stück
1030 1733 1136 1793 Falken

137 1790 256 1850 allhier
276 1787 334 1847 an.

405 1828 568 1888 Cadix,
596 1831 656 1891 vom
705 1831 743 1891 7.
765 1831 857 1891 Aug.

180 1875 229 1935 Am
269 1876 337 1936 4ten
373 1876 471 1936 dieses
506 1876 559 1936 hat
590 1873 644 1933 der
669 1872 832 1932 Marquis
872 1870 930 1930 von
966 1870 1054 1930 Tilly
1084 1869 1147 1929 mit

140 1925 233 1985 seiner
258 1924 430 1984 Esquadre
460 1921 519 1981 aus
554 1920 677 1980 zweyen
707 1918 968 1978 Kriegesschiffen
1008 1915 1061 1975 von
1096 1914 1135 1974 70

134 1975 321 2035 Kanonen,
341 1971 444 2031 zwoen
479 1966 671 2026 Schebecken
701 1969 759 2029 von
784 1967 824 2027 32
854 1966 1030 2026 Kanonen,
1056 1963 1143 2023 nebst

137 2028 236 2088 zwoen
272 2023 382 2083 andern
418 2017 603 2077 dergleichen
629 2017 683 2077 von
714 2019 754 2079 24
779 2020 934 2080 Kanonen
965 2017 1010 2077 die
1035 2017 1135 2077 Anker

138 2076 309 2136 gehoben,
332 2071 392 2131 und
420 2067 480 2127 ist,
503 2067 564 2127 wie
598 2067 663 2127 man
697 2070 841 2130 glaubt,
863 2067 935 2127 nach
969 2065 1018 2125 der
1041 2064 1140 2124 Insel

136 2122 308 2182 Mogador
331 2118 537 2178 bestimmet,
559 2118 596 2178 um
640 2118 688 2178 die
710 2121 840 2181 daselbst
863 2119 922 2179 auf
939 2115 1068 2175 Befehl
1085 2115 1133 2175 des

129 2172 274 2232 Kaysers
308 2169 361 2229 von
394 2172 551 2232 Marocco
578 2170 762 2230 angelegten
795 2172 1071 2232 Vestungswerke
1099 2169 1125 2229 zu

131 2221 339 2281 zernichten.

381 2276 583 2336 London,
606 2273 663 2333 vom
710 2274 750 2334 4.
774 2275 889 2335 Sept.

181 2325 252 2385 Der
281 2324 391 2384 größte
414 2324 513 2384 Theil
531 2321 580 2381 der
608 2321 729 2381 Nation
758 2327 896 2387 scheinet
913 2325 973 2385 mit
996 2324 1045 2384 der
1074 2321 1123 2381 von

128 2377 184 2437 dem
221 2377 371 2437 Herzoge
392 2372 448 2432 von
475 2371 573 2431 Yorck
605 2372 801 2432 gethanenen
838 2374 936 2434 Reise
968 2372 1133 2432 vergnügt

125 2428 156 2488 zu
183 2426 289 2486 seyn,
327 2423 407 2483 weil
434 2420 572 2480 derselbe
599 2420 738 2480 dadurch
770 2423 866 2483 diesem
914 2420 1132 2480 Königreiche

127 2471 323 2531 verschiedne
345 2470 515 2530 Vortheile
537 2465 718 2525 verschaffet
740 2472 813 2532 hat,
824 2472 930 2532 wohin
958 2467 1027 2527 man
1054 2467 1133 2527 rech¬

122 2518 197 2578 net,
223 2519 278 2579 daß
309 2518 390 2578 viele
411 2518 441 2578 zu
467 2515 634 2575 Livorno,
655 2521 806 2581 Genua,
832 2523 893 2583 und
929 2518 964 2578 an
1000 2515 1116 2575 andern

129 2566 361 2626 Italienischen
384 2566 485 2626 Orten
514 2563 558 2623 sich
593 2567 808 2627 aufhaltende
842 2568 989 2628 englische
1018 2566 1124 2626 Kauf.

123 2617 209 2677 leute
237 2614 323 2674 durch
362 2613 432 2673 Sr.
460 2612 600 2672 Königl.
628 2614 757 2674 Hoheit
780 2620 1024 2680 Vermittelung
1062 2613 1116 2673 das

129 2666 214 2726 freye
233 2661 461 2721 Bürgerrecht
480 2658 608 2718 daselbst
628 2663 762 2723 erhalten
794 2670 911 2730 haben.
948 2664 1114 2724 Hingegen

126 2717 184 2777 mit
197 2715 249 2775 den
276 2710 419 2770 Reisen,
439 2709 556 2769 welche
583 2708 608 2768 so
642 2711 706 2771 viel
733 2714 791 2774 von
831 2719 941 2779 unsern
968 2714 1118 2774 Englän=

124 2769 192 2829 dern
221 2764 294 2824 nach
317 2760 504 2820 Frankreich
533 2759 635 2819 thun,
664 2760 697 2820 ist
720 2763 788 2823 man
817 2766 839 2826 je
863 2767 976 2827 länger
999 2764 1027 2824 je
1061 2762 1123 2822 we¬

120 2820 210 2880 niger
233 2814 414 2874 zufrieden.
483 2808 550 2868 Ein
579 2808 657 2868 jeder
681 2810 788 2870 weis,
811 2818 901 2878 daß,
924 2817 1008 2877 wenn
1037 2814 1104 2874 man

120 2867 187 2927 nach
219 2866 330 2926 Calais
356 2862 411 2922 und
436 2858 554 2918 andern
585 2858 802 2918 französischen
833 2866 963 2926 Plätzen
989 2865 1124 2925 kömmt,

119 2918 188 2978 man
216 2919 381 2979 genöthigt
403 2912 465 2972 ist,
487 2911 590 2971 seinen
619 2912 742 2972 Namen
771 2918 978 2978 einschreiben
1014 2918 1041 2978 zu
1076 2914 1117 2974 la=

1203 700 1282 760 ßen.
1328 700 1389 760 Ein
1424 700 1560 760 gewisser
1584 700 1674 760 Herr
1697 703 1878 763 erkundigte
1902 703 1952 763 sich
1982 706 2128 766 neulich,
2152 706 2213 766 wie

1203 748 1285 808 viele
1312 749 1502 809 Engländer
1535 750 1591 810 seit
1617 751 1668 811 dem
1715 752 1808 812 Ende
1839 754 1891 814 des
1923 754 2020 814 letzten
2057 756 2217 816 Krieges,

1205 802 1236 862 zu
1274 798 1416 858 Calais,
1443 796 1479 856 um
1527 796 1579 856 von
1622 799 1653 859 da
1686 801 1754 861 nach
1786 801 1891 861 Paris
1923 801 1954 861 zu
1992 801 2118 861 gehen,
2150 804 2218 864 ein¬

1201 846 1352 906 getroffen
1391 846 1526 906 wären,
1564 846 1623 906 und
1657 851 1797 911 erfuhr,
1830 851 1883 911 daß
1916 849 1960 909 die
1987 852 2122 912 Anzahl
2150 851 2219 911 der¬

1201 897 1301 957 selben
1333 895 1380 955 sich
1417 895 1475 955 auf
1507 894 1623 954 10000
1660 900 1829 960 Personen
1861 897 1993 957 beliefe.
2062 900 2119 960 Da
2152 902 2214 962 un¬

1199 947 1243 1007 sre
1271 945 1466 1005 Landsleute
1500 945 1716 1005 gemeiniglich
1750 951 1811 1011 auf
1845 950 1945 1010 diesen
1984 948 2101 1008 Reisen
2140 951 2206 1011 sehr

1201 997 1330 1057 herrlich
1363 997 1476 1057 leben,
1503 998 1530 1058 so
1552 998 1664 1058 müssen
1703 1001 1751 1061 die
1773 998 1972 1058 Summen,
1994 998 2042 1058 die
2070 1000 2112 1060 sie
2140 999 2209 1059 ver¬

1202 1045 1299 1105 thun,
1327 1049 1539 1109 unermeßlich
1567 1052 1658 1112 seyn.
1709 1052 1757 1112 In
1790 1052 1915 1112 voriger
1943 1051 2057 1111 Woche
2079 1052 2203 1112 wurden

1205 1098 1268 1158 blos
1295 1095 1347 1155 von
1380 1099 1464 1159 einem
1512 1100 1649 1160 einzigen
1687 1103 1824 1163 hiesigen
1856 1103 2004 1163 Comtoir
2036 1102 2073 1162 23
2100 1103 2211 1163 Wech¬

1199 1148 1345 1208 selbriefe
1367 1148 1421 1208 von
1454 1151 1540 1211 einem
1578 1151 1643 1211 sehr
1670 1151 1772 1211 hohen
1800 1151 1967 1211 Betrage,
1990 1151 2043 1211 für
2066 1151 2092 1211 so
2120 1151 2200 1211 viele

1199 1196 1394 1256 verschiedne
1420 1198 1445 1258 in
1471 1198 1656 1258 Frankreich
1692 1198 1878 1258 befindliche
1904 1196 2095 1256 Engländer
2125 1201 2195 1261 nach

1195 1243 1304 1303 Paris
1334 1243 1524 1303 abgesandt.
1573 1243 1620 1303 Um
1674 1243 1735 1303 nun
1779 1243 1864 1303 einer
1899 1243 1927 1303 so
1956 1243 2070 1303 großen
2099 1243 2204 1303 Geld¬

1192 1288 1453 1348 ausschweifung
1478 1289 1669 1349 Schranken
1700 1291 1730 1351 zu
1755 1288 1865 1348 setzen,
1881 1290 1930 1350 ist,
1957 1288 2016 1348 wie
2037 1290 2067 1350 es
2097 1292 2202 1352 heißt,

1192 1333 1221 1393 im
1262 1335 1478 1395 Vorschlage,
1504 1336 1559 1396 daß
1595 1336 1655 1396 alle
1681 1337 1741 1397 und
1772 1336 1837 1396 jede
1863 1336 2059 1396 Personen,
2085 1339 2195 1399 welche

1192 1378 1274 1438 keine
1306 1381 1481 1441 besondere
1513 1382 1646 1442 nöthige
1683 1384 1745 1444 und
1782 1384 1931 1444 nützliche
1957 1384 2127 1444 Geschäfte
2159 1390 2184 1450 in

1191 1428 1376 1488 Frankreich
1403 1430 1428 1490 zu
1459 1431 1629 1491 verrichten
1656 1432 1779 1492 haben,
1806 1434 1857 1494 für
1879 1431 1929 1491 die
1951 1433 2121 1493 Freyheit,
2142 1439 2198 1499 da¬

1190 1477 1237 1537 hin
1269 1476 1300 1536 zu
1327 1479 1454 1539 gehen,
1481 1479 1549 1539 eine
1571 1479 1692 1539 gewisse
1714 1482 1867 1542 Summe
1889 1481 2015 1541 Geldes
2037 1485 2184 1545 bezahlen

1186 1524 1296 1584 sollen.
1357 1524 1477 1584 Unsere
1508 1530 1765 1590 Zubereitungen
1801 1530 1856 1590 zur
1886 1528 1961 1588 See
1987 1533 2082 1593 gehen
2128 1534 2188 1594 vor

1190 1575 1256 1635 sich.
1306 1575 1394 1635 Eine
1417 1578 1655 1638 mittelmäßige
1677 1581 1804 1641 Flotte,
1833 1579 1876 1639 die
1904 1581 1964 1641 aus
1993 1581 2004 1641 7
2038 1581 2181 1641 Schiffen

1188 1622 1242 1682 von
1273 1623 1323 1683 der
1344 1625 1428 1685 Linie
1455 1625 1510 1685 und
1535 1628 1661 1688 etlichen
1692 1630 1857 1690 Fregatten
1888 1630 1949 1690 und
1969 1631 2180 1691 Schaluppen

1188 1676 1320 1736 bestehen
1349 1676 1421 1736 soll,
1432 1679 1510 1739 wird
1533 1679 1755 1739 ausgerüstet.
1806 1679 1856 1739 Es
1884 1681 1940 1741 sind
1968 1682 2179 1742 allenthalben

1190 1728 1330 1788 Papiere
1353 1732 1607 1792 angeschlagen,
1635 1735 1666 1795 um
1705 1733 1867 1793 Seeleute
1890 1733 1916 1793 zu
1949 1734 2100 1794 werben,
2123 1736 2181 1796 und

1190 1781 1298 1841 Platze
1320 1784 1586 1844 ausgezeichnet,
1614 1786 1663 1846 wo
1685 1784 1733 1844 sich
1761 1787 1935 1847 diejenigen
1963 1787 2098 1847 angeben
2126 1787 2185 1847 und

1188 1828 1393 1888 versammlen
1418 1831 1538 1891 sollen,
1564 1833 1613 1893 die
1634 1834 1704 1894 Lust
1729 1832 1854 1892 haben.
1880 1833 2020 1893 Dienste
2045 1835 2075 1895 zu
2111 1837 2185 1897 neh¬

1178 1869 1271 1929 men.
1321 1868 1364 1928 Es
1389 1870 1429 1930 ist
1449 1874 1576 1934 Befehl
1596 1876 1748 1936 ertheilt,
1773 1876 1822 1936 die
1852 1879 2127 1939 Vestungswerke
2147 1884 2176 1944 zu

1177 1911 1359 1971 Gibraltar
1389 1918 1447 1978 und
1487 1919 1644 1979 Minorca
1674 1921 1703 1981 zu
1738 1922 1939 1982 verstärken.
1989 1926 2062 1986 Die
2087 1931 2190 1991 Spa¬

1174 1962 1243 2022 nier
1269 1963 1364 2023 rüsten
1395 1966 1465 2026 eine
1486 1966 1586 2026 Flotte
1611 1966 1636 2026 zu
1667 1969 1783 2029 Ferrol
1803 1972 1883 2032 aus,
1904 1970 2019 2030 welche
2040 1973 2064 2033 in
2090 1978 2180 2038 Por¬

1173 2014 1281 2074 tugall
1298 2014 1384 2074 mehr
1406 2014 1585 2074 Aufsehens
1612 2017 1726 2077 macht,
1754 2019 1802 2079 als
1824 2017 1910 2077 hier,
1938 2021 1997 2081 und
2019 2023 2068 2083 der
2090 2024 2181 2084 Por¬

1173 2061 1350 2121 tugiesische
1378 2061 1450 2121 Hof
1473 2063 1533 2123 hat
1556 2064 1739 2124 befohlen,
1773 2067 1850 2127 neue
1879 2070 2067 2130 Vestungen
2101 2073 2178 2133 zwi¬

1174 2112 1247 2172 schen
1280 2112 1437 2172 Brasilien
1464 2112 1522 2172 und
1549 2114 1601 2174 den
1628 2118 1802 2178 spanischen
1834 2119 2018 2179 Provinzen
2061 2123 2087 2183 in
2114 2125 2171 2185 sel¬

1169 2163 1258 2223 biger
1285 2160 1417 2220 Gegend
1438 2165 1638 2225 anzulegen,
1671 2169 1749 2229 weil
1766 2169 1834 2229 ihre
1855 2174 2008 2234 Gränzen
2046 2175 2077 2235 an
2114 2175 2166 2235 der

1170 2211 1402 2271 Mittagsseite
1420 2213 1499 2273 ganz
1527 2216 1600 2276 offen
1635 2220 1719 2280 sind,
1748 2223 1878 2283 welches
1901 2226 1991 2286 durch
2021 2224 2065 2284 die
2088 2226 2172 2286 Aus¬

1168 2261 1358 2321 wechselung
1385 2258 1441 2318 von
1467 2264 1539 2324 St.
1555 2270 1766 2330 Sacrament
1793 2276 1890 2336 gegen
1927 2276 2009 2336 einen
2046 2276 2159 2336 andern

1171 2312 1340 2372 spanischen
1367 2312 1451 2372 Orte
1473 2317 1673 2377 verursachet
1690 2321 1837 2381 worden.

1214 2358 1262 2418 Es
1295 2357 1413 2417 werden
1452 2366 1672 2426 gegenwärtig
1711 2372 1737 2432 in
1770 2378 1921 2438 England
1965 2375 2159 2435 verschiedne

1171 2411 1297 2471 Schiffe
1314 2410 1372 2470 von
1409 2412 1446 2472 74
1484 2418 1637 2478 Canonen
1675 2423 1833 2483 gebauet,
1860 2423 1939 2483 weil
1966 2426 2067 2486 einige
2104 2425 2162 2485 alte

1164 2461 1296 2521 Schiffe
1320 2455 1372 2515 von
1401 2461 1499 2521 diesem
1541 2468 1661 2528 Range
1685 2471 1865 2531 vorhanden
1894 2470 1974 2530 sind,
2010 2470 2055 2530 die
2079 2473 2148 2533 man

1165 2512 1244 2572 nicht
1270 2508 1355 2568 mehr
1376 2514 1572 2574 gebrauchen
1598 2521 1698 2581 kann.
1749 2518 1824 2578 Den
1855 2518 1955 2578 26sten
1991 2518 2041 2578 des
2076 2518 2166 2578 vori=

1160 2561 1214 2621 gen
1242 2557 1385 2617 Monath
1414 2560 1463 2620 des
1492 2568 1623 2628 Abends
1652 2572 1728 2632 starb
1751 2567 1778 2627 zu
1812 2566 1961 2626 Clapham
2006 2566 2022 2626 8
2061 2572 2160 2632 engli=

1157 2604 1220 2664 sche
1242 2608 1368 2668 Meilen
1395 2610 1448 2670 von
1480 2618 1629 2678 London,
1645 2620 1703 2680 auf
1725 2617 1819 2677 seinem
1863 2617 2016 2677 Landsitze
2038 2620 2090 2680 der
2112 2622 2165 2682 be¬

1161 2655 1268 2715 kandte
1291 2655 1388 2715 große
1410 2661 1567 2721 englische
1584 2667 1740 2727 Patriot,
1763 2661 1833 2721 Sir
1861 2664 1952 2724 John
1980 2667 2158 2727 Barnard.

1156 2706 1274 2766 Dieser
1300 2706 1408 2766 Mann
1440 2711 1507 2771 war
1528 2716 1569 2776 ein
1600 2712 1806 2772 Kaufmann,
1838 2714 1987 2774 vormals
2024 2716 2065 2776 ein
2102 2719 2163 2779 Al¬

1154 2757 1306 2817 dermann
1336 2757 1394 2817 und
1424 2766 1547 2826 einmal
1567 2766 1641 2826 Lord
1666 2760 1793 2820 Mayor
1814 2760 1867 2820 der
1883 2764 1995 2824 Stadt
2010 2766 2157 2826 London.

1156 2806 1198 2866 Er
1220 2808 1272 2868 hat
1294 2807 1362 2867 auch
1394 2812 1442 2872 der
1469 2817 1579 2877 Stadt
1601 2816 1637 2876 21
1670 2809 1754 2869 Jahr
1781 2812 1849 2872 lang
1876 2814 1902 2874 im
1951 2814 2157 2874 Parlament

1151 2857 1315 2917 gedienet,
1342 2857 1398 2917 und
1429 2865 1563 2925 dieselbe
1584 2863 1630 2923 als
1651 2859 1960 2919 Parlamentsglied
1986 2864 2156 2924 vorgestel¬

1156 2909 1215 2969 let.
1258 2909 1335 2969 Vor
1355 2916 1535 2976 ohngefehr
1566 2917 1578 2977 4
1602 2911 1722 2971 Jahren
1753 2912 1813 2972 hat
1826 2912 1855 2972 er
1880 2915 1940 2975 alle
1965 2912 2043 2972 seine
2061 2915 2157 2975 Stel=
