2479 3508
285 365 333 425 dem
377 360 529 420 General
546 357 709 417 Poultney
742 356 943 416 vermachen,
971 354 1102 414 welcher
1124 354 1172 414 sich
1200 354 1292 414 aber,

292 413 319 473 so
341 410 411 470 bald
439 406 465 466 er
488 404 602 464 solches
624 401 732 461 hörte,
754 402 809 462 für
831 404 879 464 den
907 404 993 464 guten
1026 401 1140 461 Willen
1163 401 1298 461 bedank¬

288 461 338 521 te,
364 455 424 515 und
455 452 637 512 verlangte,
657 449 707 509 der
738 450 834 510 Graf
860 452 981 512 möchte
1012 449 1067 509 sein
1098 449 1285 509 Vermögen

293 503 413 563 anders
434 500 631 560 anwenden.
682 497 777 557 Denn
808 500 884 560 das,
910 497 1020 557 womit
1051 497 1101 557 ihn
1132 494 1218 554 Gott
1248 497 1298 557 ge¬

297 551 397 611 segnet
419 551 519 611 hätte,
547 548 636 608 wäre
653 548 790 608 reichlich
817 548 917 608 genug
945 548 992 608 für
1013 545 1088 605 ihn,
1109 545 1188 605 seine
1215 545 1284 605 noch

297 598 418 658 wenige
446 598 535 658 Tage
557 598 582 658 in
615 598 662 658 der
684 595 774 655 Welt
795 595 874 655 ohne
896 595 1033 655 Sorgen
1060 595 1086 655 zu
1119 593 1239 653 enden.

435 672 567 732 Auszug
612 667 694 727 eines
734 667 866 727 Briefes
911 664 965 724 aus
999 664 1154 724 Dublin,

656 715 711 775 vom
763 713 824 773 10.
851 712 937 772 Jul.

342 766 412 826 Die
440 766 554 826 hiesige
582 763 761 823 Societät,
795 759 908 819 welche
937 760 1029 820 unter
1056 760 1111 820 dem
1155 756 1285 816 Namen

291 816 344 876 der
367 814 584 874 Dublinschen
612 810 769 870 Societat
792 807 927 867 bekannt
950 807 1009 867 ist,
1031 807 1086 867 hat
1108 804 1281 864 beschlossen

294 866 352 926 zum
395 861 500 921 bessern
532 858 733 918 Aufnehmen
760 855 844 915 ihrer
866 855 1120 915 Manufacturen
1147 853 1210 913 eine
1232 850 1295 910 Be¬

292 912 439 972 lohnung
461 909 509 969 von
537 909 569 969 20
597 906 656 966 Pf.
668 906 781 966 Sterl.
798 903 972 963 derjenigen
994 903 1108 963 Person
1136 903 1157 963 zu
1185 900 1298 960 erthei=

297 961 374 1021 len,
401 959 509 1019 welche
535 956 581 1016 die
608 954 731 1014 meisten
763 954 881 1014 Kinder
908 951 1000 1011 unter
1037 949 1073 1009 13
1099 948 1228 1008 Jahren
1265 945 1290 1005 in

994 995 1111 1055 Ferner
1155 993 1192 1053 20
1230 990 1293 1050 Pf.

296 1004 561 1064 Manufacturen
596 998 790 1058 gebrauchen
829 995 925 1055 wird.

302 1049 420 1109 Sterl.
447 1049 493 1109 für
525 1046 684 1106 diejenige
706 1041 861 1101 Person,
887 1040 996 1100 welche
1027 1040 1073 1100 die
1100 1040 1208 1100 größte
1235 1035 1296 1095 An¬

300 1098 377 1158 zahl
398 1093 517 1153 Kinder
539 1091 631 1151 unter
658 1090 693 1150 15
726 1086 844 1146 Jahren
876 1085 928 1145 zum
970 1085 1104 1145 Feldbau
1131 1084 1301 1144 anweiset.

297 1146 384 1206 Noch
417 1142 455 1202 20
483 1139 548 1199 Pf.
565 1136 613 1196 für
636 1136 712 1196 den,
740 1136 788 1196 der
811 1133 864 1193 das
892 1133 968 1193 beste
991 1133 1110 1193 Mittel
1127 1133 1219 1193 gegen
1247 1130 1296 1190 die

302 1193 410 1253 rothen
447 1187 608 1247 Würmer
639 1184 794 1244 erfindet,
826 1182 940 1242 welche
977 1181 1028 1241 das
1065 1181 1169 1241 grüne
1205 1178 1293 1238 Korn

297 1240 487 1300 verderben.
537 1232 668 1292 Weiter
696 1234 733 1294 20
761 1231 826 1291 Pf.
848 1231 902 1291 für
930 1231 1012 1291 den,
1040 1228 1088 1288 der
1122 1225 1164 1285 die
1198 1225 1301 1285 wohl¬

306 1290 403 1350 feilste
425 1288 544 1348 Speise
566 1282 619 1342 für
642 1282 689 1342 die
712 1279 835 1339 Bienen
863 1282 911 1342 den
944 1277 1073 1337 Winter
1096 1276 1192 1336 über,
1215 1273 1290 1333 ohne

925 1330 1041 1390 Ferner
1078 1327 1144 1387 eine
1175 1325 1292 1385 goldne

306 1338 419 1398 Zucker
459 1333 518 1393 und
551 1333 692 1393 Honig,
719 1332 882 1392 entdeckt.

309 1385 465 1445 Medaille
488 1383 520 1443 an
547 1381 661 1441 Werth
689 1378 743 1438 von
770 1379 808 1439 50
841 1378 900 1438 Pf.
922 1378 971 1438 für
993 1378 1074 1438 den,
1096 1378 1150 1438 der
1172 1376 1220 1436 den
1254 1375 1302 1435 be=

304 1432 358 1492 sten
404 1428 494 1488 Plan
540 1428 595 1488 zur
626 1426 833 1486 Versorgung
879 1424 928 1484 der
959 1422 1080 1482 Armen
1120 1425 1145 1485 in
1191 1422 1276 1482 einem

303 1479 499 1539 Werkhause
527 1473 707 1533 entwirft,
746 1476 811 1536 und
844 1473 958 1533 endlich
992 1473 1029 1533 50
1057 1471 1122 1531 Pf.
1150 1470 1199 1530 für
1227 1470 1297 1530 den,

300 1529 349 1589 der
371 1527 420 1587 die
448 1527 529 1587 beste
552 1524 830 1584 Naturgeschichte
863 1524 917 1584 von
956 1524 1076 1584 einigen
1104 1521 1289 1581 Provinzen

307 1579 330 1639 in
359 1575 482 1635 Irland
518 1572 682 1632 schreibet.

538 1637 794 1697 Warschau,
820 1640 868 1700 den
905 1638 942 1698 2.
973 1640 1064 1700 Aug.

359 1687 508 1747 Nachdem
561 1685 653 1745 dieser
685 1682 793 1742 Tagen
830 1679 948 1739 allhier
975 1679 1098 1739 sowohl
1130 1680 1176 1740 der
1213 1682 1295 1742 Herr

306 1730 501 1790 Krongroß=
524 1729 573 1789 als
605 1726 677 1786 auch
710 1724 759 1784 der
796 1721 882 1781 Herr
910 1721 1295 1781 Kronpostschatzmeister

309 1777 510 1837 angelangt;
537 1771 562 1831 so
589 1769 684 1829 haben
722 1766 758 1826 sie
785 1766 821 1826 am
864 1766 1017 1826 gestrigen
1050 1766 1139 1826 Tage
1166 1766 1250 1826 nebst
1277 1767 1292 1827 q

313 1822 478 1882 Assessoren
512 1819 556 1879 die
584 1817 800 1877 okonomische
822 1814 1132 1874 Schatzcommission
1166 1817 1287 1877 eröfnet

310 1876 418 1936 welche
437 1873 545 1933 fleißig
570 1867 763 1927 fortgesetzet
776 1864 873 1924 wird.
922 1864 976 1924 Es
1001 1864 1061 1924 sind
1092 1867 1158 1927 hier
1189 1868 1279 1928 gleich

313 1928 380 1988 falls
404 1921 693 1981 zurückgekommen
727 1918 772 1978 die
796 1917 920 1977 Fürsten
949 1918 1175 1978 Czartoryski,
1193 1918 1300 1978 Gene¬

304 1975 351 2035 ral
373 1972 426 2032 von
460 1969 620 2029 Podolien
648 1969 706 2029 aus
734 1966 856 2026 Mönia
884 1966 911 2026 in
938 1966 1109 2026 Reussen,
1131 1966 1222 2026 allwo
1250 1966 1297 2026 der

308 2020 621 2080 Relationslandtag
648 2017 668 2077 in
700 2017 710 2077 2
742 2014 898 2074 Stunden
935 2014 1133 2074 bestanden,
1160 2014 1217 2074 und
1249 2014 1305 2074 Lu¬

308 2070 467 2130 bomirski
499 2066 694 2126 Strasnik,
730 2061 781 2121 der
818 2061 1297 2121 Generalkronfeldwachtmei¬

312 2121 363 2181 ster
389 2117 445 2177 aus
472 2112 678 2172 Sendomir,
704 2106 844 2166 woselbst
865 2107 895 2167 er
916 2109 967 2169 zum
1009 2109 1298 2169 Conföderations¬

312 2163 474 2223 marschall
497 2162 594 2222 dieser
616 2157 882 2217 Woywodschaft
910 2157 1062 2217 erwählet
1084 2157 1236 2217 worden,
1263 2157 1284 2217 in

312 2214 403 2274 denen
436 2208 726 2268 Woywodschaften
754 2202 850 2262 Beltz
867 2202 925 2262 und
953 2205 1093 2265 Cracau,
1109 2203 1287 2263 imgleichen

312 2260 339 2320 in
372 2255 457 2315 denen
490 2248 771 2308 Fürstenthümern
804 2246 906 2306 Zabos
928 2250 988 2310 und
1015 2252 1198 2312 Osmieeme
1231 2252 1290 2312 sind

313 2301 485 2361 gleichfalls
520 2294 808 2354 Conföderationen
844 2296 1027 2356 bestanden.
1092 2299 1160 2359 Die
1195 2297 1299 2357 Woy¬

312 2347 517 2407 wodschaften
545 2339 755 2399 Sendomir,
778 2342 916 2402 Lublin,
939 2347 1150 2407 Sieradien,
1178 2345 1299 2405 Podla=

309 2400 388 2460 chien
417 2390 632 2450 Sueoleusko
656 2387 746 2447 haben
775 2387 825 2447 den
849 2393 967 2453 Schluß
996 2396 1155 2456 gemachet
1173 2393 1280 2453 viritim

310 2449 380 2509 oder
405 2442 510 2502 Mann
541 2437 593 2497 vor
617 2435 724 2495 Mann
754 2435 800 2495 der
825 2437 930 2497 Wahl
949 2440 1209 2500 beyzuwohnen,
1245 2440 1291 2500 die

312 2495 439 2555 übrigen
471 2490 541 2550 aber
574 2482 708 2542 dieselbe
734 2479 823 2539 durch
843 2487 1015 2547 Landboten
1048 2490 1079 2550 zu
1112 2488 1297 2548 beschicken,

310 2545 369 2605 und
399 2540 534 2600 obgleich
570 2535 617 2595 die
647 2527 812 2587 mehresten
848 2531 907 2591 sind
937 2539 1132 2599 bestanden,
1168 2537 1197 2597 so
1227 2536 1285 2596 sind

310 2593 379 2653 doch
414 2589 511 2649 einige
547 2585 592 2645 als
622 2583 650 2643 in
686 2575 737 2635 der
767 2575 946 2635 Landschaft
970 2584 1108 2644 Halicz,
1126 2584 1154 2644 in
1189 2584 1281 2644 denen

309 2635 603 2695 Woywodschaften
633 2628 734 2688 Rawa
763 2621 819 2681 und
843 2622 938 2682 Plock
962 2632 1115 2692 fruchtlos
1149 2632 1296 2692 abgelau=

309 2683 384 2743 fen,
414 2682 552 2742 woselbst
576 2679 639 2739 man
669 2676 761 2736 sogar
779 2669 860 2729 nicht
884 2671 936 2731 hat
954 2681 1116 2741 zugelaßen
1145 2679 1191 2739 die
1215 2679 1301 2739 Con=

310 2733 448 2793 stitution
485 2729 530 2789 des
554 2727 653 2787 letzten
682 2719 891 2779 Reichstages
920 2719 943 2779 zu
973 2727 1135 2787 verlesen,
1159 2727 1246 2787 sogar
1269 2728 1303 2788 ist

312 2781 346 2841 es
369 2782 425 2842 auf
448 2779 498 2839 dem
533 2775 718 2835 Plockischen
747 2766 900 2826 Landtage
923 2768 951 2828 zu
974 2775 1103 2835 Radicze
1121 2775 1171 2835 zum
1205 2775 1301 2835 Blut=

326 2832 482 2892 vergießen
520 2827 722 2887 gekommen,
751 2821 843 2881 indem
890 2817 944 2877 der
964 2823 1046 2883 Herr
1075 2826 1305 2886 Rosziewsti,

1329 351 1524 411 Landrichter
1551 352 1609 412 von
1646 354 1746 414 Plock
1779 357 1837 417 und
1864 354 2043 414 gewesener
2070 354 2228 414 Landbote
2260 361 2318 421 auf

1329 398 1378 458 dem
1424 401 1827 461 Convocationsreichstag
1857 404 2028 464 dergestalt
2054 401 2204 461 zerhauen
2240 404 2320 464 wor¬

1324 446 1406 506 den,
1432 446 1489 506 daß
1515 446 1540 506 er
1567 447 1597 507 an
1624 450 1721 510 seinen
1753 452 1897 512 Wunden
1934 452 2119 512 gestorben;
2151 449 2233 509 viele
2264 452 2321 512 an¬

1324 494 1389 554 dere
1417 491 1477 551 sind
1499 496 1689 556 gleichfalls,
1712 499 1777 559 doch
1799 500 1880 560 nicht
1903 501 2045 561 tödtlich,
2062 497 2214 557 blessiret.
2253 500 2301 560 Am

1327 539 1537 599 verwichenen
1569 545 1749 605 Sonntage
1770 548 1806 608 ist
1827 548 1872 608 der
1894 549 1975 609 Herr
2002 549 2141 609 Starost
2167 545 2218 605 von
2249 545 2316 605 Ha¬

1326 589 1400 649 licz,
1422 586 1516 646 Graf
1543 592 1713 652 Branicki,
1745 594 1813 654 nach
1845 595 1898 655 der
1930 598 2115 658 Landschaft
2137 594 2248 654 Halicz
2280 595 2311 655 zu

1331 637 1420 697 seiner
1448 634 1559 694 Armee
1586 640 1776 700 abgereiset,
1803 641 1835 701 um
1878 643 2010 703 daselbst
2038 646 2116 706 einer
2149 643 2323 703 entstehen¬

1323 682 1374 742 den
1401 682 1593 742 Empörung
1619 688 1858 748 vorzubeugen.
1915 691 1987 751 Die
2009 694 2309 754 Ausschweifungen

1333 730 1379 790 des
1405 730 1533 790 Fürsten
1560 734 1777 794 Radziwills,
1798 734 1994 794 Woywoden
2031 739 2088 799 von
2114 742 2242 802 Wilda,
2264 738 2320 798 ha¬

1333 778 1380 838 ben
1412 779 1496 839 durch
1523 778 1612 838 dessen
1640 784 1750 844 Flucht
1766 784 1834 844 nach
1862 784 1972 844 Chotim
2009 785 2056 845 ihr
2083 786 2167 846 Ende
2189 786 2321 846 genom¬

1331 824 1418 884 men.
1475 828 1537 888 Als
1568 828 1661 888 dieser
1692 831 1759 891 nach
1791 834 1976 894 Volhynien
2013 834 2209 894 eingerücket
2235 834 2322 894 war,

1330 873 1492 933 verlangte
1517 873 1551 933 er
1581 876 1635 936 von
1675 879 1723 939 dem
1768 880 1861 940 Hrn.
1881 880 2077 940 Woywoden
2112 882 2166 942 von
2196 882 2318 942 Kyow,

1331 920 1423 980 dessen
1456 924 1569 984 Militz
1586 924 1619 984 an
1652 924 1694 984 sich
1722 926 1755 986 zu
1782 928 1912 988 ziehen,
1940 930 2064 990 welches
2098 930 2146 990 ihm
2184 927 2319 987 letzterer

1332 969 1412 1029 nicht
1437 968 1498 1028 nur
1524 969 1766 1029 abgeschlagen,
1797 972 1923 1032 sondern
1954 978 2019 1038 auch
2055 978 2135 1038 nicht
2167 980 2226 1040 mit
2252 975 2302 1035 ihm

1333 1013 1463 1073 sprechen
1499 1015 1640 1075 wollen,
1671 1015 1802 1075 worauf
1827 1016 1858 1076 er
1888 1018 1943 1078 aus
1979 1022 2155 1082 Wehmuth
2192 1025 2252 1085 soll
2272 1022 2327 1082 ge¬

1334 1058 1469 1118 sprochen
1500 1061 1625 1121 haben:
1651 1061 1680 1121 da
1706 1061 1746 1121 ich
1771 1061 1821 1121 bey
1847 1061 1987 1121 Christen
2023 1067 2103 1127 keine
2134 1069 2234 1129 Hülfe
2264 1069 2319 1129 fin=

1326 1103 1376 1163 den
1402 1106 1508 1166 kann,
1529 1106 1558 1166 so
1584 1106 1650 1166 will
1666 1108 1705 1168 ich
1731 1108 1822 1168 solche
1849 1109 1899 1169 bey
1920 1109 2011 1169 denen
2042 1112 2168 1172 Heyden
2194 1113 2320 1173 suchen.

1329 1150 1372 1210 Es
1400 1149 1431 1209 ist
1454 1151 1535 1211 zwar
1558 1154 1649 1214 dessen
1678 1155 1852 1215 Vorhaben
1880 1157 2037 1217 gewesen,
2060 1160 2108 1220 sich
2136 1160 2195 1220 mit
2218 1160 2310 1220 seinen

1332 1198 1476 1258 Truppen
1513 1201 1586 1261 nach
1617 1203 1668 1263 der
1695 1204 1840 1264 Vestung
1872 1207 2068 1267 Caminiec,
2100 1207 2161 1267 und
2193 1207 2322 1267 nachge¬

1335 1249 1428 1309 hends
1457 1251 1522 1311 nach
1557 1249 1611 1309 der
1639 1250 1716 1310 heil.
1740 1257 2182 1317 Dreyfaltigkeits=Schanze
2210 1256 2237 1316 zu
2271 1257 2309 1317 be

1332 1300 1443 1360 geben,
1471 1300 1502 1360 da
1529 1300 1576 1360 ihn
1603 1300 1677 1360 aber
1699 1300 1746 1360 die
1769 1306 2045 1366 Commendanten
2072 1308 2151 1368 nicht
2173 1306 2316 1366 einlassen

1327 1348 1459 1408 wollen,
1481 1350 1539 1410 hat
1556 1351 1582 1411 er
1604 1351 1651 1411 die
1673 1351 1848 1411 sämtlichen
1875 1354 2023 1414 Truppen
2056 1357 2114 1417 mit
2136 1356 2231 1416 voller
2253 1354 2321 1414 Rü¬

1337 1399 1418 1459 stung
1445 1399 1499 1459 von
1533 1399 1581 1459 sich
1609 1399 1733 1459 gelassen
1766 1402 1820 1462 und
1848 1403 1896 1463 sich
1924 1403 2010 1463 selbst
2033 1404 2092 1464 mit
2109 1404 2174 1464 500
2212 1403 2314 1463 Mann

1330 1444 1394 1504 nach
1424 1446 1537 1506 Chotim
1582 1446 1740 1506 begeben.
1790 1449 1858 1509 Aus
1883 1452 2006 1512 Cracau
2032 1452 2105 1512 wird
2135 1450 2184 1510 vom
2224 1449 2313 1509 20ten

1344 1493 1420 1553 Jul.
1432 1494 1602 1554 berichtet,
1625 1494 1680 1554 daß
1703 1494 1835 1554 daselbst
1852 1497 1901 1557 der
1918 1500 2012 1560 Fürst
2029 1500 2161 1560 Bischof
2178 1499 2233 1559 und
2256 1497 2321 1557 Se.

1337 1540 1410 1600 Erl.
1426 1542 1478 1602 der
1495 1542 1579 1602 Herr
1606 1543 1753 1603 Castellan
1785 1545 1838 1605 von
1870 1545 1986 1605 Cracau
2013 1548 2234 1608 eingetroffen,
2256 1545 2313 1605 und

1338 1590 1389 1650 daß
1415 1590 1538 1650 ersterer
1565 1590 1631 1650 nach
1663 1590 1765 1650 seiner
1791 1593 2033 1653 Residenzstadt
2055 1596 2162 1656 Kielc,
2189 1593 2317 1653 letzterer

1335 1636 1406 1696 aber
1440 1636 1492 1696 zum
1540 1635 1639 1695 Herrn
1674 1636 1874 1696 Woywoden
1908 1637 1964 1697 von
2004 1640 2094 1700 Kyow
2137 1639 2313 1699 abgereiset

1330 1679 1371 1739 um
1423 1677 1483 1737 mit
1517 1676 1684 1736 demselben
1718 1676 1764 1736 sich
1807 1679 1877 1739 nach
1910 1682 2078 1742 Warschau
2111 1682 2138 1742 zu
2172 1682 2325 1742 begeben.

1332 1721 1402 1781 Aus
1430 1718 1574 1778 Lemberg
1602 1718 1676 1778 wird
1704 1721 1871 1781 gemeldet,
1895 1724 1950 1784 daß
1974 1724 2002 1784 zu
2030 1724 2174 1784 Mitatya
2202 1724 2211 1784 6
2235 1724 2322 1784 Meis

1333 1765 1373 1825 len
1404 1763 1454 1823 von
1490 1763 1632 1823 Danne,
1653 1764 1698 1824 die
1729 1766 1907 1826 Prinzeßin
1943 1769 1998 1829 von
2030 1770 2223 1830 Radziwik,
2259 1774 2324 1834 eine

1335 1814 1471 1874 leibliche
1489 1814 1666 1874 Schwester
1695 1817 1740 1877 des
1764 1817 1888 1877 Fürsten
1913 1819 2106 1879 Woywoden
2130 1822 2180 1882 von
2204 1820 2329 1880 Wilda,

1337 1871 1382 1931 sich
1416 1867 1501 1927 einen
1535 1867 1676 1927 gewissen
1722 1870 1891 1930 Menschen
1926 1873 2078 1933 Namens
2112 1873 2326 1933 Morawski,

1331 1917 1451 1977 welcher
1477 1915 1517 1975 ein
1543 1917 1644 1977 Sohn
1675 1917 1720 1977 des
1751 1919 1948 1979 Oeconomen
1984 1921 2013 1981 zu
2044 1918 2221 1978 Nieswiez
2247 1921 2312 1981 seyn

1335 1965 1404 2025 soll,
1427 1964 1486 2024 auf
1509 1963 1709 2023 erschlichene
1736 1966 1969 2026 Dispensation
2008 1969 2061 2029 vom
2111 1969 2213 2029 Herrn
2246 1972 2327 2032 Erz¬

1331 2011 1447 2071 bischof
1474 2011 1532 2071 von
1580 2014 1760 2074 Lemberg,
1797 2017 1950 2077 antrauen
1993 2014 2104 2074 lassen.
2179 2015 2242 2075 Als
2280 2015 2305 2075 si

1331 2059 1398 2119 aber
1424 2058 1496 2118 nach
1528 2058 1653 2118 Obrozy
1684 2061 1933 2121 angekommen,
1960 2064 2021 2124 und
2053 2061 2105 2121 der
2132 2061 2214 2121 Herr
2246 2061 2323 2121 Erz¬

1331 2106 1444 2166 bischof
1461 2106 1512 2166 den
1538 2105 1662 2165 Betrug
1689 2108 1854 2168 entdecket,
1881 2112 1937 2172 hat
1954 2112 1984 2172 er
2011 2112 2046 2172 sie
2073 2111 2228 2171 aufheben
2260 2109 2316 2169 und

1331 2155 1382 2215 ins
1414 2151 1760 2211 Benedictinerkloster
1792 2154 1822 2214 zu
1854 2157 1998 2217 Lemberg
2040 2160 2174 2220 bringen
2216 2160 2324 2220 lassen.

1335 2201 1378 2261 Er
1406 2199 1478 2259 aber
1506 2199 1699 2259 Morawski
1716 2199 1771 2259 hat
1794 2202 1837 2262 sich
1866 2204 1893 2264 in
1921 2206 1959 2266 ein
1987 2208 2081 2268 ander
2109 2208 2230 2268 Kloster
2253 2208 2324 2268 reti¬

1332 2249 1430 2309 riret.

1544 2303 1812 2363 Kowalewo,
1838 2309 1894 2369 vom
1944 2310 2006 2370 31.
2032 2312 2118 2372 Jul.

1386 2351 1603 2411 Ohngeachtet
1628 2351 1681 2411 kein
1711 2356 1846 2416 Landtag
1871 2357 1923 2417 für
1947 2357 1994 2417 die
2012 2357 2124 2417 hiesige
2148 2357 2318 2417 Culmische

1337 2401 1619 2461 Woywodschaft,
1642 2397 1703 2457 wie
1720 2402 1802 2462 sonst
1825 2405 2019 2465 gewöhnlich
2047 2405 2202 2465 angesetzt
2225 2408 2324 2468 gewe=

1333 2452 1406 2512 sen,
1430 2448 1458 2508 so
1481 2446 1537 2506 sind
1572 2446 1674 2506 einige
1703 2452 1822 2512 wenige
1851 2452 1907 2512 von
1936 2452 2015 2512 Adel
2039 2455 2180 2515 hieselbst
2204 2458 2323 2518 zusam¬

1335 2497 1399 2557 men
1427 2493 1632 2553 gekommen,
1654 2495 1713 2555 und
1741 2500 1838 2560 haben
1866 2501 1924 2561 eine
1947 2501 2012 2561 Art
2028 2503 2082 2563 von
2110 2506 2244 2566 Landtag
2277 2506 2325 2566 ge¬

1331 2545 1465 2605 halten,
1512 2542 1569 2602 von
1616 2543 1745 2603 welchem
1792 2549 1828 2609 sie
1870 2551 1926 2611 auf
1963 2552 2015 2612 den
2057 2557 2310 2617 vermeintlichen

1335 2593 1609 2653 Generallandtag
1650 2594 1720 2654 nach
1756 2601 1936 2661 Graudenz
1978 2603 2083 2663 einige
2119 2605 2229 2665 Boten
2271 2604 2323 2664 ge¬

1342 2643 1444 2703 schickt
1459 2640 1584 2700 haben.

1337 2747 1430 2807 Diese
1447 2739 1585 2799 Gelehrte
1602 2743 1657 2803 und
1680 2748 1834 2808 Politische
1857 2753 1978 2813 Zeitung
2006 2757 2072 2817 wird
2095 2757 2144 2817 des
2167 2757 2316 2817 Montags

1434 2787 1490 2847 und
1519 2785 1662 2845 Freytags
1685 2789 1707 2849 in
1737 2790 1782 2850 dem
1817 2793 2004 2853 Kanterschen
2040 2797 2210 2857 Buchladen

1726 2833 1932 2893 ausgegeben.
