2479 3508
192 352 292 412 kann
330 361 399 421 man
425 358 481 418 von
507 351 588 411 einem
633 343 714 403 Volk
746 345 928 405 erwarten,
954 344 1004 404 bey
1030 342 1155 402 welchem

202 403 276 463 "das
306 407 398 467 Gold
433 401 485 461 das
520 392 635 452 höchste
665 389 740 449 Gut
764 390 826 450 ist,
862 392 919 452 bey
949 394 1075 454 welchem
1128 391 1173 451 der

187 446 309 506 „Geist
342 449 389 509 der
411 440 645 500 Gewinnsucht
672 437 730 497 alle
758 440 821 500 edle
843 443 1103 503 Empfindungen
1136 435 1183 495 er¬

207 503 320 563 stickt;
345 497 399 557 bey
423 489 549 549 welchem
586 486 664 546 alles
689 485 814 545 Waare
833 491 893 551 ist,
924 491 1013 551 sogar
1038 488 1086 548 die
1110 488 1176 548 Tu=

446 643 609 703 Paris,
641 645 697 705 den
736 646 798 706 13.
830 649 911 709 Jul.

238 694 418 754 Nunmehr
439 691 475 751 ist
496 691 521 751 es
548 693 645 753 außer
666 694 738 754 allem
780 694 914 754 Streit,
935 693 991 753 daß
1018 693 1074 753 mit
1095 694 1167 754 aller

186 745 279 805 ersten
310 742 349 802 ein
379 739 482 799 Corps
513 737 566 797 von
602 739 690 799 4000
731 742 839 802 Mann
874 742 977 802 unsrer
1008 742 1185 802 Truppen,

185 789 336 849 worüber
357 786 407 846 der
427 784 573 844 General
594 786 725 846 Luckner
751 789 801 849 das
832 789 1034 849 Commando
1059 789 1170 849 führen

186 836 286 896 wird,
311 834 378 894 nach
412 831 533 891 Corsica
557 831 658 891 werde
683 834 918 894 transportiret
938 837 1078 897 werden.
1131 833 1169 893 Zu

187 930 264 990 denn
290 927 358 987 auch
389 927 430 987 ein
457 927 591 987 Officier
618 930 674 990 von
701 930 753 990 der
774 930 945 990 Corsischen
981 930 1105 990 Nation
1132 927 1183 987 da¬

185 978 238 1038 hin
265 978 552 1038 vorausgegangen
584 980 637 1040 ist,
664 980 701 1040 um
739 981 813 1041 alles
840 981 887 1041 zum
930 978 1095 1038 Empfang
1122 977 1164 1037 die

187 1025 226 1085 ser
249 1027 488 1087 Hülfstruppen
529 1031 580 1091 auf
603 1029 654 1089 der
677 1031 779 1091 Insel
797 1031 820 1091 in
854 1028 1071 1088 Bereitschaft
1088 1027 1116 1087 zu
1145 1023 1184 1083 se¬

183 1076 262 1136 tzen.
316 1079 390 1139 Das
417 1079 614 1139 Parlament
636 1079 689 1139 hat
711 1079 822 1139 endlich
850 1078 881 1138 am
924 1079 993 1139 4ten
1015 1076 1105 1136 dieses
1127 1075 1174 1135 den

182 1127 395 1187 berüchtigten
422 1127 544 1187 Proceß
572 1127 710 1187 zwischen
748 1129 796 1189 der
828 1129 950 1189 Witwe
983 1127 1036 1187 des
1063 1127 1169 1187 Herrn

194 1175 409 1235 Paupliniere
434 1174 488 1234 und
513 1172 562 1232 den
592 1172 689 1232 Erben
720 1173 812 1233 dieses
837 1175 950 1235 reichen
975 1173 1180 1233 Hauptpäch¬

184 1269 252 1329 nach
278 1267 365 1327 ihres
395 1264 542 1324 Mannes
572 1261 665 1321 Tode
686 1262 744 1322 von
779 1267 857 1327 einem
907 1264 1009 1324 Sohn
1044 1264 1177 1324 entbun=
1207 1264 1265 1324 von
1295 1267 1422 1327 welchen
1447 1264 1471 1324 er
1496 1264 1560 1324 eins
1590 1261 1825 1321 augenblicklich
1846 1259 1977 1319 tödtete.

184 1315 242 1375 den
273 1312 395 1372 wurde,
421 1309 518 1369 suchte
539 1307 627 1367 gegen
657 1309 706 1369 die
726 1309 903 1369 Einwürfe
923 1309 972 1369 der
992 1309 1115 1369 Erben,
1130 1309 1183 1369 wi¬

192 1357 243 1417 der
269 1357 310 1417 die
331 1353 542 1413 rechtmäßige
564 1351 697 1411 Geburt
714 1354 801 1414 ihres
822 1354 966 1414 Kindes,
998 1351 1044 1411 die
1070 1351 1183 1411 Legiti¬

188 1450 247 1510 daß
269 1446 398 1506 selbiges
426 1445 490 1505 blos
518 1446 604 1506 ihrer
626 1446 733 1506 großen
767 1446 950 1506 Betrübniß
977 1443 1031 1503 und
1053 1443 1166 1503 vielfäl

172 1497 257 1557 tigen
284 1491 477 1551 Verdrusses
504 1491 638 1551 wegen,
671 1494 697 1554 so
724 1494 815 1554 lange
837 1496 895 1556 auf
917 1494 965 1554 dem
1009 1491 1110 1551 Wege
1132 1491 1179 1551 ge¬

181 1595 264 1655 nicht
287 1593 460 1653 begreiflich
483 1593 656 1653 geschienen
685 1593 808 1653 haben,
831 1593 920 1653 indem
959 1591 987 1651 es
1016 1590 1166 1650 derselber

187 1646 267 1706 nicht
297 1645 383 1705 allein
419 1643 470 1703 ihr
494 1643 678 1703 Verlangen
714 1643 951 1703 abgeschlagen,
980 1637 1107 1697 sondern
1137 1640 1171 1700 sie

182 1695 255 1755 auch
278 1697 301 1757 in
330 1697 375 1757 die
399 1695 501 1755 Kosten
536 1694 581 1754 des
605 1694 776 1754 Processes
800 1694 988 1754 verurtheilt
1006 1693 1074 1753 hat.
1098 1691 1182 1751 Nie¬

184 1745 268 1805 mals
297 1748 347 1808 hat
382 1745 450 1805 eine
479 1745 586 1805 Sache
615 1745 706 1805 mehr
740 1745 915 1805 Aufsehens
951 1745 1007 1805 und
1041 1744 1171 1804 Redens

185 1793 209 1853 im
253 1792 390 1852 Publico
421 1793 602 1853 verursacht
628 1793 758 1853 gehabt,
783 1793 827 1853 als
852 1793 945 1853 diese.

433 1834 630 1894 London,
671 1834 721 1894 den
758 1831 817 1891 13.
846 1834 932 1894 Jul.

178 1980 289 2040 Henry
318 1972 469 2032 Walton,
492 1969 536 2029 ein
564 1967 676 2027 reicher
699 1966 816 2026 Bauer
839 1966 901 2026 und
929 1966 1169 2026 Cyderhändler

176 2028 204 2088 in
234 2026 280 2086 der
310 2017 501 2077 Grafschaft
525 2014 664 2074 Devon,
688 2014 745 2074 hat
769 2011 798 2071 in
833 2014 931 2074 seinem
979 2014 1164 2074 Testament

178 2073 344 2133 folgendes
384 2063 545 2123 einfließen
590 2061 707 2121 lassen:
758 2061 896 2121 "Ferner
936 2061 1097 2121 vermäche
1126 2059 1164 2119 ich

187 2118 280 2178 John
308 2112 445 2172 Wilkes,
473 2110 573 2170 Esqv.
595 2112 766 2172 gewesenen
794 2112 1092 2172 Parlamentgliede
1109 2108 1164 2168 von

184 2163 388 2223 Aylesbury,
406 2163 451 2223 die
475 2163 623 2223 Summe
646 2163 697 2223 von
726 2163 811 2223 5000
846 2163 909 2223 Pf.
932 2163 1046 2223 Sterl.
1064 2160 1108 2220 als
1138 2158 1177 2218 ei=

178 2217 215 2277 ne
238 2211 483 2271 Erkentlichkeit
506 2211 554 2271 für
588 2211 664 2271 ihn,
686 2212 740 2272 daß
773 2211 800 2271 er
828 2211 877 2271 die
905 2211 1161 2271 Constitutional

188 2264 317 2324 freiheit
336 2261 429 2321 seines
459 2261 671 2321 Vaterlandes
695 2258 718 2318 so
737 2261 954 2321 heldenmäßig
978 2259 1148 2319 vertheidig

339 2312 426 2372 Sein
455 2309 576 2369 Proceß
610 2309 648 2369 ist
666 2308 721 2368 auf
749 2306 876 2366 Befehl
899 2310 948 2370 des
982 2306 1159 2366 Gouverne

187 2317 275 2377 hat.

183 2365 288 2425 ments
315 2363 372 2423 sine
394 2360 462 2420 Die
484 2356 700 2416 aufgeschoben
727 2356 875 2416 worden.
939 2358 1012 2418 Der
1039 2354 1160 2414 Herzog

185 2411 239 2471 von
270 2410 486 2470 Cumberland
507 2406 632 2466 ergetzte
658 2402 687 2462 am
728 2405 934 2465 Sonnabend
959 2403 1004 2463 die
1025 2402 1075 2462 bey
1100 2402 1145 2462 ihm

179 2458 367 2518 befindliche
407 2455 618 2515 Gesellschaft
646 2449 707 2509 mit
747 2452 829 2512 einem
886 2452 1163 2512 sehenswürdigen

186 2500 440 2560 Thiergefechte.
492 2500 536 2560 Er
559 2502 615 2562 ließ
644 2498 666 2558 in
696 2497 791 2557 seinem
831 2503 978 2563 Paddock
1001 2500 1068 2560 oder
1097 2494 1169 2554 Ge¬

180 2554 259 2614 häge
292 2551 318 2611 zu
356 2548 510 2608 Windsor
548 2550 633 2610 einen
665 2547 835 2607 geraumen
867 2553 931 2613 Ort
958 2548 1016 2608 mit
1049 2545 1160 2605 Netzen

183 2601 366 2661 umziehen,
389 2596 416 2656 in
444 2599 566 2659 welchem
611 2595 655 2655 sich
684 2593 722 2653 ein
756 2599 872 2659 grosser
901 2598 1006 2658 Hirsch
1040 2593 1167 2653 befand,

178 2650 237 2710 und
259 2646 390 2706 alsdenn
423 2643 505 2703 ward
533 2643 615 2703 einer
648 2641 702 2701 von
735 2643 833 2703 seinen
866 2647 991 2707 Tygern
1019 2643 1172 2703 losgelas¬

183 2703 252 2763 sen.
321 2691 396 2751 Der
426 2691 528 2751 Tyger
557 2691 659 2751 schlich
682 2689 805 2749 sogleich
834 2694 888 2754 auf
910 2697 958 2757 den
979 2694 1089 2754 Hirsch
1117 2694 1144 2754 zu

188 2751 247 2811 und
268 2745 408 2805 wendete
428 2741 488 2801 alle
502 2739 581 2799 seine
603 2739 662 2799 List
683 2739 735 2799 und
764 2739 876 2799 Kräfte
891 2748 950 2808 an,
964 2748 1010 2808 ihn
1030 2745 1057 2805 zu
1085 2742 1170 2802 über=

179 2799 348 2859 wältigen.
395 2793 563 2853 Einmahl
587 2792 662 2852 fuhr
687 2790 715 2850 er
739 2790 808 2850 nach
839 2790 884 2850 dem
926 2796 1089 2856 Schenkel
1107 2792 1158 2852 des

174 2852 341 2912 Hirsches,
367 2849 418 2909 der
438 2847 483 2907 ihm
529 2847 599 2907 aber
619 2845 683 2905 mit
703 2844 747 2904 dem
799 2844 876 2904 einen
916 2849 1089 2909 Hinterfuß
1122 2844 1160 2904 ei=

1214 338 1314 398 „gend
1333 339 1438 399 selbst;
1469 339 1522 399 bey
1541 339 1629 399 denen
1653 340 1718 400 man
1742 343 1813 403 kaum
1849 345 1913 405 eine
1932 339 2003 399 gute
2021 339 2192 399 Handlung

1228 387 1397 447 begangen
1424 386 1503 446 hat,
1530 385 1572 445 als
1599 385 1662 445 man
1695 389 1773 449 schon
1806 389 1895 449 eilet,
1922 386 1970 446 die
1997 386 2192 446 Belohnung

1223 433 1331 493 "dafür
1359 431 1586 491 abzuholen?”
1647 434 1760 494 Kostet
1793 436 1814 496 in
1847 436 2080 496 vorbemeldten
2114 435 2205 495 Kan=

1212 485 1336 545 terschen
1367 480 1664 540 Buchhandlungen
1694 482 1729 542 15
1759 485 1806 545 gr.

1204 643 1262 703 nen
1289 642 1399 702 solchen
1433 642 1556 702 Streich
1576 640 1732 700 versetzte,
1752 640 1804 700 daß
1831 640 1863 700 er
1883 640 1934 700 auf
1955 640 2006 700 der
2027 640 2111 700 Erde
2131 639 2196 699 hin¬

1203 691 1325 751 rollete.
1376 691 1453 751 Das
1481 688 1575 748 andre
1598 688 1686 748 mahl
1704 688 1792 748 hieng
1815 686 1847 746 er
1870 688 1914 748 sich
1948 687 1986 747 an
2020 686 2070 746 die
2093 688 2192 748 Kehle

1207 739 1259 799 des
1281 736 1439 796 Hirsches,
1456 736 1545 796 dieser
1572 736 1661 796 wuste
1682 736 1730 796 ihn
1762 736 1830 796 aber
1852 733 1920 793 auch
1952 733 1984 793 da
2011 733 2121 793 wieder
2148 735 2200 795 ab¬

1206 786 1406 846 zuschütteln.
1455 781 1530 841 Der
1553 782 1661 842 Tyger
1683 784 1742 844 fing
1764 784 1796 844 an
1824 784 1975 844 grimmig
1997 781 2029 841 zu
2057 784 2197 844 werden,

1210 832 1268 892 und
1295 831 1441 891 knirschte
1463 828 1520 888 mit
1542 830 1589 890 den
1616 831 1768 891 Zähnen,
1790 831 1842 891 der
1869 828 1974 888 Hirsch
2006 828 2095 888 aber,
2122 828 2200 888 wel¬

182 882 319 942 Antibes
346 879 424 939 wird
451 879 514 939 man
546 879 583 939 sie
599 879 630 939 zu
668 881 794 941 Schiffe
821 882 915 942 gehen
948 882 1074 942 lassen;
1106 879 1169 939 wie
1206 879 1269 939 cher
1291 879 1401 939 endlich
1433 876 1496 936 auch
1523 879 1717 939 ungeduldig
1739 879 1865 939 wurde,
1887 876 1939 936 daß
1971 876 1997 936 er
2014 876 2055 936 sich
2077 877 2187 937 immer

1210 927 1231 987 so
1254 927 1481 987 herumdrehen
1509 927 1622 987 muste,
1644 927 1753 987 neigte
1775 925 1872 985 seinen
1899 924 1986 984 Kopf
2008 924 2067 984 auf
2079 922 2121 982 die
2138 921 2197 981 Er¬

1208 978 1263 1038 de,
1286 978 1329 1038 als
1352 975 1384 1035 ob
1413 978 1440 1038 er
1463 978 1567 1038 fressen
1595 978 1700 1038 wolte,
1728 975 1783 1035 und
1817 975 1860 1035 als
1894 975 1943 1035 der
1972 972 2082 1032 Tyger
2110 975 2192 1035 nahe

1208 1025 1293 1085 kam,
1316 1025 1401 1085 faßte
1424 1025 1452 1085 er
1470 1025 1520 1085 ihn
1555 1027 1611 1087 auf
1635 1025 1691 1085 sein
1732 1025 1890 1085 Geweihe
1919 1023 1981 1083 und
2010 1022 2197 1082 schleuderte

1213 1076 1258 1136 ihn
1287 1073 1354 1133 eine
1372 1076 1530 1136 ziemliche
1553 1077 1655 1137 Weite
1679 1076 1734 1136 von
1758 1076 1831 1136 sich,
1855 1076 1910 1136 und
1945 1076 2030 1136 gieng
2059 1075 2188 1135 alsdenn

1208 1122 1269 1182 mit
1291 1124 1457 1184 trabenden
1491 1127 1652 1187 Schritten
1681 1126 1736 1186 auf
1753 1124 1802 1184 ihn
1831 1124 1881 1184 zu.
1931 1124 1986 1184 Da
2015 1122 2064 1182 der
2087 1122 2191 1182 Tyger

1210 1172 1302 1232 dieses
1329 1172 1416 1232 sahe,
1447 1172 1529 1232 kroch
1550 1173 1580 1233 er
1612 1172 1699 1232 unter
1726 1172 1772 1232 dem
1824 1170 1916 1230 Netze
1948 1169 2009 1229 weg
2035 1169 2091 1229 aus
2123 1169 2174 1229 dem

186 1222 250 1282 ters
283 1219 493 1279 entschieden.
542 1215 644 1275 Diese
666 1218 795 1278 Dame,
817 1219 930 1279 welche
957 1219 995 1279 11
1028 1219 1173 1279 Monate
1211 1219 1318 1279 Kreise
1346 1222 1399 1282 und
1427 1217 1480 1277 lief
1497 1218 1523 1278 in
1551 1219 1599 1279 den
1632 1213 1723 1273 Frost
1740 1216 1831 1276 unter
1853 1213 1917 1273 eine
1940 1213 2063 1273 Heerde
2091 1215 2198 1275 Rehe,

1431 1307 1681 1367 Warschau,
1709 1304 1759 1364 den
1799 1306 1859 1366 26.
1888 1306 1970 1366 Jul.

1252 1348 1328 1408 Der
1353 1353 1446 1413 Fürst
1465 1351 1618 1411 Woywod
1654 1351 1707 1411 von
1737 1348 1842 1408 Wilda
1873 1352 2038 1412 Radziwil
2062 1352 2103 1412 ist
2127 1354 2191 1414 jetzt

185 1404 303 1464 mation
339 1399 390 1459 bey
422 1399 473 1459 dem
520 1399 741 1459 Parlament,
773 1399 859 1459 indem
906 1399 942 1459 sie
973 1397 1174 1457 behauptete,
1211 1398 1298 1458 meist
1319 1398 1344 1458 in
1376 1399 1422 1459 den
1453 1399 1618 1459 Morästen
1649 1397 1700 1457 von
1726 1398 1834 1458 Pinsk
1856 1399 2107 1459 eingeschlossen,
2129 1402 2185 1462 und

1209 1442 1280 1502 kaum
1314 1443 1346 1503 ist
1364 1443 1407 1503 ihm
1447 1446 1485 1506 ein
1507 1444 1773 1504 Schlupfwinkel
1790 1446 1850 1506 nach
1874 1446 1923 1506 der
1940 1446 2061 1506 Türkey
2084 1446 2194 1506 übrig.

1197 1489 1273 1549 Den
1306 1494 1409 1554 23sten
1448 1494 1540 1554 dieses
1573 1494 1682 1554 wurde
1704 1494 1752 1554 der
1780 1494 1894 1554 hiesige
1917 1494 2194 1554 Relationsland¬

180 1545 301 1605 blieben
338 1542 438 1602 wäre.
507 1542 586 1602 Dem
635 1542 835 1602 Parlament
867 1542 935 1602 aber
967 1542 1036 1602 muß
1068 1540 1162 1600 dieses
1205 1539 1257 1599 tag
1290 1542 1374 1602 durch
1407 1542 1459 1602 den
1491 1542 1591 1602 Herrn
1628 1545 1866 1605 Sobolewski,
1898 1542 2098 1602 Einnehmer
2130 1542 2182 1602 von

1203 1589 1374 1649 Warschau
1397 1591 1529 1651 eröfnet,
1540 1593 1589 1653 auf
1612 1593 1739 1653 welchem
1778 1593 1827 1653 der
1845 1593 1932 1653 Graf
1950 1592 2192 1652 Poniatowski,

1203 1641 1361 1701 Truchses
1390 1641 1440 1701 von
1475 1645 1644 1705 Lithauen,
1668 1643 1752 1703 nebst
1776 1643 1826 1703 dem
1867 1643 1967 1703 Herrn
1996 1643 2194 1703 Szyblows=

1204 1691 1251 1751 ki,
1275 1691 1428 1751 Fähnrich
1465 1694 1517 1754 von
1553 1697 1724 1757 Warschau
1755 1694 1801 1754 als
1825 1697 1985 1757 Landbote
2015 1692 2073 1752 von
2098 1694 2191 1754 War¬

1213 1742 1290 1802 schau
1329 1745 1383 1805 von
1418 1746 1611 1806 demjenigen
1650 1748 1715 1808 was
1749 1748 1803 1808 auf
1838 1748 1892 1808 dem
1937 1745 2196 1805 Convocations¬

1203 1793 1377 1853 reichstage
1399 1796 1541 1856 passiret,
1569 1797 1617 1857 den
1645 1796 1846 1856 mündlichen
1868 1799 1999 1859 Bericht
2021 1796 2201 1856 abstattete,

1206 1835 1338 1895 worauf
1353 1837 1392 1897 40
1422 1840 1593 1900 Landboten
1629 1842 1687 1902 auf
1712 1842 1756 1902 die
1786 1843 2032 1903 bevorstehende
2052 1844 2198 1904 Königs¬

231 1872 306 1932 Der
328 1879 479 1939 bekandte
507 1876 592 1936 John
626 1873 750 1933 Wilkes
783 1875 836 1935 hat
864 1876 917 1936 das
945 1876 1037 1936 45ste
1059 1873 1166 1933 Stück
1205 1876 1296 1936 wahl
1324 1879 1475 1939 ernennet
1503 1883 1659 1943 worden,
1681 1885 1794 1945 welche
1828 1886 1886 1946 aus
1919 1888 2005 1948 ihren
2049 1889 2184 1949 Mitteln

189 1930 286 1990 seines
318 1921 617 1981 North=Britons
643 1918 710 1978 sehr
735 1919 795 1979 gut
821 1918 943 1978 bezahlt
968 1918 1170 1978 bekommen.
1201 1921 1421 1981 hinwiederum
1465 1927 1568 1987 etliche
1588 1930 1746 1990 erwählen
1778 1933 1894 1993 sollen,
1919 1933 1949 1993 um
1999 1933 2047 1993 den
2072 1934 2182 1994 König

1197 1972 1221 2032 zu
1252 1969 1399 2029 wählen.
1446 1969 1516 2029 Auf
1537 1972 1648 2032 gleiche
1675 1972 1776 2032 Weise
1797 1975 1883 2035 sollen
1914 1978 1980 2038 auch
2011 1978 2056 2038 die
2072 1981 2188 2041 übrige

1197 2014 1415 2074 Landschaften
1441 2014 1513 2074 ihre
1535 2017 1696 2077 Landtage
1717 2020 1857 2080 gehalten
1889 2020 2008 2080 haben.
2061 2024 2195 2084 Vorge¬

1197 2062 1272 2122 stern
1300 2062 1348 2122 des
1371 2061 1490 2121 Nachts
1513 2061 1550 2121 ist
1572 2064 1680 2124 erstlich
1709 2064 1757 2124 der
1774 2066 1915 2126 Kaiserl.
1932 2066 2181 2126 Oesterreichsche

1198 2111 1365 2171 Gesandte
1388 2109 1476 2169 nebst
1510 2110 1560 2170 dem
1605 2115 1794 2175 Residenten
1839 2115 1933 2175 dieses
1967 2115 2072 2175 Hofes
2106 2120 2183 2180 über

1203 2160 1313 2220 Cracau
1353 2159 1419 2219 nach
1453 2157 1542 2217 Wien
1581 2160 1636 2220 von
1670 2163 1737 2223 hier
1771 2166 1976 2226 abgereiset;
2016 2169 2171 2229 hingegen

1203 2208 1265 2268 sind
1305 2208 1514 2268 verschiedene
1548 2214 1808 2274 Herrschaftliche
1843 2219 2079 2279 Haustruppen
2114 2223 2181 2283 hier

1197 2257 1408 2317 retourniret.
1454 2255 1504 2315 Am
1545 2263 1753 2323 verwichenen
1784 2267 1995 2327 Sonnabend
2026 2270 2182 2330 arrivirte

1197 2306 1315 2366 anhero
1339 2304 1389 2364 der
1412 2303 1503 2363 Graf
1521 2309 1703 2369 Branicki,
1726 2315 1868 2375 Starost
1891 2318 1942 2378 von
1971 2321 2096 2381 Halue.
2130 2321 2181 2381 Es

1199 2354 1240 2414 ist
1258 2356 1323 2416 hier
1347 2351 1411 2411 auch
1442 2351 1482 2411 die
1507 2357 1683 2417 Nachricht
1702 2366 1938 2426 eingegangen,
1956 2370 2009 2430 daß
2039 2372 2086 2432 sich
2110 2369 2186 2429 Sr.

1200 2402 1279 2462 Erl.
1306 2402 1353 2462 der
1380 2399 1464 2459 Herr
1502 2408 1655 2468 Castellan
1698 2415 1750 2475 von
1788 2417 1909 2477 Cracau
1942 2417 2068 2477 vorjetzo
2106 2417 2174 2477 noch

1201 2452 1227 2512 in
1255 2451 1426 2511 Lubownia
1460 2449 1486 2509 im
1527 2462 1726 2522 Zipserlande
1754 2464 1945 2524 aufhalten,
1979 2464 2065 2524 nebst
2086 2464 2171 2524 denen

1201 2500 1327 2560 Fürsten
1361 2497 1500 2557 Bischof
1527 2502 1579 2562 von
1620 2514 1773 2574 Cracau,
1800 2515 1852 2575 dem
1886 2509 2078 2569 Woywoden
2119 2512 2171 2572 von

1197 2548 1303 2608 Lublin
1330 2548 1388 2608 und
1415 2548 1531 2608 andern
1559 2562 1744 2622 Freunden.
1771 2561 1855 2621 Man
1883 2557 1972 2617 höret
1994 2560 2063 2620 auch
2090 2563 2185 2623 nicht,

1198 2594 1253 2654 daß
1281 2596 1326 2656 Er
1349 2596 1392 2656 der
1421 2600 1576 2660 künftigen
1605 2610 1827 2670 Königswahl
1845 2605 2033 2665 beywohnen
2063 2612 2184 2672 dörfte;

1196 2643 1350 2703 hingegen
1379 2644 1433 2704 hat
1456 2649 1505 2709 der
1528 2655 1610 2715 Herr
1639 2658 1727 2718 Graf
1745 2652 1899 2712 Potocki,
1922 2655 2081 2715 Woywod
2115 2660 2170 2720 von

1201 2690 1322 2750 Kyow,
1339 2691 1383 2751 als
1406 2693 1433 2753 er
1456 2697 1511 2757 von
1539 2706 1627 2766 denen
1661 2703 1827 2763 Rußischen
1855 2703 2021 2763 Genenals
2044 2706 2070 2766 zu
2099 2706 2181 2766 Kry=

1197 2742 1349 2802 stianopel
1371 2745 1514 2805 befraget
1535 2756 1688 2816 worden,
1710 2752 1736 2812 zu
1773 2750 1841 2810 was
1874 2749 1926 2809 vor
1959 2754 2042 2814 einem
2085 2752 2174 2812 Ende

1193 2793 1325 2853 derselbe
1353 2793 1375 2853 so
1398 2796 1458 2856 viel
1475 2804 1624 2864 Truppen
1652 2802 1751 2862 habe?
1785 2799 1834 2859 zur
1851 2799 2000 2859 Antwort
2023 2802 2177 2862 gegeben:

1198 2847 1251 2907 daß
1276 2848 1305 2908 es
1330 2847 1359 2907 zu
1390 2849 1480 2909 seiner
1511 2857 1612 2917 Güter
1637 2849 1829 2909 Sicherheit
1848 2849 2015 2909 geschehe:
2046 2852 2178 2912 worauf

2090 2905 2176 2965 hoch=
