2479 3508
155 348 279 408 zessin,
301 345 366 405 wie
393 344 538 404 desselben
572 338 724 398 Dichters
759 339 957 399 seraphische
977 339 1169 399 Jünglinge

161 395 221 455 und
250 395 432 455 Mädchen.
477 389 560 449 Nur
594 386 649 446 das
672 383 799 443 Sneer,
827 386 893 446 wie
922 386 949 446 es
988 388 1043 448 der
1072 386 1171 446 Hol=
1211 388 1260 448 bin
1300 388 1371 448 auch
1405 386 1499 446 dafür

153 446 307 506 länder
342 440 450 500 giebt,
479 435 501 495 in
536 435 633 495 diesem
679 435 821 495 Buche,
856 437 896 497 ist
919 437 981 497 mir
1011 436 1068 496 bey
1102 437 1153 497 dem

164 497 338 557 gemeinten
369 488 501 548 Dichter
526 485 567 545 ein
598 486 664 546 noch
695 485 718 545 zu
749 488 845 548 neues
870 487 1093 547 Phänomen.

1245 336 1341 396 Leben
1381 335 1452 395 Sie
1479 337 1595 397 wohl,
1621 339 1666 399 ich
1699 343 1841 403 plaudre
1868 342 1899 402 zu
1933 345 2023 405 viel,
2063 347 2140 407 aber
2166 347 2211 407 ich

1688 438 1747 498 der
1778 443 1911 503 Ihrige

2041 494 2196 554 .

391 674 615 734 Breslau,
649 676 701 736 den
735 679 800 739 11.
821 679 926 739 Sept.

199 721 334 781 Gestern
361 721 600 781 Nachmittage
622 724 731 784 wurde
752 727 866 787 allhier
903 727 929 787 in
956 729 1169 789 Gegenwart

147 773 223 833 Sr.
246 772 344 832 Maj.
366 772 415 832 des
443 772 601 832 Königs,
634 772 688 832 des
722 775 869 835 Prinzen
908 778 962 838 von
995 778 1169 838 Preußen,

155 822 219 882 und
246 819 298 879 des
336 819 479 879 Prinzen
512 819 687 879 Heinrichs
720 822 868 882 Königl.
890 825 1087 885 Hoheiten,
1109 825 1161 885 des

157 867 357 927 Erbprinzen
389 867 440 927 von
471 870 729 930 Braunschweig
755 872 811 932 und
843 873 894 933 des
920 873 1059 933 Prinzen
1085 874 1167 934 Wil¬

148 919 220 979 helm
265 918 321 978 von
366 921 923 981 Braunschweig=Wolffenbüttel
957 921 1169 981 Hochfürstl.

148 972 318 1032 Durchl.,
351 969 409 1029 wie
442 972 510 1032 auch
543 972 623 1032 Sr.
645 974 794 1034 Durchl.
822 974 874 1034 dem
923 973 1072 1033 Herzoge
1105 975 1158 1035 von

148 1021 231 1081 Oels
260 1021 320 1081 und
343 1019 437 1079 dessen
472 1025 683 1085 Gemahlin,
717 1025 761 1085 die
789 1024 978 1084 Verlobung
1013 1022 1157 1082 zwischen

151 1070 200 1130 des
240 1070 384 1130 Prinzen
429 1073 591 1133 Friedrich
631 1073 759 1133 August
793 1073 848 1133 von
883 1073 1161 1133 Braunschweig¬

156 1172 323 1232 Friderica
350 1169 485 1229 Sophia
513 1169 572 1229 von
599 1169 919 1229 Würtenberg=Oels
947 1175 1130 1235 vollzogen.

415 1211 567 1271 Wien,
599 1213 656 1273 vom
709 1213 772 1273 29.
799 1217 893 1277 Aug.

193 1258 275 1318 Von
312 1258 492 1318 Cronstadt
523 1258 548 1318 in
580 1261 842 1321 Siebenbürgen
879 1264 961 1324 wird
998 1264 1167 1324 berichtet,

144 1309 206 1369 daß
232 1306 284 1366 den
316 1306 382 1366 8ten
414 1306 502 1366 Aug.
523 1305 575 1365 bey
607 1305 653 1365 der
679 1309 923 1369 Wallachischen
955 1309 1064 1369 Stadt
1080 1311 1167 1371 Ugu¬

147 1354 239 1414 restin
271 1351 359 1411 5000
390 1353 550 1413 Asiatische
577 1353 716 1413 Spahis
737 1357 933 1417 angelanget
949 1354 1078 1414 wären,
1095 1354 1161 1414 wel=

144 1403 217 1463 chen
255 1402 312 1462 mit
340 1399 476 1459 nächsten
514 1399 582 1459 eine
609 1402 741 1462 Menge
774 1402 1005 1462 Janitscharen
1048 1402 1148 1462 folgen

148 1452 269 1512 sollen;
298 1449 347 1509 die
364 1449 474 1509 erstern
508 1449 602 1509 haben
630 1447 679 1507 ihr
702 1449 796 1509 Lager
818 1449 868 1509 bey
896 1451 1073 1511 Choczim,
1101 1451 1161 1511 un¬

142 1500 221 1560 weit
243 1500 291 1560 der
313 1499 515 1559 pohlnischen
548 1497 696 1557 Provinz
713 1500 873 1560 Podolien
900 1500 1161 1560 aufgeschlagen.

134 1551 211 1611 Aus
244 1548 376 1608 welcher
404 1549 540 1609 Ursache
574 1549 639 1609 eine
673 1550 766 1610 solche
794 1551 925 1611 Menge
953 1550 1084 1610 Türken
1123 1548 1145 1608 in

143 1602 193 1662 der
217 1601 399 1661 Wallachey
428 1601 473 1661 sich
502 1601 587 1661 sehen
610 1599 707 1659 läßt,
731 1599 770 1659 ist
788 1599 992 1659 unbekannt.
1050 1597 1152 1657 Diese

143 1651 267 1711 Völker
296 1652 388 1712 sollen
427 1652 497 1712 aber
536 1649 562 1709 in
613 1649 667 1709 der
694 1652 880 1712 Wallachey
913 1652 973 1712 und
1006 1649 1153 1709 Moldau

148 1703 214 1763 eine
248 1703 531 1763 unbeschreibliche
560 1703 738 1763 Räuberey
772 1703 910 1763 verübet
939 1703 1072 1763 haben,
1100 1705 1161 1765 wie

147 1754 185 1814 sie
207 1756 282 1816 denn
315 1757 406 1817 denen
434 1756 580 1816 dortigen
607 1757 829 1817 Unterthanen
857 1757 916 1817 alle
938 1756 1062 1816 Pferde
1089 1757 1148 1817 und

147 1802 301 1862 Schaafe
320 1802 583 1862 weggenommen
611 1802 738 1862 haben,
765 1804 828 1864 und
856 1802 919 1862 wer
947 1802 1001 1862 das
1038 1804 1155 1864 seinige

141 1846 200 1906 hat
220 1846 442 1906 wiederhaben
473 1846 605 1906 wollen,
626 1843 680 1903 hat
700 1843 788 1903 ihnen
824 1843 858 1903 30
888 1843 1051 1903 Türkische
1071 1845 1159 1905 Tha¬

149 1897 188 1957 ler
214 1894 329 1954 erlegen
360 1891 495 1951 müssen.
521 1891 631 1951 Durch
662 1888 752 1948 dieses
777 1888 953 1948 Verfahren
984 1888 1044 1948 sind
1069 1890 1149 1950 viele

147 1945 374 2005 Wallachische
407 1939 576 1999 Edelleute
609 1936 804 1996 genöthiget
836 1937 995 1997 worden,
1033 1937 1064 1997 in
1102 1939 1149 1999 die

140 1996 446 2056 Siebenbürgische
469 1987 602 2047 Gränze
625 1987 652 2047 zu
681 1987 836 2047 flüchten.

329 2035 658 2095 Regensburg,
681 2035 738 2095 den
778 2037 817 2097 3.
846 2035 959 2095 Sept.

190 2091 234 2151 An
264 2091 314 2151 dem
355 2088 582 2148 Hochfürstlich
611 2085 781 2145 Taxischen
810 2087 895 2147 Hofe
918 2085 952 2145 ist
981 2085 1049 2145 man
1083 2084 1145 2144 alle

140 2142 229 2202 Tage
257 2142 307 2202 der
324 2139 474 2199 Ankunft
497 2138 547 2198 des
575 2137 719 2197 Herzogs
748 2139 859 2199 Eugen
898 2138 954 2198 von
988 2136 1149 2196 Würten¬

141 2193 208 2253 berg
237 2190 408 2250 gewärtig,
437 2190 466 2250 zu
495 2187 591 2247 dessen
620 2187 809 2247 Empfange
832 2187 911 2247 schon
940 2187 997 2247 alle
1021 2188 1140 2248 Anstal

137 2240 184 2300 ten
217 2240 269 2300 von
301 2238 348 2298 des
376 2237 481 2297 Herrn
508 2237 709 2297 Erbprinzen
741 2237 794 2297 von
826 2239 926 2299 Taxis
943 2237 1144 2297 Hochfürstl.

137 2294 281 2354 Durchl.
303 2290 452 2350 gemacht
479 2287 628 2347 werden,
661 2285 740 2345 weil
768 2291 927 2351 nunmehr
960 2288 1061 2348 gewiß
1093 2288 1146 2348 ist,

140 2342 199 2402 daß
243 2342 302 2402 des
346 2339 448 2399 Herrn
498 2333 899 2393 Principalcommissarii
938 2336 1143 2396 Hochfürstl.

134 2390 285 2450 Durchl.
307 2387 364 2447 vor
396 2389 447 2449 dem
495 2387 625 2447 Monat
653 2384 835 2444 December
867 2387 934 2447 hier
961 2384 1050 2444 nicht
1082 2382 1149 2442 ein¬

138 2437 240 2497 treffen
273 2435 420 2495 werden,
453 2436 545 2496 indem
595 2432 686 2492 Dero
720 2438 904 2498 Gemahlin
937 2432 1143 2492 Hochfürstl.

132 2485 279 2545 Durchl.
301 2485 349 2545 sich
377 2485 568 2545 entschlossen
601 2479 693 2539 haben
738 2483 786 2543 bey
825 2488 878 2548 des
907 2482 1015 2542 Herrn
1048 2478 1140 2538 Gra¬

137 2536 185 2596 fen
218 2533 272 2593 von
300 2533 510 2593 Wallenstein
538 2530 613 2590 Exc.
640 2530 688 2590 die
716 2536 943 2596 Niederkunft
970 2529 1143 2589 abzuwar¬

134 2583 207 2643 ten,
232 2581 294 2641 und
319 2581 380 2641 erst
399 2583 467 2643 nach
504 2578 762 2638 ausgestandnen
800 2587 1040 2647 Sechswochen
1078 2580 1145 2640 hie¬

130 2636 188 2696 her
212 2629 462 2689 zurückkehren.

336 2676 628 2736 Strasburg,
671 2678 725 2738 den
763 2681 799 2741 1.
830 2685 939 2745 Sept.

184 2731 275 2791 Seit
297 2727 409 2787 kurzem
453 2726 516 2786 sind
552 2724 580 2784 im
623 2724 764 2784 Handel
793 2732 857 2792 und
886 2736 1033 2796 Wandel
1056 2730 1140 2790 viele

130 2787 266 2847 falsche,
297 2779 433 2839 einfache
457 2775 517 2835 und
541 2775 690 2835 doppelte
714 2778 815 2838 Louis
840 2780 922 2840 d'Or
952 2782 1142 2842 ausgebrei¬

129 2836 175 2896 tet
196 2833 342 2893 worden.
390 2826 483 2886 Man
510 2828 704 2888 behauptet,
731 2829 771 2889 sie
792 2832 878 2892 sollen
912 2838 966 2898 von
1000 2834 1126 2894 falschen

132 2887 301 2947 Münzern
333 2883 356 2943 in
387 2882 563 2942 Bretagne
582 2882 758 2942 geschlagen
789 2882 873 2942 seyn.

1478 674 1622 734 Cölln,
1653 677 1713 737 vom
1755 678 1821 738 31.
1852 679 1941 739 Aug.

1250 724 1329 784 Von
1358 724 1527 784 Augspurg
1556 727 1664 787 erhält
1682 727 1749 787 man
1784 727 1828 787 die
1852 725 2056 785 Nachricht,
2085 727 2135 787 daß
2164 727 2220 787 auf

1212 775 1413 835 Vorstellung
1443 773 1494 833 des
1524 773 1592 833 jetzo
1622 778 1818 838 65jährigen
1853 774 2008 834 Bischofs
2038 774 2095 834 das
2130 773 2216 833 hohe

1202 822 1419 882 Domcapitel
1440 822 1490 882 sich
1521 820 1556 880 am
1602 825 1698 885 17ten
1734 825 1830 885 dieses
1861 822 2007 882 Monats
2043 822 2225 882 versamm=

1203 875 1272 935 let,
1300 873 1359 933 und
1387 870 1462 930 Sr.
1479 870 1624 930 Königl.
1641 873 1765 933 Hoheit
1792 873 1846 933 dem
1884 873 2024 933 Prinzen
2057 870 2208 930 Clemens

1198 922 1253 982 von
1298 919 1481 979 Sachsen,
1515 920 1660 980 Bischof
1694 923 1754 983 von
1799 920 1994 980 Freysingen
2045 918 2105 978 und
2145 918 2217 978 Re¬

1201 972 1361 1032 genspurg
1390 972 1439 1032 zum
1484 972 1700 1032 Coadjutoren
1739 972 1916 1032 einmüthig
1945 969 2094 1029 erkohren
2123 969 2222 1029 habe.

1377 1025 1738 1085 Philippsthal,
1774 1025 1827 1085 den
1863 1024 1904 1084 8.
1928 1022 2040 1082 Sept.

1251 1069 1327 1129 Den
1357 1073 1421 1133 4ten
1451 1073 1545 1133 dieses
1575 1077 1780 1137 Vormittags
1804 1074 1898 1134 gegen
1928 1073 1962 1133 11
1987 1072 2051 1132 Uhr
2075 1070 2133 1130 sind
2163 1070 2209 1130 die

156 1122 409 1182 Wolffenbüttel
432 1121 630 1181 Hochfürstl.
648 1121 796 1181 Durchl.
813 1124 873 1184 und
896 1124 950 1184 der
973 1126 1155 1186 Prinzessin
1200 1122 1509 1182 Durchlauchtigste
1532 1127 1680 1187 Fürstin,
1703 1126 1785 1186 Frau
1825 1124 1929 1184 Ulrica
1957 1123 2144 1183 Eleonora,
2167 1120 2216 1180 ge¬

1198 1172 1295 1232 borne
1317 1172 1501 1232 Prinzessin
1540 1172 1594 1232 von
1627 1172 2039 1232 Hessen=Philippsthal,
2062 1169 2218 1229 Gemah=

1192 1217 1234 1277 lin
1272 1218 1346 1278 Sr.
1368 1219 1570 1279 Hochfürstl.
1597 1219 1745 1279 Durchl.
1767 1217 1820 1277 des
1852 1216 2001 1276 Prinzen
2039 1213 2187 1273 Wilhelm

1197 1262 1252 1322 von
1282 1263 1682 1323 Hessen=Philippsthal,
1708 1264 1768 1324 mit
1790 1264 1875 1324 einem
1916 1261 2027 1321 jungen
2058 1258 2204 1318 Prinzen

1191 1309 1334 1369 glücklich
1364 1309 1542 1369 entbunden
1572 1311 1730 1371 worden,
1755 1311 1883 1371 welcher
1914 1309 1962 1369 den
1993 1309 2062 1369 8ten
2092 1308 2116 1368 in
2146 1308 2214 1368 hie¬

1195 1354 1276 1414 sigem
1325 1354 1476 1414 Schlosse
1510 1357 1639 1417 getauft
1672 1359 1818 1419 wurde,
1857 1359 1921 1419 und
1965 1356 2019 1416 den
2068 1357 2198 1417 Namen

1195 1402 1353 1462 Friedrich
1392 1403 1571 1463 empfieng.

1404 1452 1686 1512 Amsterdam,
1726 1455 1779 1515 den
1812 1453 1851 1513 4.
1873 1452 1981 1512 Sept.

1238 1498 1391 1558 Nachdem
1431 1500 1482 1560 der
1517 1501 1652 1561 Rußisch
1687 1500 1886 1560 Kaiserliche
1915 1503 2074 1563 Minister
2109 1498 2205 1558 Graf

1187 1546 1243 1606 von
1275 1548 1461 1608 Woronzow
1498 1549 1560 1609 und
1592 1551 1643 1611 der
1670 1548 2007 1608 Churhannövrische
2033 1549 2199 1609 Gesandte

1195 1596 1354 1656 Freyherr
1380 1597 1436 1657 von
1468 1599 1632 1659 Spörcken
1664 1600 1777 1660 neulich
1813 1599 1875 1659 mit
1901 1601 1952 1661 den
1989 1597 2189 1657 Deputirten

1197 1648 1244 1708 der
1276 1649 1545 1709 Generalstaaten
1578 1649 1757 1709 conferiret
1784 1649 1915 1709 haben,
1958 1650 1989 1710 so
2021 1649 2200 1709 vernimmt

1185 1701 1255 1761 man
1283 1702 1375 1762 jetzo,
1398 1702 1457 1762 daß
1485 1703 1533 1763 der
1567 1703 1675 1763 erstere
1703 1703 1741 1763 um
1790 1703 1839 1763 die
1867 1700 2073 1760 Verbietung
2107 1700 2193 1760 einer

1190 1751 1335 1811 gewissen
1365 1754 1486 1814 kleinen
1522 1755 1684 1815 Schrift,
1714 1756 1830 1816 welche
1860 1754 1911 1814 den
1947 1753 2039 1813 Titel
2063 1751 2202 1811 führet:

1189 1802 1354 1862 Rußische
1375 1802 1576 1862 Anecdoten,
1602 1805 1677 1865 oder
1703 1805 1818 1865 Briefe
1849 1805 1934 1865 eines
1960 1805 2116 1865 deutschen
2146 1801 2206 1861 Of¬

1186 1846 1292 1906 ficiers
1322 1843 1358 1903 an
1396 1846 1485 1906 einen
1518 1849 1752 1909 liefländischen
1795 1852 2010 1912 Edelmann,
2057 1852 2197 1912 letzterer

1184 1888 1261 1948 aber
1282 1888 1318 1948 um
1360 1888 1406 1948 die
1433 1891 1665 1951 Berichtigung
1703 1894 1826 1954 einiger
1853 1894 2090 1954 rückständigen
2122 1897 2199 1957 Zin¬

1179 1939 1227 1999 sen
1260 1936 1453 1996 angehalten
1485 1937 1587 1997 habe.

1447 1984 1637 2044 Leyden,
1661 1987 1718 2047 den
1748 1987 1788 2047 9.
1817 1987 1926 2047 Sept.

1222 2038 1268 2098 J.
1286 2033 1777 2093 Schuurmann=Steckhoven,
1801 2034 1847 2094 ein
1883 2037 2040 2097 Fleuriste
2070 2037 2192 2097 alhier,

1179 2083 1240 2143 hat
1272 2082 1338 2142 eine
1370 2082 1530 2142 blühende
1561 2084 1643 2144 Aloe
1670 2083 1726 2143 von
1763 2085 1814 2145 der
1845 2086 1995 2146 Gattung
2031 2085 2077 2145 die
2109 2085 2181 2145 man

1179 2136 1370 2196 Americana
1397 2130 1423 2190 ex
1450 2132 1535 2192 Vera
1567 2134 1673 2194 Cruce
1700 2136 1821 2196 Major
1849 2136 1987 2196 nennet.
2040 2136 2114 2196 Sie
2136 2138 2188 2198 hat

1180 2184 1255 2244 über
1278 2185 1342 2245 800
1375 2181 1516 2241 Blumen
1544 2185 1603 2245 und
1631 2187 1706 2247 über
1729 2190 1788 2250 100
1816 2190 1968 2250 Blätter.
2017 2189 2093 2249 Sie
2110 2188 2185 2248 wird

1182 2237 1254 2297 noch
1280 2233 1291 2293 2
1323 2229 1462 2289 Monate
1488 2234 1628 2294 blühen.

1386 2285 1704 2345 Copenhagen,
1723 2288 1777 2348 den
1814 2291 1879 2351 27.
1904 2291 1994 2351 Aug.

1221 2330 1293 2390 Vom
1333 2327 1439 2387 20sten
1474 2330 1518 2390 bis
1552 2335 1607 2395 zum
1658 2339 1764 2399 23sten
1804 2339 1898 2399 dieses
1938 2340 2084 2400 Monats
2118 2336 2179 2396 sind

1176 2383 1272 2443 alhier
1301 2378 1340 2438 55
1375 2380 1501 2440 Schiffe
1525 2387 1753 2447 angekommen
1788 2390 1844 2450 und
1873 2387 1907 2447 75
1937 2387 2187 2447 ausgegangen,

1177 2432 1314 2492 woraus
1334 2429 1407 2489 man
1440 2429 1492 2489 die
1519 2435 1644 2495 Größe
1671 2440 1803 2500 unserer
1836 2437 1960 2497 jetzigen
2002 2436 2185 2496 Handlung

1175 2482 1354 2542 abnehmen
1382 2477 1488 2537 kann.

1421 2533 1624 2593 London,
1665 2538 1728 2598 vom
1776 2535 1810 2595 4.
1840 2531 1949 2591 Sept.

1223 2573 1290 2633 Die
1316 2577 1328 2637 4
1360 2578 1552 2638 Bildsäulen
1578 2586 1695 2646 welche
1715 2584 1783 2644 man
1821 2581 1882 2641 auf
1907 2578 1957 2638 der
1989 2581 2119 2641 Brücke
2150 2581 2181 2641 de

1178 2626 1407 2686 Black=Friars
1444 2630 1525 2690 setzen
1562 2636 1649 2696 will,
1674 2632 1761 2692 sollen
1797 2629 1844 2689 den
1880 2629 1985 2689 Herrn
2022 2629 2157 2689 William

1176 2675 1271 2735 Pitt,
1298 2675 1345 2735 den
1377 2680 1577 2740 verstorbnen
1610 2682 1720 2742 Ritter
1742 2676 1879 2736 Johann
1911 2679 2091 2739 Barnard,
2118 2679 2170 2739 den

1174 2724 1296 2784 tapfern
1333 2727 1487 2787 General
1509 2734 1604 2794 Wolf
1626 2731 1689 2791 und
1711 2727 1763 2787 den
1801 2727 1992 2787 berühmten
2030 2725 2183 2785 Admiral

1174 2775 1364 2835 Boscawen
1391 2781 1575 2841 vorstellen.
1624 2779 1713 2839 Nach
1751 2775 1834 2835 einer
1862 2777 1998 2837 gewissen
2031 2775 2178 2835 Calcula=

1167 2826 1233 2886 tion
1267 2826 1393 2886 rechnet
1422 2832 1527 2892 man,
1561 2831 1615 2891 daß
1649 2825 1698 2885 der
1732 2826 1843 2886 König
1871 2826 2092 2886 gegenwärtig
2126 2823 2164 2883 20

1166 2879 1343 2939 Millionen
1375 2882 1602 2942 Unterthanen
1633 2879 1657 2939 in
1688 2876 1835 2936 Amerika
1866 2876 1964 2936 habe.
2020 2870 2093 2930 Die
2124 2870 2185 2930 un=
