2479 3508
587 1220 704 1280 55tes
751 1217 915 1277 Stück.
978 1219 1196 1279 Freytag,
1236 1216 1306 1276 den
1354 1216 1439 1276 10.
1471 1213 1634 1273 August
1674 1213 1822 1273 1764.

481 1293 893 1353 Hildburghausen.

196 1345 420 1405 Dützliche
441 1348 498 1408 und
524 1345 614 1405 durch
640 1345 684 1405 die
711 1341 897 1401 Erfahrung
923 1339 1090 1399 bewährte
1110 1333 1199 1393 Vor¬

179 1443 353 1503 "brünsten
392 1441 523 1501 Häuser
562 1437 621 1497 und
655 1434 823 1494 Mobilien
862 1432 955 1492 sicher
988 1431 1020 1491 zu
1065 1429 1190 1489 retten;

187 1492 308 1552 „nebst
325 1492 407 1552 einer
430 1488 634 1548 gründlichen
657 1483 867 1543 Anweisung,
879 1482 972 1542 große
989 1479 1044 1539 und
1066 1476 1176 1536 gefähr

186 1538 288 1598 liche
310 1542 569 1602 Feuersbrünste
586 1539 618 1599 zu
645 1536 828 1596 verhüͤten,
850 1533 909 1593 und
937 1530 1001 1590 was
1034 1530 1103 1590 man
1131 1529 1179 1589 bey

190 1591 301 1651 »Auf=
326 1595 385 1655 und
421 1590 627 1650 Ausbauung
658 1587 710 1647 der
734 1585 887 1645 Häuser,
924 1582 982 1642 und
1018 1581 1183 1641 Aufbehal

190 1643 287 1703 "tung
328 1646 379 1706 der
415 1643 617 1703 Mobilien,
641 1639 698 1699 auf
728 1637 796 1697 eine
826 1634 976 1694 nutzbare
1011 1631 1114 1691 Weise
1150 1631 1178 1691 zu

189 1699 400 1759 *beobachten
431 1697 527 1757 habe.
570 1691 649 1751 Von
680 1691 739 1751 D.
764 1689 867 1749 Joh.
892 1685 1067 1745 Friedr.
1092 1682 1200 1742 Gla¬

189 1742 296 1802 Eser,
319 1748 533 1808 ordentlichen
562 1743 685 1803 Stadt=
703 1742 759 1802 und
788 1739 1013 1799 Amtsphysico
1036 1736 1063 1796 in
1092 1736 1193 1796 Suh¬

188 1793 264 1853 la,
296 1794 348 1854 der
369 1793 476 1853 Röm.
498 1790 647 1850 Kayserl.
668 1787 843 1847 Akademie
865 1787 911 1847 der
937 1784 1190 1844 Naturforscher

199 1837 409 1897 Mitgliede.
461 1831 600 1891 Dritte,
629 1831 694 1891 viel
713 1827 895 1887 vermehrte
919 1828 974 1888 und
1003 1828 1189 1888 verbesserte

185 1886 370 1946 Auflage.
394 1882 481 1942 8vo,
504 1877 614 1937 1764,
638 1873 655 1933 1
685 1870 847 1930 Alphabet
871 1867 905 1927 10
946 1867 1003 1927 und
1027 1867 1044 1927 1
1068 1870 1178 1930 halben

184 1929 356 1989 „Bogen.
433 1923 541 1983 Jeder
563 1918 855 1978 Menschenfreund
888 1913 963 1973 muß
996 1913 1050 1973 dem
1094 1912 1185 1972 Hrn,

183 1981 351 2041 Verfasser
376 1977 427 2037 für
451 1971 533 2031 seine
557 1966 808 2026 gemeinnützige
832 1960 1030 2020 Bemühung
1060 1957 1199 2017 verbun¬

186 2031 239 2091 den
270 2028 360 2088 seyn.
409 2020 457 2080 Er
482 2018 542 2078 hat
567 2016 615 2076 sich
652 2014 712 2074 mit
736 2011 863 2071 größtem
913 2009 1021 2069 Fleiße
1046 2008 1196 2068 bearbei¬

185 2079 256 2139 tet,
280 2075 333 2135 die
358 2067 654 2127 Aufmerksamkeit
679 2064 731 2124 der
750 2061 987 2121 Verständigen
1023 2058 1083 2118 auf
1107 2058 1189 2118 seine

184 2126 341 2186 Materie
374 2121 406 2181 zu
445 2118 591 2178 richten,
624 2117 684 2177 und
717 2115 934 2175 jedermann,
979 2110 1005 2170 so
1038 2109 1108 2169 viel
1136 2109 1184 2169 als

188 2175 348 2235 möglich,
378 2172 472 2232 gegen
514 2169 567 2229 das
598 2166 792 2226 besorgliche
817 2165 959 2225 Unglück
989 2160 1042 2220 der
1072 2158 1190 2218 Feuer¬

187 2229 311 2289 schäden
338 2225 365 2285 zu
398 2220 608 2280 verwahren.
658 2215 706 2275 Er
728 2217 841 2277 hatte,
874 2214 944 2274 nach
977 2211 1058 2271 einem
1107 2205 1193 2265 erlit¬

184 2279 273 2339 tenen
301 2276 469 2336 Brande,
492 2269 570 2329 diese
599 2261 800 2321 Vorschläge
828 2264 879 2324 zum
930 2260 1119 2320 erstenmale
1148 2257 1175 2317 im

190 2330 303 2390 Jahre
332 2324 440 2384 1754.
457 2318 615 2378 wiewohl
639 2312 724 2372 nicht
753 2310 775 2370 in
815 2312 860 2372 der
889 2312 985 2372 besten
1014 2306 1189 2366 Ordnung,

186 2378 290 2438 wegen
323 2373 415 2433 seiner
440 2369 496 2429 Eil
515 2366 570 2426 und
602 2360 770 2420 bestürzten
801 2357 1124 2417 Gemüthsfassung,
1149 2354 1179 2414 an

184 2426 243 2486 das
266 2423 347 2483 Licht
369 2420 500 2480 gestellt.
555 2411 647 2471 Nach
686 2410 735 2470 der
762 2408 833 2468 Zeit
860 2411 898 2471 ist
926 2408 969 2468 ein
1008 2405 1100 2465 neuer
1128 2402 1193 2462 Ab¬

186 2470 276 2530 druck
309 2467 520 2527 veranstaltet
553 2458 701 2518 worden.
749 2458 882 2518 Endlich
919 2456 977 2516 hat
1010 2451 1036 2511 er
1073 2450 1110 2510 sie
1137 2452 1190 2512 itzt

181 2519 301 2579 wieder
323 2515 350 2575 in
378 2512 487 2572 beßrer
510 2509 652 2569 Gestalt,
669 2503 728 2563 und
751 2505 811 2565 mit
834 2504 1063 2564 beträchtlichen
1097 2500 1195 2560 Zusä¬

184 2569 272 2629 tzen,
300 2563 522 2623 herausgehen
551 2554 661 2614 laßen.
706 2554 800 2614 Nach
834 2559 917 2619 einer
940 2551 1173 2611 vorangeschick

187 2619 236 2679 ten
264 2611 453 2671 Einleitung
482 2606 615 2666 handelt
633 2599 660 2659 er
683 2601 710 2661 in
733 2604 849 2664 einigen
883 2605 1033 2665 Kapiteln
1062 2597 1117 2657 ab,
1134 2599 1189 2659 wie

185 2669 256 2729 man
281 2661 304 2721 in
335 2656 508 2716 Ansehung
539 2652 586 2712 des
611 2649 868 2709 Hausgeräthes
899 2655 946 2715 sich
982 2651 1072 2711 gegen
1108 2646 1185 2706 allen

190 2711 439 2771 Brandschaden
481 2700 591 2760 gefaßt
621 2697 783 2757 machen,
824 2702 882 2762 wie
924 2701 993 2761 man
1040 2702 1098 2762 bey
1139 2696 1191 2756 der

190 2764 434 2824 Feuersbrunst
454 2753 513 2813 und
540 2750 612 2810 nach
646 2748 797 2808 derselben
837 2751 883 2811 sich
916 2754 1107 2814 verhalten,
1134 2746 1193 2806 wie

196 2818 267 2878 man
298 2814 339 2874 sie
364 2806 550 2866 überhaupt
581 2799 761 2859 verhüten,
785 2799 845 2859 und
876 2803 947 2863 nach
978 2805 1068 2865 ihrem
1104 2798 1170 2858 Aus

196 2870 306 2930 bruche
331 2863 387 2923 von
411 2855 554 2915 fernerer
571 2852 793 2912 Ausbreitung
826 2853 969 2913 abhalten
1001 2856 1089 2916 solle;
1113 2852 1200 2912 nicht

1222 1288 1367 1348 weniger
1396 1285 1483 1345 giebt
1518 1282 1547 1342 er
1577 1282 1774 1342 Vorschläge
1803 1282 1855 1342 bey
1891 1288 2216 1348 Wiederaufbauung

1224 1330 1277 1390 der
1299 1330 1451 1390 Häuser,
1479 1327 1603 1387 (wobey
1631 1330 1679 1390 der
1702 1327 1832 1387 Inhalt
1854 1330 1902 1390 der
1924 1330 2141 1390 Preisschrift
2164 1337 2217 1397 des

190 1390 473 1450 schläge,
487 1391 536 1451 bey
569 1390 701 1450 heftigen
733 1389 789 1449 und
815 1385 1029 1445 geschwinden
1049 1381 1187 1441 Feuers=
1219 1375 1408 1435 Verfassers
1434 1375 1483 1435 bey
1516 1375 1565 1435 der
1591 1375 1729 1435 Königl.
1749 1377 1957 1437 Gesellschaft
1976 1381 2007 1441 zu
2033 1384 2215 1444 Göttingen

1220 1422 1421 1482 vorkommt)
1443 1422 1499 1482 und
1525 1422 1696 1482 beschreibt
1718 1423 1758 1483 die
1785 1425 1976 1485 wachsenden
2003 1430 2220 1490 Schwämme

1224 1473 1283 1533 und
1316 1471 1364 1531 die
1392 1471 1565 1531 Holzfäule
1593 1473 1619 1533 in
1658 1473 1750 1533 neuen
1789 1473 1995 1533 Gebäuden.
2044 1479 2130 1539 Alles
2163 1483 2222 1543 auf

1232 1522 1288 1582 sehr
1317 1521 1480 1581 praktische
1504 1522 1565 1582 Art
1583 1524 1645 1584 und
1668 1523 1730 1583 mit
1748 1522 1951 1582 sorgfältiger
1980 1527 2217 1587 Genauigkeit;

1223 1574 1268 1634 so,
1297 1572 1347 1632 daß
1377 1572 1472 1632 dieses
1502 1572 1592 1632 Buch
1615 1572 1637 1632 in
1666 1572 1746 1632 aller
1764 1572 1899 1632 Hände,
1923 1575 2144 1635 vornehmlich
2173 1581 2223 1641 der

1221 1623 1465 1683 Ungelehrten,
1487 1625 1519 1685 zu
1547 1623 1688 1683 kommen
1727 1624 1890 1684 verdient.
1961 1625 2080 1685 Kostet
2108 1628 2129 1688 in
2168 1629 2222 1689 der

1225 1676 1433 1736 Kanterschen
1468 1676 1729 1736 Buchhandlung
1765 1677 1898 1737 allhier,
1928 1676 1985 1736 wie
2015 1678 2084 1738 auch
2119 1679 2147 1739 in
2177 1680 2228 1740 El¬

1218 1731 1292 1791 bing
1320 1730 1381 1790 und
1409 1730 1552 1790 Mitau,
1580 1730 1633 1790 und
1661 1730 1708 1790 der
1737 1730 1804 1790 Zeit
1825 1730 1852 1790 in
1880 1730 1968 1790 Riga
1996 1733 2008 1793 2
2030 1733 2070 1793 fl.
2084 1733 2090 1793 9
2125 1737 2172 1797 gr.

1594 1840 1684 1900 Das
1717 1840 1852 1900 Gesicht

1410 1909 1469 1969 des
1508 1909 1732 1969 Einsiedlers
1778 1915 2047 1975 Abdallah.

1470 1969 1538 2029 Eine
1560 1975 1794 2035 morgenländische
1821 1978 1981 2038 Erzählung.

1225 2105 1312 2165 Der
1340 2103 1455 2163 Khalif
1476 2103 1523 2163 der
1551 2106 1692 2166 Araber,
1721 2109 1883 2169 Yezid,
1904 2108 1971 2168 war
1999 2112 2073 2172 allen
2094 2116 2222 2176 Wollü¬

1224 2155 1282 2215 sten
1313 2154 1365 2214 des
1383 2151 1488 2211 Hofes
1513 2154 1665 2214 ergeben.
1725 2158 1778 2218 In
1814 2160 1913 2220 seinen
1943 2160 2054 2220 Ohren
2090 2167 2213 2227 erklang

1228 2205 1313 2265 nicht
1331 2199 1378 2259 die
1401 2202 1551 2262 Stimme
1581 2206 1626 2266 der
1651 2209 1836 2269 Unschuld,
1859 2211 1916 2271 und
1947 2211 2004 2271 das
2027 2214 2143 2274 Flehen
2172 2217 2224 2277 der

1222 2252 1391 2312 Elenden,
1415 2250 1528 2310 welche
1552 2255 1585 2315 um
1626 2258 1728 2318 Recht
1745 2261 1847 2321 wider
1865 2264 2126 2324 Unterdrückung
2150 2268 2229 2328 fleh¬

1216 2303 1272 2363 te,
1295 2300 1420 2360 sondern
1455 2301 1499 2361 die
1523 2306 1676 2366 Stimme
1700 2309 1750 2369 der
1774 2314 1916 2374 Sänger
1945 2314 2007 2374 und
2036 2318 2229 2378 Sängerin¬

1216 2351 1309 2411 nen,
1333 2348 1391 2408 und
1421 2347 1467 2407 der
1503 2353 1573 2413 süße
1597 2357 1666 2417 Ton
1702 2361 1877 2421 arabischer
1902 2366 2153 2426 Schönheiten,
2182 2369 2228 2429 die

1222 2399 1280 2459 aus
1310 2397 1379 2457 allen
1409 2399 1596 2459 Provinzen
1626 2409 1678 2469 der
1702 2411 1819 2471 Welt,
1843 2414 1953 2474 welche
1984 2412 2036 2472 sich
2071 2414 2129 2474 vor
2153 2414 2205 2474 ihm

1224 2448 1442 2508 demüthigte,
1469 2451 1519 2511 ihm
1566 2454 1591 2514 zu
1618 2458 1759 2518 Befehle
1779 2461 1927 2521 standen.
1986 2458 2101 2518 Seine
2128 2461 2204 2521 Tafe

1231 2499 1300 2559 war
1319 2497 1381 2557 mit
1401 2497 1476 2557 allen
1502 2504 1652 2564 Früchten
1678 2509 1728 2569 des
1754 2509 1891 2569 Orients
1912 2504 2043 2564 besetzt;
2069 2509 2219 2569 Lämmer

1220 2546 1278 2606 und
1313 2545 1488 2605 Schaafe,
1512 2554 1577 2614 und
1607 2560 1782 2620 Fasanen,
1806 2557 1863 2617 und
1900 2554 2098 2614 unzählbare
2128 2557 2232 2617 Heer¬

1220 2596 1270 2656 den
1305 2595 1356 2655 des
1379 2601 1595 2661 Federviehs,
1624 2608 1743 2668 lebten,
1767 2605 1800 2665 um
1841 2601 1886 2661 ihn
1921 2603 2006 2663 durch
2029 2607 2120 2667 ihren
2149 2608 2217 2668 Tod

1219 2645 1252 2705 zu
1282 2643 1442 2703 erhalten.
1494 2649 1562 2709 Die
1586 2655 1676 2715 Welt
1700 2652 1826 2712 erfüllte
1849 2649 1895 2709 die
1918 2654 2152 2714 Bestimmung
2176 2656 2227 2716 der

1230 2694 1519 2754 Unterthänigkeit
1544 2705 1638 2765 gegen
1674 2700 1756 2760 ihn,
1780 2700 1839 2760 nur
1869 2697 1898 2757 er
1934 2700 2016 2760 nicht
2041 2705 2123 2765 seine
2159 2704 2229 2764 Be¬

1223 2745 1413 2805 stimmung,
1441 2751 1504 2811 und
1526 2754 1584 2814 alle
1611 2750 1781 2810 Creaturen
1813 2748 1914 2808 thaten
1947 2751 1994 2811 dem
2037 2751 2153 2811 Range
2175 2751 2217 2811 ein

1230 2796 1377 2856 Gnüge,
1402 2799 1448 2859 die
1472 2800 1507 2860 sie
1531 2804 1555 2864 in
1591 2805 1644 2865 der
1668 2799 1768 2859 Reihe
1798 2799 1850 2859 der
1869 2797 1981 2857 Wesen
2017 2802 2229 2862 einnahmen,

1234 2848 1295 2908 nur
1323 2849 1456 2909 Hezid
1484 2855 1590 2915 nicht.

2094 2900 2224 2960 Dieses
