2479 3508
566 1233 685 1293 75tes
734 1231 894 1291 Stück.
967 1228 1191 1288 Freytag,
1224 1225 1287 1285 den
1337 1223 1424 1283 19.
1457 1221 1641 1281 October
1682 1221 1833 1281 1764.

230 1322 300 1382 Nt.
313 1316 502 1376 Evremont
526 1312 561 1372 ist
592 1309 679 1369 durch
716 1309 798 1369 seine
823 1306 1089 1366 Weltkenntnisse
1125 1303 1183 1363 und

170 1414 380 1474 schriftsteller
402 1410 501 1470 seiner
530 1405 656 1465 Nation
685 1404 883 1464 geworden:
912 1402 988 1462 darf
1011 1399 1055 1459 ich
1089 1396 1176 1456 mehr
1221 1387 1342 1447 werden
1371 1387 1403 1447 es
1426 1387 1508 1447 nicht
1531 1387 1680 1447 gewahr,
1697 1387 1752 1447 daß
1780 1387 1818 1447 ein
1852 1382 2017 1442 gleicheres
2046 1381 2106 1441 und
2134 1384 2228 1444 daur¬

172 1468 291 1528 sagen,
313 1461 345 1521 um
389 1455 546 1515 deutschen
574 1452 763 1512 Schönen,
791 1452 834 1512 die
861 1449 915 1509 das
943 1446 1046 1506 Wort
1073 1441 1181 1501 Mode

167 1515 225 1575 und
253 1514 359 1574 Paris
386 1506 471 1566 selten
498 1503 583 1563 ohne
605 1501 770 1561 Rührung
808 1497 957 1557 denken,
995 1495 1080 1555 einen
1112 1491 1186 1551 vor¬

165 1563 355 1623 theilhaften
389 1555 513 1615 Begrif
536 1551 590 1611 von
618 1550 868 1610 nachstehendem
907 1545 1026 1605 Briefe
1054 1544 1086 1604 zu
1114 1539 1184 1599 ma¬

168 1613 272 1673 chen?
306 1605 350 1665 Er
373 1605 466 1665 findet
489 1605 532 1665 sich
555 1602 637 1662 nicht
655 1602 676 1662 in
699 1600 748 1660 des
771 1599 836 1659 Des
865 1593 1035 1653 Maizeaux
1058 1591 1185 1651 Ausga=

165 1664 198 1724 be
227 1661 282 1721 von
311 1660 377 1720 St.
395 1655 585 1715 Evremont
602 1649 759 1709 Werken,
771 1648 798 1708 ob
827 1646 854 1706 er
877 1645 972 1705 gleich
1001 1643 1179 1703 vorzüglich

170 1715 258 1775 darin
287 1715 314 1775 zu
343 1712 426 1772 stehn
454 1706 616 1766 verdient.
661 1703 800 1763 Meiner
823 1697 1001 1757 Meynung
1029 1693 1101 1753 nach
1129 1691 1184 1751 hat

171 1769 325 1829 niemand
349 1766 396 1826 die
421 1763 527 1823 Kunst
545 1760 574 1820 zu
605 1757 699 1817 lieben
730 1754 759 1814 in
789 1754 872 1814 einem
914 1750 937 1810 so
961 1748 1085 1808 schönen
1110 1747 1186 1807 Lich¬

862 1802 1075 1862 Herrscht
1106 1799 1186 1859 und

173 1819 205 1879 te
233 1817 380 1877 gezeigt,
408 1811 468 1871 wie
490 1811 560 1871 St.
583 1806 768 1866 Evremont

168 1861 266 1921 seyd
297 1853 603 1913 veränderlich
643 1849 653 1909 —
713 1849 846 1909 Welche
872 1846 1004 1906 Schöne
1030 1846 1084 1906 hat
1109 1843 1192 1903 nicht

671 1893 746 1953 jede
770 1890 845 1950 wird
873 1888 934 1948 mir
958 1888 1019 1948 also
1043 1885 1094 1945 für
1118 1885 1179 1945 mei

172 1909 241 1969 eine
267 1905 336 1965 gute
357 1900 482 1960 Anlage
503 1895 577 1955 dazu

714 1936 781 1996 und
810 1935 858 1995 die
882 1933 1030 1993 Männer
1055 1930 1174 1990 werden

164 1954 205 2014 ne
232 1950 466 2010 Uebersetzung
498 1942 617 2002 danken

174 2007 256 2067 mich
282 1998 410 2058 segnen,
432 1993 514 2053 wenn
546 1990 591 2050 die
618 1987 736 2047 Frauen
768 1985 943 2045 überzeugt
964 1979 1108 2039 werden,
1129 1977 1180 2037 daß

176 2057 236 2117 das
264 2052 286 2112 im
331 2044 430 2104 Ernst
447 2043 496 2103 sich
530 2040 607 2100 thun
646 2035 713 2095 laße
747 2034 812 2094 was
846 2033 918 2093 St.
935 2028 1117 2088 Evremont
1145 2027 1178 2087 an

175 2106 224 2166 die
249 2102 404 2162 bekannte
423 2092 541 2152 Ninon
566 2088 603 2148 de
622 2087 752 2147 Lenclos
778 2085 969 2145 geschrieben
1007 2081 1075 2141 hat.

225 2250 347 2310 Meine
367 2243 547 2303 Meynung
574 2238 702 2298 stimmt
722 2236 780 2296 mit
806 2236 851 2296 der
872 2236 1013 2296 Ihrigen
1046 2230 1122 2290 aufs
1143 2227 1193 2287 ge¬

169 2305 281 2365 nauste
303 2294 462 2354 überein,
489 2292 521 2352 es
548 2291 585 2351 ist
601 2286 686 2346 nicht
708 2285 825 2345 immer
857 2285 905 2345 die
927 2284 1001 2344 Ehe
1028 2281 1102 2341 oder
1135 2279 1182 2339 der

178 2354 286 2414 Besitz
308 2348 357 2408 des
379 2346 531 2406 geliebten
564 2333 847 2393 Gegenstandes,
875 2334 939 2394 was
967 2333 1015 2393 die
1038 2331 1125 2391 Liebe
1147 2327 1184 2387 an

178 2402 238 2462 und
267 2402 322 2462 vor
351 2397 400 2457 sich
434 2392 528 2452 selbst
551 2384 718 2444 zerstéret.
775 2385 852 2445 Die
880 2383 1002 2443 wenige
1031 2378 1192 2438 Bedacht¬

178 2449 317 2509 samkeit
340 2446 361 2506 in
394 2446 442 2506 der
464 2436 701 2496 Haushaltung
739 2435 803 2495 mit
831 2434 928 2494 seiner
950 2428 1171 2488 Empfindung

170 2500 222 2560 der
250 2497 335 2557 mehr
362 2497 409 2557 als
437 2487 623 2547 gänzliche,
651 2482 698 2542 der
725 2482 752 2542 zu
784 2485 890 2545 leichte
918 2482 976 2542 und
1009 2476 1035 2536 zu
1073 2476 1190 2536 anhalt

181 2546 277 2606 tende
294 2542 395 2602 Besitz
424 2538 435 2598 —
497 2535 553 2595 das
576 2530 638 2590 sind
667 2530 712 2590 die
724 2533 859 2593 Quellen
887 2531 938 2591 des
961 2524 1180 2584 Ueberdrusses

179 2599 230 2659 den
260 2593 329 2653 man
359 2591 388 2651 im
429 2586 533 2646 Lieben
563 2581 720 2641 bemerkt.
767 2581 912 2641 Sobald
936 2578 1005 2638 man
1035 2575 1081 2635 sich
1105 2572 1185 2632 ohne

183 2645 348 2705 Rückhalt
367 2640 446 2700 allen
478 2629 723 2689 Aufwallungen
755 2634 840 2694 einer
865 2629 1079 2689 Leidenschaft
1098 2623 1196 2683 über¬

174 2697 268 2757 läßt,
301 2693 325 2753 so
352 2688 427 2748 kann
459 2685 490 2745 es
517 2682 598 2742 nicht
624 2679 757 2739 fehlen,
790 2682 846 2742 daß
885 2679 960 2739 diese
993 2676 1113 2736 heftige
1133 2669 1189 2729 Er¬

180 2743 382 2803 schütterung
415 2735 469 2795 der
503 2730 606 2790 Seele
640 2727 677 2787 sie
705 2729 786 2789 nicht
815 2732 885 2792 bald
919 2727 945 2787 in
979 2727 1066 2787 einer
1094 2719 1186 2779 tiefen

185 2795 388 2855 Einsamkeit
413 2784 617 2844 zurücklaßen
655 2778 778 2838 sollten.
847 2781 952 2841 Dann
990 2775 1112 2835 befindt
1138 2772 1186 2832 sich

183 2852 239 2912 das
272 2848 359 2908 Herz
385 2840 410 2900 in
448 2837 536 2897 einem
587 2832 712 2892 Leeren,
738 2830 794 2890 das
833 2832 864 2892 es
896 2832 1097 2892 beunruhigt
1123 2823 1185 2883 und

179 2903 248 2963 kalt
278 2897 399 2957 macht.

1257 1294 1340 1354 Wir
1363 1295 1462 1355 suchen
1501 1289 1678 1349 vergebens
1712 1288 1761 1348 die
1778 1288 1928 1348 Ursachen
1967 1285 2016 1345 der
2039 1287 2144 1347 Stille
2172 1284 2221 1344 die

188 1364 381 1424 feine
414 1360 613 1420 Galanterie
656 1357 699 1417 ein
743 1357 866 1417 Mode=
905 1354 963 1414 und
1002 1351 1184 1411 Lieblings=
1217 1345 1276 1405 auf
1303 1342 1416 1402 unsere
1438 1338 1691 1398 Aufwallungen
1724 1336 1831 1396 folgt,
1853 1336 1955 1396 außer
1982 1333 2068 1393 uns.
2144 1333 2219 1393 Wir

1213 1436 1356 1496 hafteres
1390 1435 1495 1495 Glück
1529 1436 1578 1496 die
1601 1434 1717 1494 Frucht
1745 1432 1872 1492 unserer
1895 1431 2089 1491 Mäßigung
2123 1431 2211 1491 gewe

1215 1485 1257 1545 sen
1289 1482 1352 1542 seyn
1385 1483 1512 1543 würde.
1560 1482 1766 1542 Zergliedern
1793 1480 1830 1540 sie
1862 1482 1920 1542 nur
1953 1479 2047 1539 genau
2085 1479 2154 1539 was
2191 1479 2217 1539 in

1212 1533 1309 1593 ihnen
1341 1533 1500 1593 vorgeht,
1531 1533 1624 1593 wann
1661 1532 1696 1592 sie
1728 1530 1825 1590 etwas
1857 1530 2058 1590 verlangen,
2084 1527 2115 1587 so
2146 1529 2228 1589 wer¬

1217 1584 1269 1644 den
1297 1582 1333 1642 sie
1360 1581 1487 1641 finden,
1524 1581 1576 1641 daß
1603 1581 1693 1641 unser
1720 1581 1905 1641 Verlangen
1943 1578 2043 1638 nichts
2075 1578 2122 1638 als
2155 1575 2223 1635 eine

1216 1631 1326 1691 wahre
1354 1629 1670 1689 Neubegierde
1698 1628 1753 1688 ist.
1798 1628 1908 1688 Diese
1931 1625 2158 1685 Neubegierde
2186 1627 2224 1687 ist

1221 1682 1266 1742 die
1289 1682 1480 1742 Triebfeder
1509 1682 1560 1742 des
1583 1679 1752 1739 Herzens.
1809 1679 1910 1739 Unser
1934 1679 2119 1739 Verlangen
2154 1679 2209 1739 ve.

1222 1736 1390 1796 schwindet
1413 1735 1512 1795 sobald
1541 1733 1575 1793 sie
1599 1733 1773 1793 befriedigt
1791 1727 1941 1787 worden.

1271 1790 1453 1850 Diejenige
1477 1787 1535 1847 also
1559 1787 1606 1847 die
1630 1787 1712 1847 einen
1742 1787 1853 1847 Mann
1883 1784 1953 1844 oder
1977 1783 2147 1843 Liebhaber
2177 1781 2223 1841 be¬

1224 1839 1345 1899 ständig
1368 1837 1489 1897 machen
1523 1837 1611 1897 will,
1634 1837 1706 1897 muß
1740 1837 1789 1897 ihm
1839 1834 1911 1894 noch
1940 1834 2055 1894 immer
2089 1832 2155 1892 was
2189 1831 2221 1891 zu

1224 1879 1386 1939 wünschen
1416 1879 1503 1939 übrig
1533 1879 1641 1939 laßen.
1691 1880 1799 1940 Jeder
1824 1879 1892 1939 Tag
1917 1881 1990 1941 muß
2020 1881 2073 1941 ihm
2123 1879 2221 1939 etwas

1212 1924 1332 1984 Neues
1358 1924 1419 1984 auf
1435 1924 1485 1984 den
1511 1924 1677 1984 folgenden
1708 1924 1926 1984 versprechen.
1988 1924 2079 1984 Man
2115 1927 2230 1987 verän¬

1220 1972 1286 2032 dere
1318 1971 1400 2031 seine
1426 1971 1735 2031 Vergnugungen,
1772 1972 1839 2032 man
1880 1972 2045 2032 verschaffe
2077 1970 2127 2030 ihm
2175 1973 2220 2033 die

1220 2020 1317 2080 Reize
1340 2019 1393 2079 des
1416 2017 1578 2077 Wechsels
1600 2017 1681 2077 ohne
1704 2017 1768 2077 eine
1796 2020 1991 2080 Aenderung
2019 2017 2067 2077 des
2095 2021 2230 2081 Gegen¬

1218 2067 1378 2127 standes,
1414 2066 1443 2126 so
1480 2066 1527 2126 bin
1563 2067 1609 2127 ich
1652 2069 1704 2129 für
1747 2069 1829 2129 seine
1866 2067 2120 2127 Bestandigkeit
2157 2073 2221 2133 und

1223 2118 1331 2178 Treue
1353 2115 1488 2175 Bürge.

1271 2169 1424 2229 Indessen
1454 2166 1566 2226 bekenn
1590 2166 1654 2226 ich,
1685 2166 1743 2226 daß
1767 2169 1814 2229 die
1838 2168 1926 2228 Ehe,
1950 2169 2020 2229 oder
2045 2169 2109 2229 was
2145 2171 2215 2231 man

1220 2222 1290 2282 ihre
1323 2217 1522 2277 Niederlage
1550 2220 1679 2280 nennt,
1701 2219 1755 2279 bey
1788 2222 1873 2282 einer
1901 2223 2219 2283 gewöhnlichen

1216 2270 1323 2330 Frau
1347 2267 1404 2327 das
1427 2265 1518 2325 Grab
1547 2268 1598 2328 der
1621 2270 1707 2330 Liebe
1730 2269 1798 2329 sey.
1850 2273 1935 2333 Man
1965 2273 2038 2333 muß
2067 2272 2113 2332 sich
2142 2273 2221 2333 dann

1220 2321 1294 2381 aber
1321 2316 1453 2376 deshalb
1480 2320 1623 2380 weniger
1645 2321 1676 2381 am
1719 2321 1920 2381 Liebhaber,
1947 2324 1995 2384 als
2022 2326 2053 2386 an
2085 2324 2138 2384 der
2159 2324 2233 2384 hal¬

1216 2370 1287 2430 ten,
1299 2368 1343 2428 die
1366 2366 1415 2426 sich
1444 2367 1521 2427 über
1544 2370 1593 2430 das
1616 2372 1821 2432 Kaltwerden
1855 2373 1999 2433 beklagt.
2022 2372 2094 2432 Sie
2117 2372 2227 2432 schiebt

1225 2420 1283 2480 auf
1305 2416 1357 2476 das
1378 2417 1547 2477 verderbte
1569 2423 1685 2483 Herz,
1717 2424 1786 2484 was
1818 2423 1875 2483 von
1908 2423 1997 2483 ihrer
2030 2420 2135 2480 eignen
2167 2420 2230 2480 we¬

1216 2470 1312 2530 nigen
1346 2467 1624 2527 Geschicklichkeit
1653 2473 1715 2533 und
1745 2470 1988 2530 Haushaltung
2029 2470 2227 2530 herkommt.

1228 2518 1296 2578 Sie
1329 2516 1387 2576 hat
1409 2515 1434 2575 in
1483 2521 1567 2581 einem
1621 2522 1710 2582 Tage
1743 2521 1822 2581 alles
1854 2518 2119 2578 verschwendet,
2157 2517 2225 2577 was

1220 2569 1271 2629 den
1308 2566 1432 2626 einmal
1458 2571 1603 2631 erregten
1640 2572 1826 2632 Geschmack
1857 2566 2059 2626 unterhalten
2096 2568 2230 2628 konnte.

1221 2617 1293 2677 Sie
1316 2617 1370 2677 hat
1399 2614 1448 2674 der
1471 2621 1665 2681 Neugierde
1699 2620 1749 2680 des
1772 2616 1966 2676 Liebhabers
2000 2617 2099 2677 nichts
2133 2620 2227 2680 mehr

1220 2667 1417 2727 anzubieten
1453 2662 1462 2722 -

1522 2668 1555 2728 es
1579 2673 1618 2733 ist
1635 2670 1749 2730 immer
1772 2664 1902 2724 dieselbe
1926 2664 2119 2724 Bildsäule,
2137 2667 2164 2727 es
2193 2668 2227 2728 ist

1226 2718 1314 2778 keine
1337 2718 1574 2778 Veränderung
1603 2723 1630 2783 zu
1664 2717 1758 2777 hoffen
1797 2715 1807 2775 —
1870 2715 1897 2775 er
1925 2715 1996 2775 weiß
2024 2715 2063 2775 sie
2080 2715 2235 2775 auswen¬

1378 2768 1478 2828 Allein
1512 2773 1562 2833 bey
1601 2769 1712 2829 einer
1742 2763 1875 2823 Frau;
1903 2766 1975 2826 wie
2004 2765 2048 2825 ich
2082 2765 2126 2825 sie
2155 2766 2232 2826 mir

1215 2817 1417 2877 einbilde
1445 2820 1499 2880 ists
1538 2823 1586 2883 die
1614 2815 1860 2875 Morgenröthe
1893 2814 1942 2874 des
1975 2814 2134 2874 schönsten
2172 2817 2237 2877 Ta¬

1227 2870 1313 2930 ges,
1337 2870 1394 2930 von
1423 2873 1451 2933 da
1481 2873 1590 2933 fangen
1625 2870 1671 2930 sich
1706 2865 1752 2925 die
1788 2866 1972 2926 kostbarsten
2001 2864 2139 2924 Freuden
2174 2864 2237 2924 an,
