2479 3508
146 357 267 417 wiege.
320 357 390 417 Und
414 357 465 417 die
483 354 582 414 Klage
606 354 646 414 ist
664 354 744 414 schon
781 351 966 411 überhaupt
990 351 1175 411 lächerlich;

155 407 191 467 sie
224 407 388 467 verdankt
415 406 468 466 ihr
500 406 638 466 Daseyn
676 401 787 461 solchen
825 401 1101 461 Kunstrichtern,
1133 398 1180 458 die

155 456 205 516 sich
241 455 337 515 gerne
368 453 438 513 eine
465 452 585 512 Miene
612 452 708 512 geben
739 452 880 512 wollen;
917 452 992 512 denn
1033 449 1064 509 es
1100 449 1180 509 wird

153 508 179 568 ja
212 504 328 564 immer
355 503 408 563 bey
435 503 647 563 Anschaffung
681 503 765 563 eines
798 502 930 562 Buches
957 500 1005 560 den
1032 497 1175 557 Käufern

159 557 207 617 die
240 554 326 614 freye
354 554 468 614 Wahl
495 554 647 614 gelaßen.
707 551 924 611 Geschmack,
952 549 1185 609 Sittenlehre,

158 601 381 661 Dichtkunst,
408 603 685 663 Beredsamkeit,
712 601 919 661 Geschichte;
946 598 1004 658 das
1037 595 1100 655 sind
1138 593 1185 653 die

165 652 397 712 Gegenstände
423 649 531 709 unsrer
558 650 785 710 Scribenten.
842 649 909 709 Zur
935 646 1183 706 Nachahmung

170 703 219 763 des
249 699 346 759 choix
371 700 557 760 litteraire,
592 700 646 760 der
671 700 700 760 zu
740 697 837 757 Genf
862 694 1176 754 herausgekommen

167 751 226 811 ist,
253 748 361 808 wollen
394 748 426 808 sie
448 750 518 810 auch
545 750 664 810 fremde
691 748 815 808 Stücke
837 748 896 808 von
924 746 1059 806 Werthe
1081 745 1107 805 in
1135 744 1183 804 ihr

167 798 403 858 Wochenblatt
423 798 650 858 aufnehmen;
681 798 786 858 (deren
812 797 867 857 wir
887 795 1003 855 bereits
1023 794 1194 854 verschied¬

166 848 204 908 ne
227 847 254 907 in
283 847 382 907 diesem
427 846 543 906 Theile
566 846 710 906 finden.)
761 847 810 907 In
839 846 888 906 die
911 846 1027 906 höhere
1050 842 1193 902 Gelehr¬

167 897 297 957 samkeit
327 897 372 957 sich
407 897 440 957 zu
481 897 669 957 vertiefen,
692 897 731 957 ist
755 897 812 957 ihr
841 895 983 955 Vorsatz
1012 891 1120 951 nicht;
1143 891 1199 951 in¬

172 945 269 1005 dessen
307 945 415 1005 wollen
459 945 496 1005 sie
530 945 589 1005 von
628 945 698 1005 Zeit
731 945 763 1005 zu
801 948 877 1008 Zeit
911 942 1013 1002 einige
1052 941 1192 1001 kritische

172 992 379 1052 Nachrichten
415 990 547 1050 liefern.
603 990 684 1050 Wir
715 992 821 1052 halten
858 990 913 1050 das
944 992 1187 1052 Unternehmen

171 1044 222 1104 für
248 1040 309 1100 sehr
336 1040 464 1100 nützlich
490 1039 552 1099 und
578 1037 820 1097 lobenswerth,
846 1037 908 1097 und
934 1037 1093 1097 wünschen
1119 1034 1170 1094 ihm

171 1091 226 1151 den
256 1089 398 1149 Beyfall
424 1088 520 1148 vieler
546 1088 656 1148 Leser;
688 1085 748 1145 wie
773 1085 843 1145 denn
870 1085 955 1145 deren
986 1085 1102 1145 bereits
1128 1084 1198 1144 eine

172 1141 393 1201 beträchtliche
421 1136 571 1196 Anzahl,
599 1136 647 1196 die
675 1136 723 1196 sich
750 1136 804 1196 zur
826 1134 1101 1194 Unterzeichnung
1140 1132 1193 1192 an¬

175 1191 309 1251 gegeben
343 1190 418 1250 hat,
446 1190 592 1250 genannt
614 1185 673 1245 ist,
701 1187 733 1247 an
766 1187 852 1247 deren
885 1184 1004 1244 Spitze
1027 1184 1069 1244 die
1097 1178 1199 1238 regie¬

175 1242 268 1302 rende
291 1240 434 1300 Königin
462 1240 517 1300 von
545 1237 699 1297 England
728 1237 843 1297 stehet.
894 1238 937 1298 Zu
965 1234 1053 1294 einer
1076 1231 1191 1291 Probe

170 1291 283 1351 wollen
318 1291 376 1351 wir
397 1291 455 1351 aus
480 1288 534 1348 den
569 1288 775 1348 vermischten
806 1287 982 1347 Gedanken
1022 1285 1100 1345 über
1135 1281 1184 1341 den

180 1336 273 1396 Tod,
302 1339 329 1399 im
368 1341 461 1401 ersten
490 1339 639 1399 Stücke,
667 1339 772 1399 einige
794 1339 927 1399 Stellen
955 1336 1104 1396 übersetzt
1121 1336 1198 1396 mit¬

176 1389 326 1449 theilen.

224 1431 326 1491 „Der
348 1437 419 1497 Tod
446 1437 598 1497 erscheint
620 1437 680 1497 uns
707 1435 859 1495 jederzeit
881 1434 935 1494 so,
963 1434 1027 1494 wie
1055 1434 1104 1494 der
1126 1434 1196 1494 Ho¬

171 1483 336 1543 "rizont,
379 1488 432 1548 der
464 1485 576 1545 unsern
608 1485 848 1545 Gesichtskreis
880 1485 1082 1545 beschränkt.

177 1534 305 1594 „näher
337 1533 399 1593 wir
425 1538 554 1598 treten,
591 1535 672 1595 desto
705 1533 812 1593 weiter
844 1535 957 1595 weicht
984 1533 1014 1593 er
1046 1533 1195 1593 hinweg.

177 1581 341 1641 "Immer
373 1583 501 1643 erblickt
527 1585 594 1645 man
636 1584 687 1644 ihn
723 1584 779 1644 nur
811 1582 841 1642 in
878 1583 929 1643 der
955 1584 1089 1644 Weite,
1120 1584 1181 1644 und

181 1633 340 1693 glaubt,
366 1631 396 1691 er
416 1634 521 1694 werde
542 1631 591 1691 sich
617 1631 757 1691 niemals
788 1631 937 1691 erreichen
968 1631 1078 1691 laßen.
1124 1631 1188 1691 Je¬

180 1673 253 1733 "der
283 1679 429 1739 verheißt
454 1677 498 1737 sich
528 1679 581 1739 auf
606 1676 655 1736 der
680 1676 762 1736 Erde
788 1676 851 1736 eine
876 1675 939 1735 Art
959 1675 1012 1735 von
1042 1673 1193 1733 Unsterb¬

179 1720 342 1780 lichkeit.
406 1721 496 1781 Alles
528 1719 609 1779 sinkt
637 1718 723 1778 zwar
750 1718 809 1778 uns
850 1716 904 1776 zur
932 1715 1036 1775 Seite
1068 1715 1194 1775 nieder.

180 1764 313 1824 „GOtt
328 1766 395 1826 raft
415 1766 447 1826 um
491 1766 553 1826 uns
577 1763 630 1823 her
654 1763 744 1823 unsre
769 1760 1013 1820 Verwandten,
1033 1757 1195 1817 Freunde,

178 1818 356 1878 "Herren,
384 1817 503 1877 dahin.
552 1817 742 1877 Dennoch,
764 1814 872 1874 mitten
910 1813 1002 1873 unter
1030 1811 1057 1871 so
1090 1811 1186 1871 vielen

187 1870 521 1930 "niedergeschlagnen
556 1867 680 1927 Köpfen
721 1869 777 1929 und
806 1864 1095 1924 Glücksständen,
1118 1864 1197 1924 blei=

190 1916 258 1976 "ben
285 1924 342 1984 wie
365 1921 560 1981 unverrückt
576 1921 703 1981 stehen;
740 1918 829 1978 nicht
851 1918 999 1978 anders,
1026 1918 1073 1978 als
1106 1915 1189 1975 sollte

195 1972 255 2032 der
277 1972 401 2032 Schlag
435 1972 511 2032 stets
544 1972 598 2032 zur
620 1971 724 2031 Seite
751 1969 800 2029 hin
838 1969 974 2029 treffen,
1002 1968 1050 2028 als
1084 1966 1186 2026 wären

196 2020 260 2080 wir
286 2023 351 2083 hier
377 2023 467 2083 unten
503 2020 558 2080 auf
574 2020 654 2080 ewig
680 2017 926 2077 eingewurzelt.

226 2063 325 2123 „Das
353 2070 458 2130 Maaß
492 2067 597 2127 unsrer
625 2067 808 2127 Schicksale
825 2067 864 2127 ist
881 2067 930 2127 sich
970 2065 1052 2125 nicht
1075 2063 1191 2123 gleich.

183 2115 324 2175 „Einige
347 2118 431 2178 sehen
460 2118 630 2178 ungestört
653 2117 699 2177 die
716 2117 801 2177 Zahl
818 2115 903 2175 ihrer
926 2115 1033 2175 Jahre
1057 2112 1101 2172 bis
1125 2112 1175 2172 zum

177 2169 424 2229 entferntesten
456 2168 543 2228 Alter
570 2166 770 2226 anwachsen.
823 2163 869 2223 Es
895 2166 982 2226 giebt
1004 2160 1122 2220 andre,
1143 2162 1189 2222 die

203 2213 255 2273 sich
282 2217 350 2277 bloß
377 2214 429 2274 der
451 2214 541 2274 Welt
557 2214 683 2274 zeigen,
705 2214 757 2274 die
779 2212 921 2272 zwischen
953 2213 1095 2273 Morgen
1122 2210 1184 2270 und

202 2261 315 2321 Abend
346 2261 398 2321 ihr
424 2258 517 2318 Ende
548 2261 714 2321 nehmen,
740 2261 828 2321 und,
854 2264 946 2324 gleich
983 2261 1076 2321 denen
1103 2258 1195 2318 Feld¬

176 2311 365 2371 „blumen,
387 2306 529 2366 zwischen
561 2308 608 2368 dem
651 2309 887 2369 Augenblicke,
909 2311 961 2371 der
994 2310 1030 2370 sie
1057 2306 1193 2366 aufblü¬

171 2357 277 2417 "hen,
304 2363 362 2423 und
389 2357 612 2417 demjenigen,
640 2356 687 2416 der
709 2357 746 2417 sie
773 2360 937 2420 verdorren
975 2360 1033 2420 und
1060 2357 1193 2417 schwin¬

197 2414 253 2474 den
282 2414 383 2474 sieht,
406 2411 553 2471 beynahe
587 2405 688 2465 keinen
723 2408 965 2468 Zwischenraum
1011 2408 1107 2468 übrig
1142 2406 1192 2466 la¬

179 2458 278 2518 ßen.
345 2462 424 2522 Wir
458 2458 524 2518 alle
552 2454 637 2514 leben
671 2452 697 2512 in
731 2457 963 2517 Ungewißheit
991 2458 1096 2518 wegen
1130 2455 1183 2515 der

172 2508 313 2568 "Dauer
336 2509 449 2569 unsrer
466 2506 580 2566 Tage;
608 2502 667 2562 und
701 2501 766 2561 eben
799 2505 886 2565 durch
914 2509 995 2569 diese
1012 2506 1191 2566 Ungewiß¬

178 2558 267 2618 "heit
292 2560 363 2620 wird
395 2560 484 2620 unsre
503 2554 744 2614 Wachsamkeit
774 2557 1034 2617 eingeschläfert.
1101 2555 1184 2615 Wir

190 2608 311 2668 denken
348 2611 432 2671 nicht
464 2608 495 2668 an
528 2608 580 2668 den
617 2603 717 2663 Tod,
755 2599 838 2659 weil
860 2603 917 2663 wir
950 2608 1034 2668 nicht
1061 2605 1187 2665 wissen,

178 2656 313 2716 "welche
335 2656 448 2716 Stelle
470 2655 529 2715 wir
551 2657 642 2717 ihm,
676 2652 767 2712 unter
800 2649 848 2709 den
886 2655 1102 2715 verschiednen
1130 2655 1188 2715 Al=

181 2706 256 2766 "tern
289 2707 397 2767 unsers
425 2706 564 2766 Lebens,
581 2704 738 2764 anweisen
766 2697 879 2757 sollen.
928 2706 1089 2766 Brächten
1123 2706 1181 2766 wir

179 2754 250 2814 "bey
278 2757 405 2817 unserer
428 2754 561 2814 Geburt
578 2755 628 2815 die
645 2753 733 2813 Zahl
750 2748 877 2808 unserer
900 2752 1022 2812 Jahre,
1039 2754 1100 2814 und
1128 2754 1177 2814 den

168 2808 357 2868 „tödtlichen
390 2805 481 2865 Tag,
509 2805 557 2865 der
579 2805 616 2865 sie
639 2802 774 2862 endigen
801 2799 877 2859 soll,
894 2801 953 2861 auf
969 2802 1061 2862 unsre
1083 2802 1185 2862 Stir¬

168 2850 245 2910 "nen
279 2855 499 2915 geschrieben,
528 2855 610 2915 mit,
633 2855 660 2915 so
688 2852 798 2912 würde
821 2847 920 2907 dieser
943 2852 1174 2912 festbestimmte

164 2909 472 2969 „Gesichtspunkt,
498 2907 522 2967 so
548 2906 693 2966 entfernt
706 2905 737 2965 er
769 2902 837 2962 auch
869 2901 939 2961 seyn
971 2904 1121 2964 möchte,
1147 2906 1171 2966 in

1229 342 1309 402 "uns
1332 345 1510 405 Gedanken
1543 345 1608 405 und
1635 348 1792 408 Unruhen
1825 345 1998 405 erzeugen,
2026 342 2086 402 und
2113 342 2172 402 uns
2200 345 2259 405 kei¬

1913 391 2019 451 Stets
2045 389 2156 449 würde
2187 392 2247 452 uns

1229 392 1289 452 "ne
1312 395 1455 455 Minute
1483 395 1565 455 über
1588 395 1720 455 sorgloß
1754 395 1863 455 laßen.

1245 443 1296 503 der
1322 443 1466 503 Raum,
1493 443 1544 503 den
1576 443 1637 503 wir
1664 445 1730 505 noch
1762 446 1818 506 vor
1844 445 1911 505 uns
1943 444 2035 504 übrig
2067 440 2185 500 sehen,
2211 442 2242 502 zu

1245 492 1318 552 kurz
1340 492 1488 552 dünken.
1541 490 1662 550 Dieses
1689 494 1764 554 auch
1796 494 1896 554 wider
1923 496 2039 556 Willen
2082 491 2134 551 dem
2172 489 2256 549 Ver¬

1252 543 1354 603 stande
1386 539 1504 599 immer
1546 545 1788 605 gegenwärtige
1820 542 1901 602 Bild
1944 545 2056 605 würde
2088 542 2150 602 uns
2186 539 2242 599 von

1251 592 1324 652 allem
1367 589 1585 649 abschrecken,
1601 591 1660 651 uns
1687 592 1734 652 die
1750 595 2026 655 Ergötzlichkeiten
2059 592 2255 652 unschmack=

1241 640 1350 700 haft,
1374 638 1420 698 die
1449 640 1669 700 Glücksgüter
1698 643 1930 703 gleichgültig,
1959 643 2005 703 die
2035 645 2132 705 ganze
2162 640 2254 700 Welt

1245 688 1462 748 beschwerlich
1497 688 1557 748 und
1584 692 1771 752 langweilig
1796 694 1943 754 machen.
1994 694 2064 754 Und
2090 694 2160 754 eben
2191 692 2256 752 der¬

1252 739 1331 799 selbe
1358 736 1452 796 Tod,
1479 739 1526 799 der
1553 739 1632 799 jeden
1664 745 1759 805 Tag,
1786 742 1870 802 jeden
1902 742 2097 802 Augenblick
2124 742 2250 802 erschei¬

1251 786 1309 846 nen
1337 789 1445 849 kann,
1473 789 1542 849 läßt
1564 789 1618 849 uns
1651 789 1845 849 gleichwohl
1873 789 1970 849 unsre
1998 791 2095 851 ganze
2117 789 2257 849 Lebhaf¬

1235 837 1365 897 "tigkeit
1388 837 1433 897 für
1456 837 1506 897 die
1524 838 1642 898 Welt,
1666 839 1716 899 für
1756 840 1812 900 das
1841 840 2073 900 Vergnügen,
2102 840 2157 900 für
2187 840 2242 900 den

1245 885 1472 945 Reichthum.
1537 888 1706 948 Darum,
1738 888 1817 948 weil
1844 886 1875 946 es
1908 891 2172 951 unausgemacht
2199 893 2257 953 ist,

1248 931 1282 991 ob
1308 935 1368 995 wir
1394 936 1475 996 nicht
1496 936 1591 996 heute
1622 936 1693 996 noch
1729 936 1845 996 sterben
1886 938 2038 998 werden,
2064 939 2149 999 leben
2185 939 2245 999 wir

1252 982 1311 1042 so,
1333 984 1386 1044 als
1424 986 1531 1046 sollten
1569 984 1660 1044 unsre
1682 981 1800 1041 Jahre
1828 984 1930 1044 ewige
1957 987 2080 1047 Dauer
2108 987 2236 1047 haben.

1236 1028 1349 1088 Kostet
1365 1031 1391 1091 in
1427 1031 1473 1091 der
1500 1029 1712 1089 Kanterschen
1743 1028 2012 1088 Buchhandlung
2038 1037 2172 1097 allhier,
2194 1037 2250 1097 wie

1237 1079 1303 1139 auch
1331 1079 1358 1139 in
1386 1079 1502 1139 Elbing
1530 1079 1590 1139 und
1619 1079 1729 1139 Mitau
1769 1076 1779 1136 2
1807 1076 1840 1136 fl.
1863 1079 1895 1139 15
1918 1079 1967 1139 gr.

1472 1127 1728 1187 Helmstådt
1756 1126 1821 1186 und
1855 1127 2007 1187 Halle.

1301 1177 1421 1237 Joh.
1451 1175 1571 1235 Ernst
1607 1178 1848 1238 Schuberts
1895 1178 2085 1238 Unterricht
2115 1178 2143 1238 in
2190 1178 2241 1238 der

1235 1225 1413 1285 "Religion
1444 1225 1495 1285 für
1525 1225 1570 1285 die
1594 1228 1750 1288 Jugend,
1774 1228 1860 1288 8vo,
1884 1229 1999 1289 1764,
2017 1228 2063 1288 11
2087 1228 2242 1288 Bogen.'

1239 1278 1321 1338 Man
1358 1279 1456 1339 findet
1488 1276 1554 1336 hier
1587 1279 1669 1339 einen
1711 1279 1871 1339 doppelten
1908 1279 2136 1339 catechetischen
2173 1278 2255 1338 Vor¬

1234 1333 1302 1393 trag
1331 1330 1381 1390 der
1404 1330 1595 1390 wichtigsten
1624 1330 1946 1390 Glaubenslehren,
1980 1332 2030 1392 der
2059 1330 2160 1390 theils
2189 1329 2239 1389 für

1235 1381 1315 1441 ganz
1333 1383 1431 1443 junge
1454 1381 1604 1441 Kinder,
1628 1381 1725 1441 theils
1755 1381 1806 1441 für
1830 1381 1950 1441 solche,
1974 1380 2020 1440 die
2043 1381 2129 1441 schon
2159 1379 2251 1439 meh¬

1231 1430 1301 1490 rern
1334 1431 1534 1491 Unterrichts
1556 1431 1739 1491 bedürfen,
1768 1428 1935 1488 aufgesetzt
1957 1430 2011 1490 ist.
2060 1429 2136 1489 Der
2158 1428 2254 1488 hoch¬

1231 1479 1378 1539 würdige
1411 1482 1479 1542 Hr.
1506 1479 1675 1539 Verfasser
1702 1479 1792 1539 hatte
1819 1479 1871 1539 ihn
1904 1479 2046 1539 anfangs
2084 1477 2147 1537 nur
2174 1479 2226 1539 zum

1231 1528 1401 1588 Gebrauch
1437 1530 1540 1590 seiner
1577 1530 1685 1590 eignen
1722 1530 1866 1590 Familie
1908 1530 2078 1590 abdrucken
2125 1527 2243 1587 laßen;

1231 1578 1457 1638 nachgehends
1483 1578 1568 1638 ward
1594 1578 1623 1638 er
1649 1581 1704 1641 auf
1735 1580 1831 1640 dessen
1861 1578 2043 1638 Verlangen
2079 1576 2138 1636 von
2174 1576 2224 1636 dem

1231 1625 1288 1685 D.
1305 1628 1462 1688 Pratje
1489 1625 1510 1685 in
1542 1628 1599 1688 das
1626 1625 1831 1685 theologische
1858 1625 2021 1685 Magazin
2048 1625 2248 1685 eingerückt.

1232 1670 1293 1730 Als
1327 1672 1384 1732 aus
1418 1670 1513 1730 diesem
1561 1670 1647 1730 ohne
1676 1670 1723 1730 des
1753 1671 1843 1731 Hrn.
1863 1672 1962 1732 Verf.
1982 1672 2163 1732 Vorwissen
2192 1675 2234 1735 ein

1230 1709 1423 1769 Nachdruck
1447 1711 1657 1771 veranstaltet
1678 1712 1802 1772 worden
1831 1712 1923 1772 war,
1948 1712 2005 1772 hat
2033 1714 2061 1774 er
2094 1714 2142 1774 sich
2174 1717 2246 1777 end¬

1229 1754 1280 1814 lich
1306 1754 1394 1814 selbst
1416 1754 1639 1814 entschlossen,
1666 1757 1764 1817 diesen
1801 1757 2029 1817 catechetischen
2061 1760 2248 1820 Unterricht

1228 1805 1396 1865 nochmals
1424 1805 1450 1865 in
1478 1808 1586 1868 Druck
1608 1810 1640 1870 zu
1668 1811 1792 1871 geben,
1825 1811 1889 1871 und
1923 1810 1976 1870 dem
2026 1813 2231 1873 allgemeinen

1231 1860 1424 1920 Gebrauche
1454 1861 1487 1921 zu
1516 1861 1675 1921 widmen.
1721 1864 1778 1924 In
1812 1861 1869 1921 dem
1910 1864 2006 1924 ersten
2046 1864 2160 1924 Theile
2189 1868 2239 1928 für

1234 1912 1333 1972 kleine
1355 1915 1482 1975 Kinder
1504 1915 1537 1975 ist
1560 1915 1691 1975 zugleich
1714 1915 1846 1975 Luthers
1869 1915 1984 1975 kleiner
2007 1915 2233 1975 Catechismus

1229 1963 1413 2023 enthalten.
1462 1963 1538 2023 Der
1560 1963 1679 2023 zweyte
1707 1963 1803 2023 Theil
1821 1966 1939 2026 gehört
1962 1966 2043 2026 schon
2076 1966 2130 2026 für
2152 1966 2249 2026 Lehr¬

1231 2013 1312 2073 linge
1340 2011 1394 2071 von
1422 2012 1540 2072 einiger
1569 2014 1758 2074 Fähigkeit.
1819 2014 1888 2074 Auf
1911 2014 2008 2074 diesen
2036 2014 2139 2074 folgen
2167 2012 2247 2072 Fra¬

1228 2060 1310 2120 gen,
1337 2061 1450 2121 welche
1482 2059 1533 2119 zur
1560 2061 1803 2121 Vorbereitung
1834 2063 1896 2123 auf
1923 2063 1969 2123 die
1990 2064 2233 2124 Confirmation

1227 2109 1367 2169 dienen,
1392 2109 1442 2169 die
1463 2109 1498 2169 an
1529 2109 1649 2169 einigen
1680 2112 1775 2172 Orten
1816 2112 1956 2172 üblicher
1987 2112 2047 2172 ist,
2083 2114 2143 2174 und
2178 2112 2228 2172 den

1229 2159 1417 2219 Lehrbegrif
1440 2157 1489 2217 der
1511 2157 1716 2217 lutherischen
1750 2160 1860 2220 Kirche
1883 2163 2094 2223 bestimmen.
2155 2164 2232 2224 Den

1227 2208 1384 2268 Beschluß
1422 2205 1543 2265 machen
1580 2207 1685 2267 einige
1712 2208 1880 2268 Morgen=
1901 2211 1964 2271 und
1991 2211 2238 2271 Abendgebete.

1233 2258 1315 2318 Alles
1347 2255 1382 2315 ist
1404 2255 1429 2315 in
1456 2252 1579 2312 leichten
1616 2255 1672 2315 und
1709 2258 1864 2318 faßlichen
1901 2255 2035 2315 Worten
2072 2258 2242 2318 vorgetra¬

1221 2309 1311 2369 gen,
1342 2306 1402 2366 und
1438 2303 1488 2363 dem
1544 2306 1752 2366 vorgesetzten
1787 2306 1979 2366 Endzwecke
2015 2306 2227 2366 vollkommen

1228 2357 1333 2417 gemäß
1365 2354 1587 2414 eingerichtet.
1641 2357 1757 2417 Kostet
1779 2358 1805 2418 in
1832 2354 2070 2414 vorbemeldten
2097 2357 2239 2417 Kanter=

1231 2406 1306 2466 schen
1341 2403 1647 2463 Buchhandlungen
1688 2408 1745 2468 21.
1763 2408 1815 2468 gr.

1328 2453 1661 2513 Braunschweig
1695 2457 1755 2517 und
1789 2455 2139 2515 Wolfenbüttel.

1292 2502 1491 2562 'Arrians
1547 2500 1685 2560 indische
1742 2506 2119 2566 Merkwürdigkeiten,
2164 2509 2225 2569 und

1255 2556 1468 2616 Hannons
1515 2548 1705 2608 Seereise,
1752 2557 1843 2617 nebst
1885 2554 1982 2614 Hrn.
2017 2557 2219 2617 Heinrich

1244 2603 1476 2663 Dodwells
1510 2599 1669 2659 Prüfung
1704 2605 1754 2665 der
1783 2605 1941 2665 Seereise
1971 2604 2027 2664 des
2056 2608 2237 2668 Nearch,

1246 2651 1310 2711 und
1343 2652 1435 2712 Hrn.
1457 2646 1511 2706 von
1549 2655 1875 2715 Bougainville
1908 2655 2130 2715 Abhandlung
2168 2655 2222 2715 von

1249 2701 1297 2761 der
1320 2700 1476 2760 Seereise
1499 2697 1552 2757 des
1580 2706 1764 2766 Hanno,
1797 2703 1856 2763 und
1889 2705 1943 2765 den
1982 2706 2236 2766 carthaginensi¬

1223 2748 1328 2808 „schen
1360 2746 1671 2806 Handelsplätzen,
1714 2754 1761 2814 die
1793 2754 1824 2814 er
1851 2754 1888 2814 an
1925 2754 1972 2814 den
2010 2754 2125 2814 Küsten
2163 2751 2220 2811 von

1240 2799 1356 2859 Afrika
1383 2796 1536 2856 angelegt
1553 2800 1626 2860 hat.
1675 2802 1754 2862 Mit
1776 2805 2008 2865 Landcharten,
2036 2803 2093 2863 und
2125 2799 2209 2859 einem

1237 2847 1503 2907 geographischen
1537 2849 1684 2909 Register
1713 2852 1787 2912 über
1810 2852 1861 2912 den
1890 2849 2065 2909 Arrian,
2083 2847 2134 2907 gr.
2151 2847 2230 2907 8vo,

1236 2899 1355 2959 1764,
1380 2896 1416 2956 19
1446 2897 1506 2957 und
1537 2900 1548 2960 1
1579 2903 1687 2963 halber
1712 2900 1867 2960 Bogen.”
1928 2897 1982 2957 Es
2007 2898 2048 2958 ist
2067 2897 2133 2957 eine
2157 2894 2223 2954 sehr

2129 2948 2228 3008 dien¬
