2479 3508
174 389 238 449 cher
258 389 433 449 Nachricht
452 378 581 438 glauben
610 372 692 432 soll.
731 369 841 429 Allein
870 371 906 431 es
935 369 1054 429 fordert
1083 368 1156 428 doch

168 437 212 497 die
239 437 341 497 Regel
362 434 412 494 der
433 424 561 484 Kunst,
581 419 638 479 daß
672 418 742 478 man
781 419 851 479 nach
885 419 987 479 dieser
1007 419 1142 479 Voraus

178 485 295 545 setzung
322 479 374 539 das
394 470 577 530 Costume
597 464 780 524 beobachte.
826 470 911 530 Nun
938 467 1016 527 wird
1043 468 1068 528 es
1095 468 1159 528 aber

166 533 271 593 keinem
315 524 482 584 spanischen
515 513 707 573 Scribenten
745 515 894 575 einfallen
926 518 1075 578 können,
1107 518 1156 578 sich

175 583 246 643 über
267 579 312 639 die
332 568 582 628 klopfstockischen
609 565 727 625 Teufel
741 566 832 626 lustig
860 569 885 629 zu
912 569 1069 629 machen;
1097 569 1155 629 und

416 721 615 781 Leipzig,
647 721 701 781 den
738 724 799 784 14.
817 724 926 784 Julii.

218 772 435 832 Zuverläßige
458 766 580 826 Briefe
625 769 748 829 einiger
782 772 955 832 Kaufleute
994 772 1055 832 aus
1089 772 1172 832 Con¬

170 819 369 879 stantinopel
386 814 575 874 bekräftigen
603 813 656 873 es,
678 816 732 876 daß
760 816 808 876 den
847 819 1035 879 evangelisch
1058 819 1170 879 Luthe¬

167 869 285 929 rischen
311 867 336 927 in
368 861 419 921 der
440 861 558 921 dasigen
584 863 739 923 Vorstadt
760 864 821 924 eine
847 867 955 927 Kirche
986 865 1012 925 zu
1048 867 1166 927 bauen,

171 915 231 975 und
276 915 330 975 den
370 909 563 969 öffentlichen
602 912 828 972 Gottesdienst
868 915 939 975 nach
973 915 1061 975 ihren
1100 913 1166 973 Ge¬

168 963 319 1023 bräuchen
347 960 553 1020 auszuuben,
570 960 695 1020 erlaubt
717 963 776 1023 sey.

424 1010 616 1070 Altona,
653 1011 707 1071 den
737 1013 779 1073 9.
804 1013 893 1073 Jul.

212 1058 308 1118 Was
342 1061 472 1121 kürzlich
512 1061 568 1121 von
602 1061 834 1121 verschiedenen
868 1064 896 1124 in
931 1061 981 1121 den
1021 1059 1162 1119 Kaiserl.

171 1110 314 1170 Königl.
331 1112 514 1172 Erblanden
553 1112 580 1172 zu
614 1112 824 1172 errichtenden
858 1112 974 1172 Lägern
1008 1109 1163 1169 gemeldet

167 1159 288 1219 worden
319 1160 369 1220 ist,
395 1160 471 1220 wird
497 1160 522 1220 in
548 1157 690 1217 jüngsten
721 1160 858 1220 Briefen
889 1160 944 1220 von
981 1160 1077 1220 Wien
1113 1158 1168 1218 da¬

167 1205 218 1265 hin
245 1207 416 1267 bestätigt:
442 1204 494 1264 daß
520 1201 623 1261 28000
661 1203 764 1263 Mann
790 1207 821 1267 an
842 1207 894 1267 dem
931 1205 1153 1265 Carpatischen

169 1254 350 1314 Gebürge,
381 1252 511 1312 welches
542 1249 749 1309 Oberungern
790 1252 845 1312 von
881 1252 987 1312 Polen
1017 1252 1148 1312 scheidet

167 1298 229 1358 und
255 1300 358 1360 wohin
385 1296 431 1356 sich
463 1296 514 1356 der
535 1294 686 1354 polnische
712 1294 1049 1354 Krongroßfeldherr,
1070 1297 1158 1357 Graf

171 1345 332 1405 Branicki
352 1341 495 1401 reteriret
520 1339 586 1399 hat,
610 1339 653 1399 ein
682 1341 777 1401 Lager
796 1339 935 1399 beziehen
964 1340 1073 1400 sollen,
1103 1339 1140 1399 um

158 1390 291 1450 dadurch
316 1387 364 1447 den
395 1384 695 1444 Ausschweifungen
720 1384 774 1444 von
804 1384 853 1444 den
883 1384 1015 1444 fremden
1046 1384 1154 1444 Trup=
1184 1382 1237 1442 der
1263 1381 1361 1441 Preis
1391 1384 1484 1444 dieser
1504 1384 1741 1444 Lebenswaare
1761 1386 1810 1446 die
1835 1386 1983 1446 Summe
2003 1385 2056 1445 von
2087 1384 2120 1444 30
2146 1389 2184 1449 Li¬

162 1437 220 1497 pen
253 1433 491 1493 Jorzubeugen,
513 1428 668 1488 wiewohl
690 1430 742 1490 das
764 1430 918 1490 Gebürge
940 1431 971 1491 an
1004 1431 1051 1491 sich
1073 1428 1158 1488 selbst

173 1485 204 1545 an
236 1485 284 1545 den
311 1482 433 1542 meisten
466 1479 556 1539 Orten
588 1479 663 1539 ganz
695 1479 860 1539 unwegsam
903 1478 950 1538 ist.

447 1527 613 1587 Paris,
644 1527 696 1587 den
727 1527 768 1587 9.
792 1527 875 1587 Jul.

211 1578 308 1638 Herr
336 1578 390 1638 von
429 1578 689 1638 Bougainville,
722 1576 765 1636 ein
793 1578 928 1638 Bruder
951 1576 1004 1636 des
1033 1572 1167 1632 verstor¬

166 1629 260 1689 benen
294 1629 483 1689 Secretairs
512 1628 562 1688 der
585 1628 724 1688 Königl.
741 1628 914 1688 Akademie
937 1627 986 1687 der
1004 1624 1171 1684 Inschrif¬

163 1681 213 1741 ten
242 1679 298 1739 und
333 1679 384 1739 der
413 1679 531 1739 schönen
572 1679 849 1739 Wissenschaften,
872 1679 997 1739 welcher
1031 1676 1082 1736 von
1122 1671 1150 1731 ei

165 1730 220 1790 ner
243 1730 348 1790 langen
383 1730 533 1790 Seereise
556 1730 808 1790 zurückkömmt,
831 1732 891 1792 hat
909 1730 975 1790 eine
993 1727 1081 1787 große
1104 1725 1171 1785 In¬

169 1780 208 1840 sel
229 1781 381 1841 entdeckt,
397 1781 523 1841 worauf
544 1781 568 1841 er
594 1781 680 1841 einen
711 1781 984 1841 Commendanten
1015 1778 1075 1838 und
1096 1778 1156 1838 250

158 1824 326 1884 Soldaten
356 1825 413 1885 mit
433 1825 679 1885 Lebenemitteln
709 1825 761 1885 auf
781 1825 795 1885 2
825 1825 916 1885 Jahr
941 1822 1162 1882 hinterlassen.

166 1870 247 1930 Das
281 1864 386 1924 Clima
420 1865 453 1925 ist
482 1867 544 1927 sehr
578 1866 693 1926 heilsam
746 1864 803 1924 und
832 1864 884 1924 der
918 1864 1032 1924 Boden
1067 1861 1167 1921 unge¬

169 1918 246 1978 mein
278 1912 455 1972 fruchtbar.
508 1909 580 1969 Der
607 1909 752 1969 Leichnam
799 1908 850 1968 des
883 1906 996 1966 kleinen
1029 1903 1158 1963 Zwergs

169 1966 223 2026 des
254 1965 380 2025 Königs
416 1958 622 2018 Stanislaus
664 1954 724 2014 mit
750 1954 805 2014 dem
856 1954 1017 2014 Zunamen
1058 1948 1158 2008 Bebé,

170 2014 301 2074 welcher
326 2012 362 2072 23
392 2009 476 2069 Jahr
501 2005 542 2065 alt
561 2000 748 2060 geworden,
767 1999 808 2059 ist
827 1999 880 2059 von
911 1999 959 2059 der
990 1996 1157 2056 medicini=
1189 2000 1327 2060 William
1364 1999 1441 2059 Pitt
1454 2004 1676 2064 hinterlassen.
1726 2005 1797 2065 Der
1828 2008 1894 2068 Hof
1919 2010 1972 2070 von
1997 2011 2171 2071 Versailles

169 2061 250 2121 schen
277 2055 429 2115 Facultät
446 2051 472 2111 zu
505 2048 662 2108 Luneville
684 2047 879 2107 anatomiret
901 2043 1047 2103 worden.
1086 2043 1155 2103 Die

164 2103 406 2163 Beschreibung
432 2097 524 2157 davon
561 2097 705 2157 verdient
736 2097 782 2157 die
809 2097 1076 2157 Aufmersamkeit
1102 2090 1153 2150 der

168 2151 438 2211 Naturforscher.
509 2148 584 2208 Se.
601 2148 709 2208 Poln.
731 2149 828 2209 Maj.
850 2148 947 2208 haben
980 2145 1066 2205 durch
1094 2142 1147 2202 den

168 2202 289 2262 Grafen
315 2199 372 2259 von
399 2196 527 2256 Tressan
566 2199 629 2259 eine
656 2199 867 2259 Grabschrift
893 2199 918 2259 in
951 2195 1149 2255 lateinischer
1189 2196 1259 2256 Hof
1285 2193 1368 2253 jenem
1414 2193 1612 2253 verstattete,
1638 2196 1695 2256 daß
1728 2200 1772 2260 die
1799 2201 2016 2261 französischen
2056 2202 2093 2262 Fi
2107 2205 2170 2265 cher

168 2250 320 2310 Sprache
348 2248 533 2308 verfertigen
560 2247 673 2307 lassen,
693 2246 806 2306 welche
826 2248 885 2308 also
913 2246 1031 2306 lautrt:
1059 2243 1144 2303 Hier
1185 2241 1257 2301 ihre
1278 2239 1384 2299 Salz=
1398 2239 1457 2299 und
1484 2246 1736 2306 Trockenhäuser
1770 2252 1875 2312 längst
1903 2252 1948 2312 der
1983 2255 2081 2315 Küste
2109 2258 2161 2318 von

168 2301 243 2361 ruht
265 2300 401 2360 Nicolas
423 2300 542 2360 Ferry,
565 2296 608 2356 ein
636 2294 842 2354 Lotharinger
864 2294 918 2354 von
946 2292 1087 2352 Geburt,
1109 2290 1146 2350 ein

168 2351 363 2411 Spielwerk
385 2350 433 2410 der
455 2346 585 2406 Natur,
613 2342 802 2402 wunderbar
825 2345 927 2405 wegen
961 2342 1058 2402 seiner
1086 2338 1161 2398 klei¬

168 2399 227 2459 nen
254 2396 400 2456 Gestalt,
422 2396 476 2456 von
503 2396 552 2456 dem
590 2390 681 2450 neuen
720 2393 909 2453 Antoninus
942 2391 1071 2451 geliebt,
1110 2386 1153 2446 alt

170 2443 193 2503 in
224 2444 272 2504 den
303 2443 405 2503 Tagen
436 2443 532 2503 seiner
557 2435 859 2495 Jünglingsjahre:
890 2440 1065 2500 fünfmahl
1084 2435 1156 2495 fünf

161 2491 277 2551 Jahre
301 2491 405 2551 waren
441 2489 493 2549 für
523 2489 575 2549 ihn
610 2487 650 2547 ein
686 2486 954 2546 Jahrhundert,
996 2485 1024 2545 er
1066 2479 1141 2539 starb

162 2539 216 2599 den
241 2539 307 2599 9ten
338 2536 447 2596 Junii
466 2536 575 2596 1764.
630 2534 679 2594 Zu
704 2533 904 2593 Compiegne
924 2536 959 2596 ist
984 2534 1020 2594 ein
1051 2528 1154 2588 polni¬

170 2587 250 2647 scher
278 2584 450 2644 Edelmann
483 2581 737 2641 angekommen,
765 2584 894 2644 welchem
943 2579 1137 2639 aufgetragen

169 2636 319 2696 worden,
343 2632 394 2692 dem
436 2629 557 2689 Könige
581 2629 621 2689 ein
650 2629 830 2689 Schreiben
866 2635 923 2695 von
953 2632 1005 2692 dem
1052 2626 1149 2686 polni¬

168 2685 244 2745 schen
277 2680 411 2740 Primas
444 2676 469 2736 zu
502 2674 700 2734 übergeben,
720 2676 745 2736 in
778 2679 906 2739 welchem
945 2679 1041 2739 dieser
1061 2676 1150 2736 Prä=

174 2736 217 2796 lat
242 2735 299 2795 sein
331 2727 494 2787 Betragen
532 2724 620 2784 gegen
658 2724 765 2784 unsern
797 2730 1055 2790 Ambassadeur,
1093 2726 1142 2786 den

167 2786 261 2846 Hrn.
282 2780 438 2840 Marquis
459 2772 513 2832 von
541 2775 683 2835 Paulmy
718 2772 908 2832 d'Argenson
949 2782 976 2842 zu
1010 2778 1152 2838 rechtfer=

170 2832 249 2892 tigen
276 2832 376 2892 sucht.
430 2826 476 2886 Es
503 2826 556 2886 hat
576 2826 649 2886 aber
670 2823 763 2883 dieser
784 2827 956 2887 Edelmann
990 2831 1070 2891 keine
1091 2828 1156 2888 Au=

165 2884 252 2944 dienz
282 2885 333 2945 bey
364 2879 436 2939 Sr.
459 2879 561 2939 Maj.
584 2879 751 2939 erlangen,
782 2879 847 2939 noch
877 2882 935 2942 das
966 2883 1141 2943 Schreiben

1199 366 1288 426 wenn
1325 369 1355 429 er
1379 369 1481 429 auch,
1506 369 1554 429 bey
1591 369 1801 429 Herzählung
1838 374 1885 434 der
1916 374 2181 434 philosophischen

1191 416 1341 476 Secten,
1370 416 1420 476 sich
1454 414 1616 474 höchstens
1645 417 1695 477 bis
1729 420 1784 480 auf
1813 421 1863 481 die
1891 424 2098 484 Cartesianer
2127 420 2193 480 ver¬

1197 464 1312 524 steiat,
1335 464 1356 524 so
1379 464 1495 524 müssen
1529 461 1578 521 ihm
1623 464 1688 524 doch
1717 470 1899 530 Wolfianer
1927 472 1987 532 und
2015 473 2181 533 Crusianer

1193 514 1289 574 völlig
1314 512 1521 572 unbekannte
1539 510 1721 570 Geschöpfe
1740 515 1831 575 seyn.
1880 519 1995 579 Kostet
2020 524 2044 584 in
2082 521 2196 581 vorbe¬

1188 566 1326 626 meldten
1351 563 1658 623 Buchhandlungen
1684 566 1696 626 3
1728 566 1758 626 fl.
1779 567 1815 627 12
1847 566 1896 626 gr.

1206 721 1400 781 überreichen
1430 718 1512 778 lassen
1543 721 1683 781 können.
1731 721 1813 781 Man
1843 721 1937 781 siehet
1962 719 2026 779 eine
2050 721 2191 781 Königl.

1206 769 1437 829 Declaration,
1459 769 1567 829 welche
1593 769 1634 829 die
1660 769 1742 829 freye
1764 769 1913 829 Ausfuhr
1934 766 1985 826 des
2012 766 2181 826 Getreides

1198 817 1357 877 erlaubet.
1416 813 1490 873 Sie
1517 813 1554 873 ist
1581 815 1634 875 dem
1682 819 1878 879 Parlement
1911 813 2096 873 zugeschickt
2124 816 2187 876 und

1198 864 1330 924 daselbst
1352 861 1526 921 registriret
1548 864 1701 924 worden.
1749 864 1903 924 Nachdem
1951 863 2003 923 der
2031 861 2104 921 Hof
2131 863 2183 923 des

1199 912 1268 972 halb
1301 911 1349 971 die
1377 912 1609 972 Untersuchung
1642 915 1777 975 gethan,
1810 912 1869 972 und
1897 911 2043 971 Clauseln
2081 909 2194 969 beyge¬

1198 964 1271 1024 fügt
1288 960 1382 1020 haben
1420 962 1520 1022 wird,
1542 965 1610 1025 nach
1642 962 1774 1022 welchen
1812 961 1906 1021 dieses
1933 960 2192 1020 Commercium=

1189 1010 1267 1070 ohne
1301 1010 1530 1070 Misbrauch,
1564 1013 1620 1073 und
1654 1011 1788 1071 nachdem
1828 1011 1877 1071 die
1912 1010 2096 1070 Magazine
2130 1010 2185 1070 des

1200 1058 1409 1118 Königreichs
1431 1061 1569 1121 gnugsam
1619 1061 1756 1121 versehen
1796 1061 1872 1121 sind,
1895 1061 2054 1121 geschehen
2088 1061 2187 1121 kann,

1196 1109 1216 1169 so
1244 1106 1318 1166 wird
1345 1106 1382 1166 sie
1404 1111 1553 1171 öffentlich
1580 1114 1719 1174 bekandt
1735 1112 1879 1172 gemacht
1901 1109 2045 1169 werden.
2093 1109 2188 1169 Zwey

1196 1157 1254 1217 und
1281 1157 1407 1217 dreyßig
1434 1160 1540 1220 Häfen
1572 1161 1630 1221 sind
1657 1160 1890 1220 aufgezeichnet
1912 1159 1964 1219 zur
1986 1157 2086 1217 freyen
2108 1157 2192 1217 Aus¬

1193 1207 1270 1267 fuhr
1296 1205 1352 1265 des
1384 1207 1589 1267 Getreides,
1626 1207 1687 1267 und
1724 1204 1765 1264 die
1801 1202 2017 1262 französischen
2054 1201 2182 1261 Schiffe

1185 1252 1245 1312 nur
1271 1253 1357 1313 allein
1388 1252 1474 1312 sollen
1506 1251 1551 1311 die
1577 1249 1765 1309 Erlaubniß
1791 1249 1913 1309 haben,
1944 1246 1973 1306 es
1999 1246 2029 1306 zu
2056 1246 2187 1306 verfüh¬

1185 1297 1265 1357 ren.
1321 1297 1396 1357 Der
1421 1294 1522 1354 König
1547 1294 1693 1354 verlangt
1719 1294 1774 1354 nur
1800 1294 1809 1354 8
1840 1294 1895 1354 pro
1916 1291 2001 1351 Cent
2022 1293 2187 1353 Ausfuhr¬

1193 1340 1277 1400 geld.
1303 1336 1403 1396 Wenn
1434 1339 1458 1399 in
1489 1339 1604 1399 einigen
1635 1339 1815 1399 Provinzen
1846 1337 1941 1397 dieses
1967 1339 2177 1399 Königreichs

1185 1428 1262 1488 vres
1283 1428 1334 1488 per
1361 1428 1499 1488 Septier
1526 1432 1717 1492 übersteigen
1749 1434 1846 1494 wird,
1873 1432 1898 1492 so
1919 1434 2089 1494 verordnen
2115 1432 2182 1492 Se.

1190 1476 1272 1536 Maj
1308 1476 1361 1536 daß
1397 1479 1461 1539 man
1491 1482 1615 1542 alsbald
1639 1482 1685 1542 die
1710 1484 1857 1544 Ausfuhr
1881 1482 1927 1542 bey
1958 1482 2004 1542 den
2034 1485 2170 1545 nächsten

1192 1524 1291 1584 Häfen
1326 1527 1466 1587 anhalte.

1425 1578 1626 1638 London,
1661 1581 1713 1641 den
1754 1581 1812 1641 13.
1841 1581 1938 1641 Jun.

1238 1619 1309 1679 Der
1339 1625 1439 1685 König
1469 1628 1522 1688 hat
1540 1628 1593 1688 auf
1617 1628 1670 1688 das
1688 1630 1866 1690 inständige
1884 1631 1990 1691 Flehen
2020 1631 2067 1691 der
2085 1631 2185 1691 Dißi=

1185 1676 1291 1736 denten
1324 1676 1344 1736 in
1377 1677 1499 1737 Polen,
1521 1679 1718 1739 versprochen
1745 1679 1803 1739 mit
1825 1679 1915 1739 denen
1948 1682 2080 1742 übrigen
2113 1682 2187 1742 pro¬

1189 1727 1400 1787 testantischen
1433 1730 1573 1790 Staaten
1601 1730 1665 1790 eine
1688 1730 1839 1790 Vorbitte
1868 1733 1926 1793 auf
1954 1730 2002 1790 dem
2052 1733 2187 1793 Reichs=

1194 1778 1263 1838 tage
1286 1778 1334 1838 für
1356 1780 1394 1840 sie
1417 1781 1617 1841 einzulegen,
1639 1781 1677 1841 um
1721 1781 1763 1841 die
1786 1781 1948 1841 Republik
1965 1783 1992 1843 zu
2025 1783 2165 1843 bewegen

1193 1825 1240 1885 die
1262 1828 1389 1888 letztens
1416 1828 1512 1888 wider
1539 1828 1575 1888 sie
1602 1828 1857 1888 ausgegangene
1884 1831 1974 1891 harte
2007 1831 2113 1891 Edicte
2145 1832 2176 1892 zu

1191 1867 1424 1927 wiederrufen.
1475 1867 1545 1927 Der
1569 1873 1685 1933 neulich
1718 1873 1745 1933 zu
1783 1873 1871 1933 Bath
1904 1875 2104 1935 verstorbene
2132 1879 2183 1939 be¬

1188 1909 1320 1969 rühmte
1353 1912 1437 1972 Rath
1474 1915 1585 1975 Allen,
1617 1918 1675 1978 hat
1703 1918 1781 1978 über
1808 1920 1919 1980 40000
1957 1921 2025 1981 Pf.
2058 1921 2126 1981 St.
2148 1924 2173 1984 in

1185 1954 1462 2014 Vermächtnissen
1488 1957 1543 2017 und
1573 1963 1725 2023 darunter
1751 1963 1831 2023 1000
1867 1964 1926 2024 Pf.
1948 1966 1998 2026 für
2018 1966 2068 2026 den
2094 1968 2179 2028 Hrn.

1193 2045 1249 2105 hat
1270 2046 1316 2106 sich
1353 2046 1559 2106 ausdrücklich
1595 2049 1729 2109 erklärt,
1760 2052 1811 2112 daß
1848 2054 1878 2114 er
1905 2055 1956 2115 den
1992 2057 2183 2117 Unterhalt,

1190 2094 1319 2154 welchen
1348 2094 1393 2154 die
1416 2094 1620 2154 französische
1649 2097 1931 2157 Kriegsgefangne
1960 2100 1988 2160 in
2023 2106 2175 2166 England

1184 2143 1349 2203 genossen,
1372 2142 1455 2202 nicht
1472 2142 1544 2202 eher
1572 2145 1716 2205 bezahlen
1755 2148 1882 2208 werde,
1916 2151 1965 2211 als
1994 2151 2043 2211 bis
2083 2154 2171 2214 unser

1186 2290 1288 2350 Terra
1315 2288 1407 2348 neuve
1435 2288 1532 2348 stehen
1560 2294 1645 2354 lassen
1679 2300 1802 2360 könten,
1830 2303 1933 2363 damit
1955 2303 1992 2363 sie
2020 2306 2106 2366 nicht
2128 2307 2182 2367 ge¬

1186 2339 1313 2399 nöthigt
1336 2336 1479 2396 wurden,
1508 2340 1557 2400 sich
1580 2345 1634 2405 von
1663 2349 1746 2409 einer
1769 2351 1968 2411 Jahreszeit
1985 2354 2034 2414 zur
2057 2355 2167 2415 andern

1184 2387 1427 2447 wegzubegeben
1455 2388 1509 2448 und
1537 2390 1574 2450 sie
1597 2394 1656 2454 mit
1679 2399 1771 2459 vielen
1798 2402 1907 2462 Kosten
1935 2404 2054 2464 wieder
2076 2405 2102 2465 zu
2136 2405 2184 2465 er¬

1186 2435 1308 2495 bauen.
1354 2429 1403 2489 In
1437 2433 1531 2493 dieses
1565 2446 1738 2506 Begehren
1772 2449 1843 2509 aber
1878 2449 1949 2509 wird
1984 2447 2078 2507 unser
2106 2449 2184 2509 Mi¬

1185 2483 1330 2543 nisterium
1371 2480 1504 2540 nimmer
1532 2492 1684 2552 willigen,
1712 2497 1784 2557 weil
1805 2496 1831 2556 es
1865 2495 1978 2555 vorher
2005 2496 2085 2556 sieht
2112 2497 2165 2557 daß

1190 2530 1245 2590 auf
1266 2530 1342 2590 diese
1363 2529 1466 2589 Weise
1488 2533 1543 2593 aus
1571 2541 1612 2601 den
1640 2545 1889 2605 Fischerhäusern
1918 2542 1965 2602 gar
1980 2542 2049 2602 bald
2070 2544 2173 2604 Corps

1190 2578 1221 2638 de
1241 2578 1395 2638 Guarden
1428 2581 1484 2641 und
1511 2591 1722 2651 Blockhauser
1748 2590 1863 2650 werden
1890 2590 2037 2650 würden,
2063 2593 2171 2653 welche

1190 2627 1253 2687 hier
1276 2626 1443 2686 anzulegen
1473 2631 1536 2691 aber
1554 2642 1779 2702 schnurgerade
1797 2638 1884 2698 wider
1908 2638 1953 2698 den
1977 2641 2103 2701 Frieden
2127 2643 2173 2703 ist.

1184 2674 1255 2734 Die
1279 2673 1451 2733 Nachricht
1469 2681 1546 2741 wird
1570 2693 1736 2753 bestätigt,
1754 2688 1801 2748 daß
1825 2685 1891 2745 man
1921 2685 1944 2745 in
1974 2688 2051 2748 allen
2081 2691 2175 2751 Spa¬

1182 2724 1295 2784 nischen
1324 2724 1432 2784 Häven
1461 2729 1513 2789 sich
1542 2737 1604 2797 mit
1633 2739 1684 2799 der
1702 2733 1907 2793 Ausrüstung
1942 2736 2015 2796 aller
2040 2739 2181 2799 Kriegs¬

1190 2775 1287 2835 schiffe
1306 2775 1368 2835 sehr
1393 2779 1602 2839 beschäftige;
1627 2786 1688 2846 und
1714 2782 1799 2842 unser
1818 2779 1879 2839 Hof
1899 2781 1953 2841 hat
1978 2783 2027 2843 sich
2053 2784 2077 2844 im
2108 2784 2175 2844 Ge=

1186 2826 1344 2886 gentheile
1368 2826 1549 2886 vorgesetzt,
1578 2837 1634 2897 alle
1657 2835 1713 2895 auf
1731 2830 1776 2890 der
1799 2829 1935 2889 Station
1975 2832 2025 2892 von
2060 2832 2173 2892 Terre¬

1190 2879 1304 2939 Neuve
1325 2878 1501 2938 befindliche
1529 2885 1745 2945 Kriegsschiffe
1767 2882 2031 2942 zurückzurufen,
2052 2882 2173 2942 ausge=

2074 2933 2172 2993 nom=
