2479 3508
591 1225 714 1285 59tes
761 1226 923 1286 Stück.
994 1231 1210 1291 Freytag,
1250 1232 1311 1292 den
1366 1231 1443 1291 24.
1475 1232 1644 1292 August
1676 1234 1822 1294 1764.

552 1294 805 1354 Hamburg.

337 1346 475 1406 Anton
515 1345 659 1405 Heins
699 1348 966 1408 Betrachtungen
1022 1345 1100 1405 über
1139 1345 1188 1405 die

222 1378 323 1438 S.
349 1391 679 1451 Nothwendigkeit,
697 1392 755 1452 sich
773 1392 797 1452 in
832 1395 975 1455 gesunden
1010 1392 1068 1452 und
1095 1393 1187 1453 kran=

177 1437 251 1497 „ken
278 1443 385 1503 Tagen
418 1443 487 1503 nach
514 1440 567 1500 der
584 1440 766 1500 Vorschrift
788 1443 836 1503 der
858 1443 970 1503 Natur
992 1440 1018 1500 zu
1051 1440 1189 1500 richten;

186 1491 297 1551 „nebst
318 1494 402 1554 einer
424 1491 561 1551 Anzeige
588 1491 709 1551 einiger
736 1491 788 1551 von
826 1490 878 1550 ihm
926 1490 1100 1550 erfundnen
1137 1488 1190 1548 ge¬

191 1544 335 1604 "prüften
369 1542 557 1602 Arzneyen,
590 1542 707 1602 womit
729 1542 756 1602 in
791 1539 840 1599 den
874 1542 1045 1602 mehresten
1074 1537 1179 1597 Fällen

186 1593 257 1653 "ein
282 1596 366 1656 jeder
385 1592 469 1652 seine
488 1593 693 1653 Gesundheit
712 1590 802 1650 selbst
821 1591 953 1651 erhalten
984 1588 1044 1648 und
1069 1590 1183 1650 wieder

183 1646 367 1706 "herstellen
398 1646 501 1706 kann,
525 1646 577 1706 gr.
595 1643 676 1703 8vo,
694 1645 809 1705 1764,
833 1643 873 1703 10
903 1640 1059 1700 Bogen.”
1106 1640 1180 1700 Der

178 1702 253 1762 Hr.
277 1698 375 1758 Verf.
399 1697 450 1757 der
480 1697 508 1757 zu
538 1697 706 1757 Hamburg
742 1695 788 1755 die
812 1694 933 1754 Praxin
968 1694 1020 1754 der
1044 1691 1188 1751 Arzney¬

184 1752 278 1812 kunst
301 1751 422 1811 treibt,
451 1748 512 1808 und
546 1748 662 1808 bereits
697 1748 768 1808 auch
802 1748 846 1808 ein
880 1748 1041 1808 gelehrtes
1075 1745 1191 1805 Werk,

183 1793 379 1853 Pharmacia
405 1795 601 1855 rationalis,
627 1795 652 1855 in
683 1796 793 1856 Druck
819 1794 950 1854 gegeben
986 1796 1061 1856 hat,
1087 1796 1192 1856 macht

180 1840 315 1900 hiermit
340 1837 387 1897 dem
426 1836 571 1896 Publico
601 1835 707 1895 einige
731 1837 910 1897 Arzeneyen
949 1837 1113 1897 bekannt,
1138 1837 1186 1897 die

179 1935 233 1995 nen
266 1930 440 1990 Einsichten
468 1926 495 1986 in
523 1926 615 1986 seiner
638 1924 741 1984 Kunst
758 1924 943 1984 denjenigen
977 1924 1189 1984 vortheilhaf=

178 1987 228 2047 ten
263 1984 387 2044 Begrif
410 1975 500 2035 fassen
535 1975 654 2035 möge,
677 1972 727 2032 den
768 1972 807 2032 sie
836 1975 1034 2035 verdienen,
1063 1973 1091 2033 so
1120 1971 1181 2031 hat

183 2037 217 2097 er
246 2030 344 2090 einige
368 2023 627 2083 Betrachtungen
657 2020 923 2080 vorangeschickt.
976 2020 1027 2080 Er
1045 2020 1183 2080 handelt

179 2131 279 2191 Recht
299 2127 349 2187 für
374 2124 437 2184 eine
463 2124 714 2184 Hauptmaxime
740 2124 790 2184 der
816 2122 1074 2182 Heilungskunst
1094 2121 1181 2181 hält,
1207 2118 1300 2178 innen
1333 2115 1427 2175 neben
1466 2118 1641 2178 einander,
1667 2123 1723 2183 auf
1755 2123 1824 2183 vier
1857 2127 2038 2187 gespaltnen
2071 2132 2215 2192 Seiten,

181 2181 295 2241 folge
328 2175 398 2235 der
426 2175 606 2235 Natur!
645 2175 791 2235 Hierauf
819 2175 895 2235 wird
929 2172 983 2232 von
1021 2172 1070 2232 der
1098 2169 1184 2229 Ver¬

181 2229 393 2289 schiedenheit
415 2225 464 2285 der
486 2223 786 2283 Temperamente,
808 2226 862 2286 den
890 2223 1091 2283 Wirkungen
1130 2219 1178 2279 der

185 2279 432 2339 Jahrszeiten,
460 2273 516 2333 den
549 2270 747 2330 mancherley
781 2273 808 2333 zu
842 2273 1079 2333 verordnenden
1107 2270 1184 2330 Arz¬

184 2332 405 2392 neymitteln,
428 2324 495 2384 viel
512 2320 695 2380 Nützliches
723 2321 750 2381 in
790 2324 872 2384 einer
901 2321 995 2381 guten
1029 2318 1184 2378 Schreib¬

188 2383 239 2443 art
263 2378 384 2438 gesagt.
449 2374 518 2434 Hin
554 2370 612 2430 und
641 2366 763 2426 wieder
792 2372 867 2432 wird
896 2371 948 2431 den
984 2366 1169 2426 überklugen

179 2429 239 2489 und
270 2423 509 2483 eigensinnigen
546 2417 754 2477 Patienten,
780 2421 828 2481 die
859 2422 889 2482 er
921 2420 950 2480 am
994 2414 1171 2474 häufigsten

184 2473 211 2533 im
255 2471 466 2531 vornehmern
494 2466 629 2526 Stande
657 2467 852 2527 angetroffen
891 2466 966 2526 hat,
994 2464 1048 2524 das
1076 2464 1184 2524 Unan¬

187 2524 334 2584 ständige
352 2520 410 2580 und
441 2517 611 2577 Thörichte
629 2515 711 2575 ihres
741 2520 940 2580 Verfahrens
965 2512 1023 2572 mit
1041 2512 1170 2572 Grunde

187 2569 359 2629 erwiesen.
386 2566 461 2626 Das
484 2563 683 2623 Verzeichniß
705 2566 764 2626 und
786 2569 834 2629 die
851 2564 1109 2624 Beschaffenheit
1126 2563 1174 2623 der

185 2624 254 2684 hier
277 2617 527 2677 angekündigten
557 2611 713 2671 Arzneyen
737 2616 800 2676 muß
829 2617 899 2677 man
929 2614 951 2674 in
981 2613 1033 2673 dem
1068 2611 1177 2671 Buche

191 2673 280 2733 selbst
295 2664 466 2724 nachlesen.
501 2661 611 2721 Kostet
639 2661 659 2721 in
687 2662 735 2722 der
756 2667 955 2727 Kanterschen
984 2659 1176 2719 Buchhand=

189 2726 265 2786 lung
287 2718 413 2778 allhier,
428 2712 483 2772 wie
499 2712 568 2772 auch
590 2710 610 2770 in
639 2709 751 2769 Elbing
773 2718 829 2778 und
858 2718 962 2778 Mitau
991 2715 1005 2775 1
1027 2713 1061 2773 fl.
1076 2712 1082 2772 6
1097 2712 1152 2772 gr.

403 2761 644 2821 Frankfurt
675 2760 735 2820 und
766 2766 959 2826 Leipzig.

237 2817 526 2877 "Summarischer
546 2814 674 2874 Auszug
699 2811 742 2871 der
761 2812 872 2872 neuern
897 2812 1180 2872 Kriegsgeschichte

185 2874 274 2934 "von
298 2875 387 2935 1756
418 2870 469 2930 bis
493 2870 598 2930 1763.
629 2867 703 2927 oder
734 2865 989 2925 chronologische
1012 2864 1184 2924 Tabellen,

1228 1303 1405 1363 "darinnen
1434 1300 1483 1360 die
1500 1300 1690 1360 wichtigsten
1718 1303 2108 1363 Kriegsbegebenheiten,
2131 1309 2180 1369 die
2197 1310 2219 1370 zu

1250 1345 1382 1405 gleicher
1409 1348 1482 1408 Zeit
1504 1348 1646 1408 zwischen
1689 1351 1784 1411 denen
1822 1351 1847 1411 im
1890 1351 2006 1411 Kriege
2044 1355 2223 1415 verwickelt

1246 1390 1423 1450 gewesenen
1451 1393 1547 1453 hohen
1580 1396 1725 1456 Mächten
1759 1399 1980 1459 vorgefallen,
2002 1402 2055 1462 der
2078 1404 2223 1464 Zeitord=

1226 1438 1330 1498 "nung
1364 1441 1435 1501 nach
1474 1442 1523 1502 bis
1558 1444 1584 1504 zu
1618 1443 1667 1503 den
1707 1446 1855 1506 erfolgten
1889 1449 2220 1509 Friedensschlüssen,

1225 1482 1310 1542 "und
1342 1491 1428 1551 deren
1465 1494 1712 1554 Vollziehung,
1738 1494 1867 1554 kürzlich
1904 1494 1960 1554 und
1997 1500 2213 1560 unparteyisch

1228 1536 1436 1596 "beschrieben
1465 1540 1606 1600 werden.
1634 1545 1707 1605 4to,
1730 1545 1843 1605 1764,
1866 1542 1882 1602 7
1911 1542 2069 1602 Bogen.”
2131 1551 2210 1611 Der

1218 1590 1404 1650 vergangne
1428 1592 1552 1652 Krieg,
1576 1591 1626 1651 der
1655 1593 1699 1653 die
1723 1593 1869 1653 Neugier
1893 1593 2034 1653 sowohl,
2063 1596 2107 1656 als
2136 1599 2215 1659 viele

1216 1639 1317 1699 andre
1346 1640 1556 1700 Regungen,
1585 1643 1686 1703 theils
1716 1641 1772 1701 auf
1801 1643 1999 1703 angenehme
2034 1646 2130 1706 theils
2164 1647 2220 1707 be¬

1217 1691 1325 1751 trübte
1350 1692 1416 1752 Art
1441 1691 1622 1751 beschäftigt
1647 1695 1731 1755 hat,
1762 1694 1840 1754 wird
1871 1697 1919 1757 sich
1950 1694 2040 1754 zwar
2065 1697 2095 1757 so
2120 1700 2216 1760 leicht

1216 1744 1297 1804 nicht
1326 1745 1384 1805 aus
1419 1747 1465 1807 dem
1512 1748 1738 1808 Gedachtnisse
1768 1750 1872 1810 unsrer
1896 1748 2110 1808 Zeitgenossen
2145 1751 2214 1811 ver¬

1217 1796 1335 1856 lieren.
1385 1796 1443 1856 Da
1472 1796 1498 1856 er
1520 1799 1703 1859 inzwischen
1726 1799 1779 1859 von
1812 1799 1893 1859 einer
1915 1802 2034 1862 Menge
2056 1802 2217 1862 durchein¬

1222 1839 1316 1899 ander
1347 1840 1538 1900 geflochtner
1569 1843 1694 1903 Zusalle
1720 1846 1871 1906 begleitet
1901 1849 1992 1909 war,
2023 1849 2083 1909 und
2118 1849 2148 1909 da
2184 1852 2213 1912 es

179 1887 235 1947 bey
264 1885 314 1945 ihm
355 1883 382 1943 zu
417 1882 506 1942 haben
541 1879 619 1939 sind.
648 1879 777 1939 Damit
795 1878 862 1938 man
891 1879 1020 1939 zugleich
1049 1879 1099 1939 von
1128 1878 1184 1938 sei=
1219 1879 1274 1939 auf
1298 1882 1478 1942 vergangne
1501 1886 1602 1946 Uebel
1620 1888 1687 1948 eine
1710 1891 1913 1951 angenehme
1936 1894 2093 1954 Rücksicht
2117 1900 2217 1960 giebt,

1212 1924 1242 1984 so
1269 1924 1366 1984 haben
1392 1927 1438 1987 sich
1464 1928 1660 1988 verschiedne
1681 1933 1793 1993 Federn
1825 1936 1927 1996 damit
1949 1940 2144 2000 abgegeben,
2165 1945 2211 2005 die

1211 1972 1422 2032 Erinnerung
1457 1973 1481 2033 so
1517 1975 1615 2035 vieler
1645 1978 1896 2038 merkwürdigen
1931 1984 2078 2044 Vorfälle
2109 1990 2138 2050 zu
2173 1992 2221 2052 er¬

1209 2020 1374 2080 leichtern.
1426 2024 1466 2084 Zu
1498 2020 1565 2080 eben
1597 2023 1694 2083 diesem
1731 2028 1922 2088 Endzwecke
1954 2031 2108 2091 arbeitete
2134 2037 2201 2097 auch

188 2081 340 2141 darinnen
373 2073 514 2133 anfangs
540 2073 597 2133 von
623 2073 718 2133 seinem
763 2073 981 2133 Grundsatze,
988 2070 1038 2130 den
1064 2070 1095 2130 er
1115 2070 1178 2130 mit
1212 2068 1269 2128 der
1295 2067 1390 2127 Verf.
1410 2070 1659 2130 gegenwärtiger
1685 2073 1857 2133 Tabellen.
1909 2077 1998 2137 Man
2024 2082 2126 2142 findet
2146 2086 2215 2146 dar¬

1211 2169 1355 2229 erstlich,
1380 2166 1426 2226 die
1455 2169 1717 2229 Begebenheiten
1753 2175 1898 2235 zwischen
1927 2178 2113 2238 Frankreich
2148 2185 2206 2245 und

1210 2217 1385 2277 England,
1420 2217 1510 2277 nebst
1539 2219 1589 2279 den
1625 2224 1737 2284 Folgen
1772 2226 1874 2286 davon
1914 2229 1936 2289 in
1965 2231 2180 2291 Deutschland

1210 2264 1368 2324 zweyten,
1391 2262 1442 2322 die
1459 2269 1600 2329 zwischen
1629 2275 1781 2335 Preußen
1810 2278 1866 2338 und
1895 2279 2103 2339 Oesterreich,
2121 2282 2205 2342 nebst

1215 2313 1356 2373 Sachsen
1391 2313 1452 2373 und
1488 2319 1538 2379 den
1567 2326 1849 2386 Reichsständen;
1878 2330 2048 2390 drittens,
2071 2333 2121 2393 die
2139 2333 2212 2393 zwi¬

1210 2366 1290 2426 schen
1314 2361 1464 2421 Preußen
1494 2369 1551 2429 und
1580 2375 1760 2435 Rußland;
1801 2378 1916 2438 endlich
1946 2380 2113 2440 viertens,
2137 2381 2217 2441 zwi¬

1204 2415 1285 2475 schen
1318 2411 1469 2471 Preußen
1503 2419 1561 2479 und
1589 2424 1800 2484 Schweden.
1850 2426 1920 2486 Die
1942 2429 2115 2489 Umstände
2143 2429 2202 2489 sind

1213 2464 1238 2524 in
1264 2461 1430 2521 gehöriger
1457 2468 1565 2528 Kürze
1585 2473 1720 2533 ziemlich
1753 2476 1861 2536 richtig
1894 2476 1951 2536 und
1984 2476 2202 2536 unparteyisch

1204 2509 1412 2569 angegeben;
1442 2514 1501 2574 und
1532 2520 1596 2580 man
1627 2524 1703 2584 wird
1734 2524 1810 2584 nicht
1835 2521 1924 2581 leicht
1943 2521 2090 2581 darunter
2115 2524 2197 2584 einen

1210 2560 1462 2620 merkwürdigen
1493 2568 1625 2628 Vorfall
1644 2575 1824 2635 vermissen.
1886 2570 2012 2630 Zuletzt
2036 2572 2096 2632 sind
2127 2575 2199 2635 noch

1209 2611 1254 2671 die
1278 2611 1555 2671 Friedensartikel
1574 2623 1782 2683 angehängt.
1823 2620 1938 2680 Kostet
1956 2619 1979 2679 in
2014 2620 2210 2680 vorbemeld¬

1202 2660 1250 2720 ten
1279 2661 1487 2721 Kanterschen
1516 2670 1814 2730 Buchhandlungen
1843 2667 1884 2727 15
1912 2670 1960 2730 gr.

1576 2715 1840 2775 Züllichau.

1254 2748 1364 2808 „Ad.
1398 2766 1574 2826 Friedr.
1607 2763 1889 2823 Ortmanns,
1923 2766 2125 2826 Inspectors
2171 2768 2203 2828 zu

1247 2810 1434 2870 Züllichau,
1464 2817 1730 2877 Betrachtungen
1761 2814 1839 2874 über
1864 2814 2008 2874 wichtige
2040 2814 2214 2874 Begeben¬

1219 2858 1337 2918 "heiten
1373 2862 1421 2922 der
1436 2870 1717 2930 Naturgeschichte
1739 2864 1787 2924 des
1816 2864 1962 2924 1763sten
1992 2864 2118 2924 Jahrs.
2132 2864 2209 2924 8vo.

2088 2916 2220 2976 1764,
