2479 3508
1256 1204 1326 1264 den
1371 1203 1421 1263 1.
1450 1201 1644 1261 October
1681 1204 1831 1264 1764.

563 1210 681 1270 70tes
735 1213 899 1273 Stück.
975 1208 1206 1268 Montag,

520 1285 828 1345 Königsberg.

173 1354 358 1414 Vorigen
395 1344 520 1404 Monat
539 1339 598 1399 hat
623 1339 730 1399 unsere
761 1334 844 1394 hohe
869 1330 994 1390 Schule
1019 1327 1168 1387 folgende

169 1393 539 1453 Feyerlichkeiten
566 1387 699 1447 gehabt.
756 1378 833 1438 Den
870 1378 942 1438 6ten
968 1378 1065 1438 hielte
1087 1373 1168 1433 Herr

171 1445 527 1505 Hofgerichtsadvocat
548 1434 605 1494 und
626 1430 884 1490 Doctorandus,
911 1424 1024 1484 Wilh.
1040 1422 1179 1482 Bernh.

167 1500 299 1560 Jester,
315 1494 394 1554 seine
416 1482 838 1542 Inauguraldisputation,
860 1475 971 1535 welche
998 1467 1076 1527 "von
1114 1469 1166 1529 den

171 1548 289 1608 Folgen
313 1540 392 1600 eines
415 1538 550 1598 gültigen
580 1531 760 1591 Vergleichs
784 1524 964 1584 handelte."
1000 1517 1072 1577 Des
1096 1518 1180 1578 Vor¬

172 1599 309 1659 mittags
336 1590 547 1650 vertheidigte
569 1585 594 1645 er
621 1584 652 1644 sie
675 1579 769 1639 gegen
801 1578 842 1638 die
865 1572 1044 1632 Einwürfe
1065 1569 1175 1629 dreyer

169 1652 227 1712 auf
248 1648 343 1708 dieser
364 1641 538 1701 Akademie
554 1634 823 1694 Studierenden,
839 1627 891 1687 der
908 1624 1028 1684 Herren
1050 1620 1176 1680 Friedr.

176 1701 276 1761 Ernst
300 1697 436 1757 Jester,
467 1694 548 1754 eines
579 1685 874 1745 Königsbergers,
911 1676 1046 1736 Daniel
1071 1673 1182 1733 Andr.

173 1757 344 1817 Zernicke,
378 1748 466 1808 eines
494 1742 716 1802 Danzigers,
750 1736 811 1796 und
839 1730 922 1790 Carl
944 1727 1061 1787 Gottl.
1084 1727 1188 1787 Bock,

175 1808 234 1868 aus
260 1799 431 1859 Friedland
456 1796 482 1856 in
502 1791 678 1851 Preußen.
729 1784 966 1844 Nachmittägs
996 1778 1067 1838 aber
1087 1775 1187 1835 oppo¬

166 1851 264 1911 nirten
302 1846 354 1906 ihm
401 1840 448 1900 die
472 1836 594 1896 Herren
627 1828 895 1888 Criminalräthe
914 1822 1078 1882 Doctores
1116 1819 1177 1879 und

176 1894 377 1954 Professores
399 1884 520 1944 Juris,
537 1876 812 1936 Schienemann,
823 1868 939 1928 Braun
967 1864 1030 1924 und
1052 1861 1184 1921 Jester,

178 1953 237 2013 und
264 1945 312 2005 der
340 1939 421 1999 Herr
443 1926 702 1986 Tribunalsrath
735 1920 783 1980 D.
806 1915 957 1975 Ohlius,
984 1912 1038 1972 den
1065 1907 1184 1967 wichti=

177 2003 253 2063 gere
277 1991 407 2051 Aemter
437 1984 489 2044 den
526 1976 643 2036 Armen
680 1969 802 2029 unserer
838 1965 1009 2025 Akademie
1040 1960 1068 2020 zu
1105 1957 1174 2017 früh

177 2048 321 2108 entrissen
350 2032 477 2092 haben,
501 2026 564 2086 und
593 2023 686 2083 dessen
715 2020 847 2080 Verlust
871 2014 911 2074 sie
941 2013 1009 2073 noch
1045 2009 1108 2069 mit
1137 2006 1188 2066 ge¬

175 2098 309 2158 rührter
332 2081 553 2141 Hochachtung
581 2073 748 2133 bedauret.
798 2067 872 2127 Der
900 2064 986 2124 Herr
1003 2058 1186 2118 Doctoran¬

178 2150 231 2210 dus
259 2136 491 2196 beantwortete
514 2130 573 2190 alle
595 2124 767 2184 Einwürfe
795 2121 854 2181 mit
877 2115 973 2175 vieler
996 2109 1184 2169 Fertigkeit,

177 2192 431 2252 Gründlichkeit
458 2183 521 2243 und
553 2175 843 2235 Bescheidenheit,
870 2170 933 2230 und
965 2165 1086 2225 machte
1114 2160 1166 2220 dem

185 2247 274 2307 unter
296 2241 353 2301 uns
380 2234 459 2294 schon
491 2229 585 2289 genug
617 2223 791 2283 bekannten
824 2217 1013 2277 Jesterschen
1045 2210 1171 2270 Namen

182 2299 253 2359 viele
276 2293 382 2353 Ehre.
427 2285 521 2345 Sein
550 2274 638 2334 Fleiß
672 2273 845 2333 verspricht
874 2267 1007 2327 überdem
1058 2260 1180 2320 unserer

182 2345 358 2405 Akademie
381 2339 468 2399 einen
502 2322 678 2382 geschickten
706 2318 944 2378 Mitarbeiter.
1016 2312 1092 2372 Den
1126 2306 1186 2366 fol¬

180 2397 298 2457 genden
334 2390 432 2450 Tag,
464 2380 516 2440 als
547 2372 598 2432 den
635 2371 702 2431 7ten
738 2371 836 2431 dieses
878 2367 950 2427 war
981 2363 1027 2423 die
1059 2357 1182 2417 solenne

181 2437 496 2497 Doctorpromotion
525 2423 586 2483 mit
614 2420 663 2480 den
697 2422 768 2482 jetzo
803 2414 1035 2474 gewöhnlichen
1075 2406 1190 2466 Feyer¬

184 2488 361 2548 lichkeiten.
410 2479 486 2539 Der
514 2469 680 2529 Brabevta
714 2467 778 2527 war
806 2470 854 2530 der
882 2459 1098 2519 Prodecanus
1120 2455 1189 2515 Hr.

190 2537 373 2597 Criminal=
390 2530 448 2590 und
471 2522 611 2582 Hofrath
638 2515 698 2575 wie
725 2519 800 2579 auch
822 2507 1189 2567 Hofgerichtsadvocat,

188 2589 243 2649 D.
262 2584 317 2644 und
348 2579 452 2639 Prof.
471 2571 569 2631 Juris
594 2566 680 2626 Ord.
711 2569 840 2629 Sigw.
865 2561 1031 2621 Christoph
1062 2554 1191 2614 Jester,

182 2635 310 2695 welcher
333 2629 360 2689 in
388 2626 471 2686 einer
494 2619 583 2679 wohl
600 2616 878 2676 ausgearbeiteten
907 2608 1101 2668 lateinischen
1129 2601 1190 2661 Re¬

187 2688 220 2748 de
248 2683 294 2743 die
315 2673 402 2733 Ehre
423 2672 478 2732 des
499 2664 809 2724 Advocatenordens
837 2659 1067 2719 vertheidigte.
1102 2652 1189 2712 Eine

193 2735 330 2795 lebhafte
352 2721 579 2781 Schilderung
607 2712 654 2772 der
676 2713 869 2773 Rabulisten
904 2709 1027 2769 machte
1049 2702 1186 2762 zugleich

188 2793 238 2853 den
267 2778 426 2838 Schatten
455 2770 483 2830 zu
512 2764 608 2824 diesem
648 2760 858 2820 rednerischen
888 2760 1069 2820 Gemälde.
1115 2751 1194 2811 Der

192 2843 279 2903 Herr
304 2826 472 2886 Brabevta
498 2818 603 2878 führte
629 2811 742 2871 zuletzt
767 2811 817 2871 als
849 2814 948 2874 etwas
980 2806 1191 2866 merkwürdi¬

195 2896 245 2956 ges
275 2891 332 2951 an,
355 2880 405 2940 daß
435 2874 463 2934 er
485 2869 579 2929 selbst
594 2867 622 2927 an
652 2862 724 2922 eben
754 2861 803 2921 dem
841 2864 949 2924 Tage,
978 2864 1007 2924 zu
1036 2857 1101 2917 eben
1138 2851 1188 2911 der

1217 1276 1378 1336 Stunde,
1400 1273 1459 1333 auf
1482 1271 1633 1331 derselben
1666 1270 1822 1330 Catheder
1844 1273 1904 1333 mit
1926 1273 2082 1333 denselben
2110 1276 2228 1336 Feyer¬

1218 1321 1375 1381 lichkeiten
1405 1321 1459 1381 zum
1499 1319 1626 1379 Doctor
1652 1320 1764 1380 creiret
1785 1318 1932 1378 worden.
1987 1321 2065 1381 Das
2090 1323 2228 1383 Audito¬

1216 1369 1282 1429 rium
1324 1366 1390 1426 war
1411 1369 1550 1429 ziemlich
1576 1369 1755 1429 zahlreich,
1782 1369 1843 1429 und
1869 1369 1936 1429 eine
1957 1370 2224 1430 Instrumental¬

1214 1413 1275 1473 und
1302 1416 1508 1476 Vocalmusik
1529 1415 1688 1475 eröfnete,
1714 1415 1776 1475 und
1802 1413 1936 1473 beschloß
1972 1418 2225 1478 gewöhnlicher¬

1213 1464 1321 1524 maßen
1361 1463 1410 1523 den
1445 1464 1562 1524 ganzen
1593 1464 1730 1524 Actum,
1765 1464 1897 1524 nachdem
1947 1464 2001 1524 der
2031 1466 2109 1526 neue
2134 1467 2218 1527 Herr

1220 1512 1340 1572 Doctor
1366 1512 1466 1572 zuvor
1492 1512 1537 1572 dem
1583 1512 1698 1572 ganzen
1729 1512 1899 1572 Auditorio
1925 1512 1965 1572 ein
1996 1515 2106 1575 kurzes
2132 1518 2227 1578 latei¬

1214 1563 1332 1623 nisches
1358 1563 1827 1623 Danksagungscompliment
1848 1563 1987 1623 gemacht
2008 1563 2110 1623 hatte.

1267 1611 1399 1671 Gestern
1427 1613 1505 1673 legte
1533 1611 1582 1671 der
1605 1613 1765 1673 bisherige
1793 1610 1909 1670 Rector
1926 1613 2136 1673 Magnificus
2158 1616 2224 1676 Hr.

1218 1667 1271 1727 D.
1283 1664 1448 1724 Christoph
1473 1664 1702 1724 Langhansen,
1715 1664 1851 1724 Königl.
1863 1664 1987 1724 Preuß.
1999 1664 2217 1724 Consistorial=

1217 1718 1319 1778 rath,
1341 1718 1395 1778 der
1417 1718 1747 1778 Gottesgelahrtheit
1769 1715 1834 1775 und
1862 1715 1910 1775 der
1938 1718 2214 1778 mathematischen

1220 1769 1479 1829 Wissenschaften
1507 1769 1678 1829 Professor
1696 1768 1900 1828 Ordinarius
1928 1766 1977 1826 bey
2005 1769 2132 1829 unserer
2149 1769 2226 1829 Aka¬

1219 1817 1340 1877 demie,
1368 1814 1419 1874 der
1443 1814 1583 1874 Königl.
1607 1817 1812 1877 Alumnorum
1860 1816 1920 1876 und
1944 1814 1995 1874 des
2023 1817 2224 1877 Communis

1225 1855 1425 1915 Convictorii
1445 1858 1540 1918 erster
1555 1858 1793 1918 Oberaufseher
1818 1858 1874 1918 und
1899 1858 2104 1918 adjungirter
2123 1864 2228 1924 Ober¬

1220 1903 1452 1963 hofprediger,
1484 1903 1542 1963 der
1574 1903 1848 1963 philosophischen
1886 1906 2039 1966 Facultät
2071 1910 2224 1970 Senior,

1220 1949 1277 2009 wie
1299 1948 1368 2008 auch
1395 1949 1553 2009 Mitglied
1580 1948 1633 2008 der
1655 1951 1792 2011 Königl.
1809 1953 1983 2013 Akademie
2010 1954 2062 2014 der
2089 1959 2232 2019 Wissen¬

1221 2002 1347 2062 schaften
1376 1999 1402 2059 zu
1431 1999 1552 2059 Berlin
1580 1997 1636 2057 sein
1669 1999 1896 2059 halbjähriges
1924 2002 2084 2062 Rectorat
2101 2008 2228 2068 nieder,

1217 2052 1276 2112 und
1304 2048 1440 2108 übergab
1473 2049 1587 2109 solches
1615 2049 1696 2109 ohne
1718 2049 1767 2109 die
1790 2049 2023 2109 gewöhnlichen
2056 2056 2230 2116 Feyerlich¬

1220 2102 1309 2162 keiten
1341 2097 1436 2157 seinem
1478 2097 1678 2157 abwesenden
1705 2100 1794 2160 Hrn.
1805 2102 1974 2162 Seniori,
1990 2103 2037 2163 dem
2080 2107 2221 2167 Königl.

1220 2151 1350 2211 Preuß.
1378 2150 1872 2210 Generalsuperintendenten,
1911 2154 2220 2214 Oberhofprediger

1221 2203 1278 2263 und
1302 2196 1579 2256 Consistorialrath
1603 2202 1654 2262 D.
1673 2204 1759 2264 Joh.
1771 2205 1851 2265 Jac.
1858 2205 2013 2265 Qvandt,
2026 2208 2112 2268 erstem
2147 2208 2222 2268 Leh=

1218 2252 1266 2312 rer
1295 2248 1344 2308 der
1366 2249 1691 2309 Gottesgelahrtheit
1713 2252 1768 2312 auf
1796 2252 1922 2312 unserer
1956 2255 2054 2315 hohen
2083 2257 2225 2317 Schule,

1217 2301 1346 2361 nachdem
1393 2295 1445 2355 der
1476 2303 1668 2363 abgehende
1700 2304 1772 2364 Hr.
1798 2306 1917 2366 Rector
1949 2306 2048 2366 zuvor
2079 2309 2146 2369 eine
2178 2309 2229 2369 ge¬

1220 2351 1319 2411 lehrte
1341 2346 1431 2406 Rede
1452 2346 1504 2406 von
1537 2351 1584 2411 den
1616 2354 1732 2414 beyden
1764 2357 1869 2417 untern
1902 2357 2059 2417 Planeten
2092 2360 2228 2420 Mercu¬

1221 2403 1288 2463 rius
1312 2397 1368 2457 und
1397 2396 1516 2456 Venus
1540 2405 1681 2465 gehalten
1717 2407 1818 2467 hatte.

1655 2503 1799 2563 Zelle.

1274 2540 1430 2600 "Récueil
1449 2545 1533 2605 pour
1558 2549 1678 2609 l'esprit
1703 2551 1714 2611 &
1751 2548 1830 2608 pour
1849 2545 1872 2605 le
1891 2545 1999 2605 cœur.
2024 2548 2132 2608 Tome
2157 2548 2229 2608 pre-

1243 2593 1340 2653 mier,
1368 2593 1421 2653 1re
1449 2598 1568 2658 partie,
1590 2600 1671 2660 8vo,
1699 2597 1807 2657 1764,
1834 2594 1872 2654 14
1899 2595 1958 2655 und
1986 2595 2002 2655 1
2030 2599 2138 2659 halber
2160 2599 2230 2659 Bo=

1241 2644 1325 2704 gen.
1405 2643 1495 2703 Dies
1530 2647 1569 2707 ist
1598 2648 1649 2708 der
1678 2644 1768 2704 Titel
1791 2641 1875 2701 einer
1904 2646 2126 2706 französischen
2155 2646 2233 2706 Wo¬

1229 2691 1434 2751 chenschrift,
1462 2696 1516 2756 von
1543 2699 1672 2759 welcher
1700 2693 1760 2753 alle
1782 2691 1797 2751 8
1836 2692 1927 2752 Tage
1955 2694 2003 2754 ein
2036 2694 2149 2754 Bogen
2188 2697 2236 2757 er¬

1229 2745 1360 2805 scheint.
1409 2744 1466 2804 So
1493 2747 1562 2807 viel
1578 2748 1646 2808 man
1674 2741 1742 2801 auch
1769 2739 1843 2799 über
1870 2742 1917 2802 die
1944 2743 2065 2803 Menge
2092 2745 2139 2805 der
2161 2745 2234 2805 Wo¬

1230 2793 1422 2853 chenblätter
1445 2799 1549 2859 klagt,
1572 2799 1599 2859 so
1627 2793 1754 2853 glauben
1787 2790 1853 2850 doch
1887 2793 1930 2853 die
1953 2790 2140 2850 Verfasser,
2168 2794 2223 2854 daß

1232 2847 1301 2907 ihre
1325 2848 1538 2908 Nutzbarkeit
1562 2849 1637 2909 diese
1660 2841 1874 2901 Beschwerde
1904 2844 1949 2904 bey
1985 2844 2094 2904 weitem
2141 2844 2239 2904 über¬

2113 2894 2238 2954 wiege.
