2479 3508
1088 366 1288 426 Vorgestern

290 369 371 429 zwey
397 369 530 429 tausend
562 364 732 424 Menschen
770 363 864 423 Platz
890 366 1016 426 haben.

293 419 399 479 hielten
431 416 505 476 Se.
521 413 670 473 Durchl.
691 413 739 473 der
755 415 850 475 Fürst
867 413 1020 473 Woywod
1047 413 1105 473 von
1132 413 1286 473 Rußland

288 467 378 527 nebst
409 463 640 523 verschiedenen
686 464 1179 524 Conföderationsmarschällen
1220 463 1290 523 eine

293 514 423 574 Seßion
460 512 484 572 im
530 512 929 572 Bernhardinerkloster,
966 512 995 572 in
1036 512 1167 572 welcher
1203 512 1298 572 abge¬

289 564 397 624 macht
413 560 521 620 wurde
548 563 599 623 daß
626 563 672 623 die
693 563 718 623 zu
750 563 988 623 Stanislawow
1030 563 1206 623 einsitzende
1232 559 1299 619 Re¬

284 610 514 670 conföderirten
546 609 594 669 bis
622 609 696 669 nach
723 610 926 670 geschehener
953 610 1184 670 Königswahl
1206 607 1285 667 sitzen

286 662 401 722 solten.
453 661 590 721 Durchs
611 658 733 718 Decret
749 657 794 717 der
820 658 1007 718 lithauschen
1034 658 1287 718 Conföderation

284 712 327 772 ist
355 710 409 770 der
432 709 529 769 Fürst
546 709 736 769 Radziwil,
759 706 922 766 Woywod
955 706 1009 766 von
1043 706 1173 766 Wilda,
1195 703 1292 763 dieser

298 761 395 821 seiner
417 757 684 817 Woywodschaft
711 757 736 817 zu
773 754 891 814 ewigen
928 756 1030 816 Zeiten
1067 756 1206 816 entsetzet
1232 754 1288 814 und

289 814 321 874 zu
358 810 432 870 allen
470 807 666 867 Functionen
703 804 873 864 incapabel
900 807 1054 867 erkläret.
1102 804 1170 864 Die
1198 801 1298 861 Ordi¬

293 860 447 920 nationes
473 858 504 918 zu
530 856 700 916 Nieswicz
726 854 787 914 und
809 855 911 915 Olyka
937 855 999 915 sind
1031 855 1081 915 ihm
1128 852 1298 912 abgespro¬

284 909 382 969 chen,
408 906 464 966 und
491 906 573 966 seine
594 903 728 963 übrigen
755 903 863 963 Güter
889 903 982 963 theils
1008 903 1044 963 an
1081 903 1132 963 den
1158 899 1282 959 Grafen

295 957 501 1017 Flemming,
523 954 560 1014 um
604 954 652 1014 sich
674 951 777 1011 wegen
810 952 858 1012 des
886 953 935 1013 ihm
973 951 1162 1011 zugefügten
1190 945 1303 1005 Scha¬

296 1004 372 1064 dens
399 1003 424 1063 zu
466 1001 630 1061 Terespol
656 1000 794 1060 schadlos
831 998 856 1058 zu
893 998 1026 1058 halten,
1057 998 1155 1058 theils
1186 995 1288 1055 seinen

288 1052 421 1112 übrigen
451 1047 677 1107 Creditoribus
707 1046 736 1106 zu
766 1043 1077 1103 immerwährenden
1112 1046 1220 1106 Zeiten
1250 1042 1298 1102 zu¬

288 1100 438 1160 erkannt,
465 1094 516 1154 den
548 1094 678 1154 übrigen
715 1091 798 1151 Rest
824 1093 875 1153 der
907 1092 1016 1152 Güter
1048 1094 1209 1154 bekommt
1235 1090 1292 1150 sein

294 1150 447 1210 jüngerer
472 1144 630 1204 Bruder.

290 1249 406 1309 Nota
446 1243 501 1303 des
540 1240 1151 1300 Generalconföderationsmarschalls
1185 1237 1273 1297 Adam

345 1296 561 1356 Czartoryski
584 1291 643 1351 und
671 1292 719 1352 des
741 1291 909 1351 Primatis
926 1288 1104 1348 Lubienski
1121 1288 1153 1348 an
1181 1285 1251 1345 Sr.

404 1346 506 1406 Russ.
518 1345 671 1405 Kayserl.
683 1342 780 1402 Maj.
803 1342 979 1402 creditirten
1008 1339 1190 1399 Ministre.

340 1418 387 1478 Ob
417 1419 487 1479 man
518 1417 606 1477 gleich
636 1415 725 1475 hätte
749 1413 850 1473 hoffen
886 1413 1004 1473 sollen,
1034 1413 1087 1473 daß
1123 1413 1164 1473 die
1189 1413 1294 1473 Unru¬

291 1470 343 1530 hen
376 1470 402 1530 in
440 1468 487 1528 den
519 1464 799 1524 Herzogthümern
827 1464 969 1524 Curland
1002 1463 1059 1523 und
1092 1462 1282 1522 Semgallen

289 1517 442 1577 aufhören
481 1515 639 1575 würden,
672 1513 804 1573 nachdem
853 1512 900 1572 die
927 1512 1096 1572 Republik
1123 1511 1213 1571 durch
1246 1510 1293 1570 die

289 1568 349 1628 auf
369 1566 420 1626 dem
461 1566 561 1626 letzten
587 1562 1012 1622 Convocationsreichstage
1038 1560 1194 1620 gemachte
1215 1556 1295 1616 Con¬

293 1618 428 1678 stitution
462 1613 564 1673 keinen
597 1610 733 1670 Zweifel
750 1609 771 1669 in
805 1610 972 1670 Ausehung
1000 1610 1081 1670 ihrer
1109 1608 1293 1668 Gesinnun¬

292 1667 374 1727 gen,
397 1662 446 1722 die
469 1661 586 1721 Rechte
608 1658 680 1718 Sr.
698 1657 847 1717 Durchl.
864 1657 914 1717 des
937 1656 1081 1716 Herzogs
1110 1655 1209 1715 Ernst
1232 1657 1298 1717 Jo=

295 1710 370 1770 hann
401 1706 602 1766 betreffend,
623 1703 719 1763 übrig
745 1702 871 1762 gelaßen
902 1700 983 1760 hat,
1009 1700 1033 1760 so
1059 1700 1134 1760 habe
1156 1700 1195 1760 ich
1226 1700 1301 1760 den¬

294 1756 365 1816 noch
393 1752 452 1812 mit
470 1748 646 1808 Erstaunen
679 1746 723 1806 die
747 1745 918 1805 gräulichen
951 1744 1009 1804 und
1032 1742 1285 1802 unanständigen

295 1800 468 1860 Schriften
495 1794 619 1854 gesehen
652 1790 706 1850 und
733 1790 879 1850 gelesen,
901 1789 1014 1849 welche
1036 1787 1106 1847 man
1134 1787 1160 1847 in
1188 1785 1285 1845 diesen

292 1849 578 1909 Herzogthümern
612 1840 811 1900 publiciret,
844 1840 905 1900 und
949 1837 1037 1897 durch
1071 1837 1181 1897 welche
1214 1837 1286 1897 man

292 1900 344 1960 sich
379 1901 553 1961 bemühet,
578 1897 629 1957 die
653 1894 827 1954 Autorität
851 1891 903 1951 der
927 1891 1089 1951 Republik
1118 1891 1147 1951 zu
1183 1888 1292 1948 schwä¬

291 1954 388 2014 chen,
411 1951 459 2011 die
481 1948 671 2008 Gültigkeit
694 1945 742 2005 der
764 1944 938 2004 gemachten
971 1942 1226 2002 Constitutionen
1254 1939 1280 1999 zu

284 2002 497 2062 bezweifeln,
525 1999 584 2059 und
607 1998 661 2058 das
689 1994 792 2054 Feuer
814 1993 863 2053 der
886 1992 1098 2052 Uneinigkeit
1120 1993 1147 2053 in
1181 1990 1278 2050 diesen

295 2050 466 2110 benannten
498 2043 779 2103 Herzogthuͤmern
806 2040 837 2100 zu
863 2040 1082 2100 vermehren,
1109 2037 1207 2097 dieses
1234 2036 1301 2096 ver¬

289 2102 428 2162 pflichtet
449 2097 521 2157 mich
542 2094 614 2154 denn
636 2094 681 2154 als
703 2089 1292 2149 Generalconföderationsmarschall

291 2153 319 2213 zu
353 2149 404 2209 der
427 2145 614 2205 Großmuth
649 2141 711 2201 und
740 2139 864 2199 Gnade
893 2139 984 2199 Ihro
1018 2137 1171 2197 Kayserl.
1194 2136 1295 2196 Maj.

289 2196 345 2256 von
377 2198 449 2258 allen
481 2195 609 2255 Reußen
646 2190 677 2250 zu
708 2189 920 2249 recurriren,
952 2187 1039 2247 Eur.
1061 2185 1220 2245 Excellenz
1252 2184 1282 2244 zu

293 2246 414 2306 bitten,
431 2240 541 2300 Ihrer
563 2234 778 2294 Souveraine
800 2232 847 2292 die
869 2234 1111 2294 Vorstellungen
1143 2234 1174 2294 zu
1196 2234 1296 2294 thun,

294 2293 350 2353 daß
379 2290 447 2350 Sie
470 2286 560 2346 durch
583 2284 690 2344 Ihren
719 2282 889 2342 mächtigen
924 2282 1087 2342 Beystand
1116 2282 1189 2342 diese
1213 2282 1297 2342 Her¬

292 2339 512 2399 zogthümer,
536 2333 594 2393 und
629 2330 710 2390 diese
734 2330 943 2390 benachbarte
972 2333 1158 2393 Provinzen
1188 2330 1291 2390 Ihrer

290 2390 440 2450 Staaten
470 2383 522 2443 für
545 2381 603 2441 alle
627 2378 778 2438 Unruhen
808 2378 836 2438 zu
866 2381 970 2441 sichern
999 2381 1138 2441 geruhe,
1156 2380 1203 2440 als
1227 2377 1301 2437 wel¬

290 2442 338 2502 che
364 2439 455 2499 durch
480 2432 665 2492 dergleichen
696 2423 862 2483 Schriften
900 2432 1022 2492 erreget
1042 2429 1165 2489 werden
1202 2429 1300 2489 könn¬

293 2490 362 2550 ten,
389 2488 446 2548 und
473 2483 555 2543 zwar
582 2477 626 2537 so,
652 2475 709 2535 daß
736 2474 915 2534 allerhöchst
935 2479 1108 2539 Dieselben
1134 2476 1185 2536 die
1205 2476 1301 2536 wirk¬

287 2539 415 2599 samsten
448 2533 570 2593 Mittel
590 2521 825 2581 anwendeten,
850 2524 887 2584 um
925 2527 1061 2587 daselbst
1080 2527 1215 2587 Friede,
1241 2527 1302 2587 Ei=

292 2590 412 2650 nigkeit
441 2584 497 2644 und
534 2578 711 2638 öffentliche
740 2570 839 2630 Ruhe
868 2578 1024 2638 aufrechts
1060 2578 1088 2638 zu
1132 2578 1294 2638 erhalten.

290 2642 354 2702 Ich
376 2635 554 2695 schmeichle
569 2627 633 2687 mir
655 2625 690 2685 um
734 2620 762 2680 so
784 2620 962 2680 vielmehr,
992 2626 1041 2686 daß
1070 2626 1162 2686 Ihro
1185 2626 1291 2686 Kays.

296 2686 393 2746 Maj.
414 2681 517 2741 meine
538 2678 720 2738 inständige
740 2667 838 2727 Bitte
858 2670 1060 2730 genehmigen
1087 2673 1236 2733 werden,
1256 2676 1288 2736 da

292 2734 476 2794 allerhöchst
500 2724 673 2784 Dieselben
708 2722 759 2782 der
789 2715 904 2775 ganzen
939 2723 1095 2783 Republik
1124 2724 1292 2784 versichert

281 2784 413 2844 haben,
439 2781 470 2841 zu
497 2775 584 2835 ihrer
604 2774 705 2834 Ruhe
725 2771 800 2831 alles
826 2766 1066 2826 beyzutragen,
1092 2772 1155 2832 und
1181 2774 1212 2834 da
1250 2772 1287 2832 sie

288 2832 405 2892 bereits
432 2826 529 2886 davon
556 2823 581 2883 so
608 2821 849 2881 überzeugende
869 2814 986 2874 Proben
1013 2823 1143 2883 gegeben
1169 2823 1286 2883 haben.

287 2882 489 2942 Warschau,
517 2878 571 2938 den
598 2874 692 2934 11ten
727 2872 807 2932 Jul.
829 2868 936 2928 1764.

982 2916 1028 2976 A.
1056 2924 1294 2984 Czartoryski.

1765 370 1908 430 Nota.

1386 410 1437 470 Da
1471 415 1555 475 Jhro
1579 416 1674 476 Kays.
1692 418 1787 478 Maj.
1811 419 1861 479 von
1890 419 1968 479 allen
1992 416 2115 476 Reußen
2144 413 2206 473 uns
2229 416 2336 476 Merk=

1333 464 1419 524 male
1441 464 1549 524 Ihrer
1582 464 1739 524 gnädigen
1778 467 1945 527 Sorgfalt
1968 466 2228 526 aushändigen,
2267 468 2331 528 und

1335 513 1419 573 zwar
1441 512 1461 572 in
1494 512 1547 572 der
1568 513 1716 573 Absicht,
1743 515 1796 575 daß
1823 517 1881 577 das
1908 515 2151 575 gegenwärtige
2173 512 2331 572 unruhige

1334 560 1561 620 Interregnum
1598 563 1624 623 in
1657 563 1703 623 dem
1747 566 1936 626 Königreich
1964 566 2106 626 sowohl,
2133 563 2180 623 als
2207 566 2233 626 in
2265 564 2312 624 dem

1334 607 1627 667 Großherzogthum
1672 613 1840 673 Litthauen
1873 613 1899 673 im
1949 614 2122 674 geringsten
2166 613 2253 673 nicht
2286 610 2340 670 ge¬

1334 658 1424 718 storet
1445 658 1505 718 und
1531 660 1702 720 gehindert
1723 662 1849 722 werde,
1875 664 1975 724 nichts
2001 664 2228 724 destoweniger
2259 661 2334 721 aber

1336 707 1405 767 man
1433 706 1584 766 während
1611 709 1703 769 dieser
1730 710 1800 770 Zeit
1822 712 1844 772 in
1877 712 1924 772 den
1952 712 2233 772 Herzogthümern
2261 710 2341 770 Cur¬

1334 755 1400 815 land
1437 754 1499 814 und
1525 757 1716 817 Semgallen
1743 759 1913 819 Schriften
1949 760 2006 820 zum
2048 762 2218 822 Vorschein
2255 761 2337 821 kom¬

1334 804 1397 864 men
1424 804 1518 864 läßt,
1540 804 1650 864 welche
1672 807 1814 867 offenbar
1841 810 1893 870 das
1915 810 2057 870 Ansehen
2094 810 2152 870 und
2174 810 2220 870 die
2242 810 2331 870 Ehre

1332 852 1384 912 der
1411 852 1575 912 Republik
1602 855 1806 915 beleidigen,
1839 858 1897 918 und
1929 861 1981 921 den
2019 858 2098 918 Adel
2125 858 2177 918 des
2204 861 2324 921 Landes

1331 900 1384 960 zur
1405 903 1601 963 Empörung
1629 904 1718 964 gegen
1750 906 1835 966 ihren
1867 909 1994 969 Herzog
2016 909 2244 969 aufwiegeln,
2271 909 2328 969 und

1331 948 1394 1008 also
1421 948 1441 1008 in
1473 951 1573 1011 seiner
1595 954 1716 1014 Person
1743 954 1768 1014 in
1795 954 1937 1014 gewisser
1964 957 2022 1017 Art
2049 957 2096 1017 die
2128 959 2243 1019 oberste
2265 957 2333 1017 Au¬

1334 997 1445 1057 torität
1466 999 1519 1059 der
1540 1001 1704 1061 Republik
1726 1001 1911 1061 angreifen,
1938 1004 1958 1064 so
1985 1005 2097 1065 glaubt
2118 1006 2165 1066 der
2187 1007 2329 1067 Primas

1333 1041 1379 1101 als
1410 1046 1632 1106 vornehmster
1658 1045 1757 1105 Fürst
1788 1046 1839 1106 der
1866 1049 1979 1109 Krone
2006 1052 2134 1112 Pohlen
2176 1055 2238 1115 und
2275 1055 2326 1115 des

1336 1094 1670 1154 Großherzogthums
1702 1094 1866 1154 Litthauen
1904 1094 1956 1154 (da
1994 1097 2041 1157 die
2063 1100 2328 1160 Herzogthümer

1338 1140 1481 1200 Curland
1506 1143 1565 1203 und
1595 1145 1786 1205 Semgallen
1822 1142 1876 1202 von
1906 1142 2004 1202 diesen
2039 1142 2157 1202 beyden
2187 1148 2330 1208 Staaten

1335 1187 1381 1247 als
1410 1188 1508 1248 Lehne
1532 1193 1723 1253 abhängen)
1747 1196 1799 1256 daß
1828 1193 1857 1253 es
1886 1193 1967 1253 seine
1991 1193 2118 1253 Pflicht
2142 1195 2211 1255 sey,
2235 1196 2327 1256 Ihro

1338 1237 1476 1297 Majest.
1504 1240 1548 1300 die
1570 1243 1725 1303 Kayserin
1759 1243 1819 1303 von
1853 1246 1930 1306 allen
1953 1246 2085 1306 Reußen
2125 1246 2212 1306 durch
2241 1246 2329 1306 Ihro

1333 1288 1529 1348 Excellenzen
1561 1289 1612 1349 den
1638 1291 1949 1351 außerordentlichen
1980 1297 2239 1357 Ambassadeur,
2265 1297 2327 1357 und

1330 1337 1384 1397 den
1411 1340 1573 1400 Ministre
1595 1344 1898 1404 Plenipotentiaire
1920 1345 1946 1405 zu
1974 1348 2135 1408 ersuchen,
2163 1348 2233 1408 Sie
2255 1346 2335 1406 wol¬

1335 1390 1372 1450 len
1401 1390 1450 1450 dem
1489 1392 1632 1452 Herzoge
1655 1391 1698 1451 E.
1715 1393 1764 1453 J.
1781 1393 1886 1453 Biron
1914 1396 2063 1456 gnädigst
2086 1397 2245 1457 geruhen,
2279 1396 2328 1456 die

1330 1440 1458 1500 nöthige
1486 1441 1586 1501 Hülfe
1608 1440 1854 1500 zuzugestehen,
1882 1443 1983 1503 damit
2005 1443 2031 1503 er
2053 1443 2090 1503 um
2128 1443 2176 1503 der
2203 1443 2331 1503 weitern

1336 1488 1495 1548 Frechheit
1516 1488 1578 1548 und
1604 1491 1650 1551 dem
1687 1489 1888 1549 Ungehorsam
1930 1494 2172 1554 vorzubeugen,
2183 1493 2234 1553 den
2255 1491 2337 1551 Ver¬

1334 1536 1420 1596 fasser
1447 1539 1506 1599 und
1534 1539 1576 1599 die
1604 1539 1853 1599 Mitschuldigen
1891 1539 1988 1599 dieser
2011 1542 2183 1602 Schriften
2216 1539 2334 1599 verfol¬

1329 1589 1381 1649 gen
1408 1587 1492 1647 laßen
1525 1587 1646 1647 könne,
1673 1590 1699 1650 so
1726 1587 1783 1647 wie
1805 1587 1852 1647 ihm
1895 1590 2005 1650 solches
2033 1592 2058 1652 in
2091 1591 2143 1651 dem
2191 1591 2323 1651 deshalb

1335 1634 1366 1694 an
1399 1634 1467 1694 Ihm
1510 1637 1705 1697 ergangenen
1738 1636 1854 1696 Briefe
1875 1636 1933 1696 mit
1950 1638 2113 1698 mehreren
2151 1640 2336 1700 angezeiget

1328 1680 1478 1740 worden,
1496 1681 1553 1741 und
1581 1679 1633 1739 das
1660 1679 1695 1739 um
1736 1679 1758 1739 so
1785 1679 1890 1739 mehr,
1909 1682 1940 1742 da
1971 1685 2037 1745 man
2073 1685 2126 1745 von
2158 1685 2206 1745 den
2228 1685 2339 1745 Trup¬

1328 1721 1382 1781 pen
1410 1721 1459 1781 der
1483 1721 1647 1781 Republik
1671 1721 1729 1781 kein
1762 1721 2013 1781 Detaschement
2036 1728 2200 1788 abschicken
2237 1730 2336 1790 kann,

1329 1762 1419 1822 indem
1463 1763 1510 1823 der
1530 1763 1653 1823 Marsch
1682 1765 1734 1825 für
1754 1765 1801 1825 die
1816 1766 1964 1826 Truppen
1998 1769 2045 1829 der
2065 1772 2169 1832 Krone
2194 1775 2222 1835 zu
2246 1775 2332 1835 weit,

1335 1812 1391 1872 und
1420 1812 1470 1872 daß
1499 1814 1566 1874 man
1595 1814 1617 1874 in
1646 1815 1809 1875 Litthauen
1839 1819 1929 1879 selbst
1952 1819 1986 1879 um
2026 1819 2076 1879 die
2099 1822 2206 1882 innere
2230 1825 2325 1885 Ruhe

1329 1865 1384 1925 und
1422 1867 1620 1927 Sicherheit
1652 1867 1682 1927 zu
1720 1867 1899 1927 erhalten,
1937 1873 2073 1933 selbiger
2111 1876 2222 1936 nöthig
2260 1880 2334 1940 hat.

1327 1915 1526 1975 Warschau,
1551 1919 1605 1979 den
1636 1918 1726 1978 11ten
1757 1921 1842 1981 Jul.
1861 1921 1969 1981 1764.

1897 1972 2103 2032 Vladislaus
2139 1976 2333 2036 Lubienski,

2051 2011 2178 2071 Primas.

1540 2049 1828 2109 Constantinopel,
1853 2050 1911 2110 vom
1953 2052 2011 2112 16.
2035 2052 2117 2112 Jul.

1380 2098 1425 2158 In
1465 2097 1595 2157 voriger
1624 2098 1742 2158 Woche
1772 2100 1839 2160 traf
1862 2100 1998 2160 Achmet
2021 2103 2174 2163 Effendi,
2197 2103 2327 2163 welcher

1329 2148 1379 2208 sich
1408 2144 1452 2204 als
1476 2145 1656 2205 Gesandter
1680 2145 1730 2205 der
1754 2146 1872 2206 Pforte
1895 2150 1929 2210 am
1969 2151 2053 2211 Hofe
2065 2151 2093 2211 zu
2122 2154 2240 2214 Berlin
2263 2154 2330 2214 auf¬

1327 2193 1494 2253 gehalten,
1516 2192 1578 2252 mit
1601 2192 1694 2252 seinem
1740 2195 1885 2255 Gefolge
1908 2197 1975 2257 hier
1998 2202 2114 2262 wieder
2137 2204 2203 2264 ein.

1636 2264 2022 2324 AVERTISSEMENT.

1373 2311 1449 2371 Bey
1483 2312 1538 2372 dem
1583 2309 1737 2369 Verleger
1771 2317 1870 2377 dieser
1898 2318 2035 2378 Zeitung
2069 2318 2102 2378 ist
2130 2321 2163 2381 zu
2197 2324 2323 2384 haben:

1326 2363 1426 2423 Lettre
1453 2361 1521 2421 d'un
1543 2357 1665 2417 officier
1687 2363 1898 2423 Hannovrien
1920 2366 1930 2426 à
1952 2366 2004 2426 son
2031 2366 2126 2426 Ami,
2148 2367 2163 2427 a
2180 2369 2206 2429 la
2223 2372 2328 2432 Haye,

2047 2417 2233 2477 Buchholtz
2263 2421 2332 2481 Ab¬

1545 2406 1679 2466 Ebend.
1708 2414 1848 2474 deutsch,
1871 2417 1887 2477 9
1927 2414 1983 2474 gr.

1320 2417 1362 2477 8.
1394 2414 1411 2474 9
1449 2413 1511 2473 gr.

1322 2464 1484 2524 handlung
1525 2455 1588 2515 von
1629 2455 1681 2515 der
1728 2464 2012 2524 topographischen
2059 2470 2325 2530 Beschaffenheit

1322 2514 1371 2574 der
1394 2507 1582 2567 Churmark
1610 2511 1854 2571 Brandenburg
1877 2515 1904 2575 in
1938 2515 1987 2575 den
2016 2515 2093 2575 alten
2121 2520 2226 2580 Zeiten
2254 2524 2320 2584 eine

1329 2560 1556 2620 Preisschrift,
1576 2557 1620 2617 4,
1640 2560 1684 2620 24
1710 2562 1759 2622 gr.

1374 2629 1455 2689 Den
1489 2629 1595 2689 31sten
1630 2632 1678 2692 des
1712 2638 1926 2698 verwichenen
1968 2638 2116 2698 Monats
2149 2646 2321 2706 Morgens

1327 2685 1356 2745 um
1399 2685 1410 2745 9
1440 2684 1505 2744 Uhr
1530 2676 1678 2736 geschahe
1702 2685 1809 2745 allhier
1834 2685 1892 2745 auf
1911 2685 1964 2745 dem
2007 2688 2250 2748 Schloßbalkon
2280 2694 2327 2754 die

1327 2733 1431 2793 fünfte
1454 2727 1592 2787 Ziehung
1622 2729 1673 2789 der
1691 2733 1836 2793 Königl.
1848 2735 1974 2795 Preuß.
1986 2736 2136 2796 Lotterie.
2171 2739 2240 2799 Die
2258 2739 2327 2799 her¬

1326 2778 1596 2838 ausgekommene
1614 2784 1796 2844 Nummern
1830 2784 1929 2844 waren
1957 2787 2018 2847 74.
2035 2790 2101 2850 46.
2112 2789 2167 2849 53.
2185 2787 2223 2847 6.
2240 2787 2300 2847 56.

1326 2843 1421 2903 Diese
1437 2841 1570 2901 Gelehrte
1594 2842 1645 2902 und
1669 2847 1832 2907 Politische
1855 2849 1980 2909 Zeitung
2004 2849 2070 2909 wird
2100 2847 2144 2907 des
2168 2849 2323 2909 Montags

1428 2885 1484 2945 und
1519 2886 1660 2946 Freytags
1683 2888 1706 2948 in
1735 2888 1779 2948 dem
1814 2890 2006 2950 Kanterschen
2041 2888 2209 2948 Buchladen

1710 2928 1929 2988 ausgegeben.
