2479 3508
210 347 346 407 dennoch
380 342 437 402 gut
458 337 620 397 erhalten.
673 330 719 390 Es
746 333 777 393 ist
791 335 967 395 unbiegsam
1006 335 1064 395 und
1098 333 1123 393 so
1143 336 1221 396 hart

204 395 263 455 wie
285 394 388 454 Holz,
416 391 442 451 so
465 389 524 449 daß
552 386 600 446 es,
628 383 715 443 wenn
748 386 819 446 man
846 386 878 446 es
901 384 1063 444 berührt,
1097 383 1227 443 verstei¬

205 446 279 506 nert
309 443 337 503 zu
373 437 442 497 seyn
477 437 627 497 scheinet.
680 434 749 494 Die
779 434 1010 494 Gesichtszüge
1045 433 1103 493 sind
1144 433 1213 493 noch

205 497 271 557 sehr
300 488 450 548 kentlich,
473 487 545 547 man
574 485 718 545 bemerkt
735 484 768 544 an
808 485 942 545 selbigen
981 485 1009 545 so
1043 482 1148 542 wenig
1176 482 1220 542 als

213 543 239 603 in
261 543 380 603 andern
419 536 554 596 Theilen
587 535 640 595 des
679 535 825 595 Körpers
864 533 950 593 nicht
983 532 1031 592 die
1064 533 1226 593 geringste

210 590 437 650 Verwesung.
460 586 537 646 Der
554 585 665 645 Bauch
688 583 721 643 ist
738 583 815 643 nicht
833 580 921 640 tiefer
944 580 1154 640 eingefallen,
1177 582 1221 642 als

214 643 267 703 bey
304 641 388 701 einer
413 634 569 694 Person,
599 634 647 694 die
666 632 725 692 erst
750 631 810 691 vor
835 632 846 692 2
871 631 979 691 Tagen
1016 631 1202 691 gestorben.

510 685 637 745 Rom,
672 682 728 742 den
762 681 800 741 1.
823 679 934 739 Sept.

262 735 336 795 Der
360 733 465 793 Pater
489 735 563 795 Leon
599 733 662 793 dell
680 730 830 790 Ariccia,
861 730 1005 790 Priester
1035 727 1098 787 und
1122 727 1231 787 Lector

253 786 269 846 r
304 786 484 846 Theologie
513 784 591 844 starb
626 781 738 841 allhier
773 781 800 841 im
846 781 1004 841 Convent
1027 778 1077 838 den
1117 776 1224 836 25sten

221 842 306 902 Aug.
326 837 356 897 im
393 834 504 894 73sten
536 831 627 891 Jahr
647 830 745 890 seines
777 828 912 888 Alters,
937 828 967 888 da
1005 828 1042 888 er
1073 828 1109 888 33
1141 826 1226 886 Jahr

220 886 312 946 krank
335 882 496 942 gewesen.
543 884 595 944 Im
636 879 740 939 40sten
769 879 861 939 Jahr
885 879 1006 939 lähmte
1030 876 1081 936 der
1105 876 1226 936 Schlag

219 939 295 999 seine
317 934 414 994 rechte
441 931 566 991 Seite,
599 930 653 990 daß
681 930 729 990 ihm
768 927 816 987 die
838 927 995 987 Sprache
1018 927 1126 987 schwer
1153 924 1239 984 war.

215 986 304 1046 Hals
335 984 395 1044 und
421 981 546 1041 Rücken
571 978 676 1038 waren
707 977 1073 1037 zusammengebogen,
1109 975 1169 1035 und
1205 972 1234 1032 er

216 1032 335 1092 konnte
356 1031 407 1091 den
439 1027 533 1087 Kopf
549 1023 636 1083 nicht
653 1022 850 1082 aufrichten.
887 1022 974 1082 Alles
1007 1019 1100 1079 dieses
1126 1022 1235 1082 ertrug

218 1082 249 1142 er
282 1079 345 1139 mit
377 1077 461 1137 einer
493 1070 736 1130 unglaublichen
779 1067 1090 1127 Standhaftigkeit.
1160 1067 1238 1127 Die

223 1130 345 1190 Garde
373 1126 428 1186 des
456 1121 600 1181 Pabstes
640 1118 751 1178 mußte
785 1118 840 1178 bey
879 1118 984 1178 seiner
1018 1118 1239 1178 Beerdigung

223 1181 318 1241 seyn,
330 1177 403 1237 weil
426 1174 476 1234 das
505 1172 590 1232 Volk
613 1170 664 1230 ihn
693 1168 743 1228 für
766 1169 850 1229 einen
885 1166 1037 1226 Heiligen
1061 1168 1156 1228 hielt,
1174 1166 1235 1226 und

221 1232 305 1292 jeder
334 1231 373 1291 ein
408 1225 509 1285 Stück
538 1221 589 1281 von
623 1219 724 1279 seinem
765 1218 878 1278 Kleide
907 1216 1070 1276 begehrte.

483 1273 669 1333 Algier,
705 1269 763 1329 vom
810 1270 873 1330 18.
903 1270 996 1330 Aug.

273 1324 348 1384 Den
381 1321 451 1381 2ten
489 1324 586 1384 dieses
620 1321 743 1381 langten
787 1319 797 1379 2
825 1321 1074 1381 Venetianische
1107 1318 1247 1378 Kriegs=

228 1379 329 1439 schiffe
353 1378 414 1438 mit
432 1375 482 1435 den
511 1369 691 1429 Präsenten
725 1369 776 1429 der
800 1369 968 1429 Republik
997 1369 1047 1429 für
1082 1369 1132 1429 den
1161 1366 1234 1426 Der

225 1427 341 1487 allhier
369 1424 429 1484 an.
475 1421 630 1481 Selbige
658 1418 801 1478 bestehen
835 1418 862 1478 in
902 1419 991 1479 einem
1041 1417 1157 1477 köstlich
1196 1416 1245 1476 ge¬

225 1476 377 1536 wirkten,
399 1471 459 1531 und
486 1468 546 1528 mit
569 1470 775 1530 Diamanten
809 1467 950 1527 besetzten
984 1467 1245 1527 Pferdegeschirr

224 1526 286 1586 und
322 1524 410 1584 einem
462 1521 539 1581 reich
571 1518 632 1578 mit
654 1518 747 1578 Gold
779 1518 944 1578 bordirten
975 1518 1114 1578 Sattel,
1141 1518 1171 1578 in
1198 1518 1233 1578 42

224 1577 330 1637 Kisten
362 1572 478 1632 reichen
506 1569 680 1629 Brocaden
712 1566 770 1626 und
792 1568 961 1628 allerhand
999 1566 1136 1626 seidenen
1174 1566 1237 1626 und

225 1624 381 1684 wollenen
421 1619 583 1679 Stoffen,
616 1616 801 1676 imgleichen
840 1613 861 1673 in
900 1614 1013 1674 50000
1052 1613 1247 1673 Venetiani=

228 1673 312 1733 schen
339 1668 518 1728 Sequinen
551 1664 603 1724 für
636 1661 682 1721 die
704 1661 926 1721 Regierung;
959 1663 1021 1723 und
1048 1661 1091 1721 50
1128 1664 1175 1724 für
1207 1659 1249 1719 je¬

229 1718 285 1778 den
321 1717 373 1777 der
405 1709 629 1769 vornehmsten
664 1706 844 1766 Bedienten
880 1706 937 1766 von
973 1706 1025 1766 dem
1069 1703 1157 1763 Hofe
1188 1703 1236 1763 des

231 1760 333 1820 Dey.
380 1754 454 1814 Die
473 1753 631 1813 Präsente
655 1748 779 1808 wurden
813 1745 868 1805 von
896 1746 947 1806 dem
980 1745 1161 1805 Gesandten
1194 1744 1244 1804 der

241 1806 427 1866 Republik,
456 1801 541 1861 einem
587 1796 773 1856 Griechen,
808 1796 938 1856 welcher
967 1793 1017 1853 sich
1052 1796 1108 1856 seit
1132 1794 1244 1854 langer

239 1860 305 1920 Zeit
330 1854 493 1914 incognito
512 1849 584 1909 hier
603 1849 809 1909 aufgehalten
841 1846 943 1906 hatte,
962 1846 1162 1906 uͤbergeben,
1181 1846 1241 1906 und

233 1914 325 1974 gleich
354 1908 470 1968 darauf
500 1904 609 1964 wurde
639 1903 691 1963 der
721 1900 784 1960 mit
807 1903 970 1963 gedachter
1005 1899 1167 1959 Republik
1197 1901 1248 1961 ge¬

238 1962 375 2022 schloßne
398 1959 514 2019 Friede
531 1954 720 2014 ratificiret.
765 1954 836 2014 Hr.
859 1951 1025 2011 Capriette
1053 1951 1092 2011 ist
1120 1954 1180 2014 mit
1203 1951 1252 2011 er¬

237 2014 388 2074 meldeten
421 2007 567 2067 Schiffen
594 2005 621 2065 in
654 2004 702 2064 der
725 2002 881 2062 Qualität
909 2002 957 2062 als
979 2002 1244 2062 Venetianischer

237 2061 359 2121 Consul
376 2057 444 2117 hier
466 2055 727 2115 angekommen,
765 2052 823 2112 und
856 2052 914 2112 hat
941 2049 1063 2109 bereits
1090 2051 1143 2111 für
1175 2051 1244 2111 eine

237 2112 386 2172 Summe
423 2106 480 2166 von
517 2103 631 2163 80000
678 2103 853 2163 Sequinen
901 2100 963 2160 alle
995 2100 1243 2160 Venetianische

238 2162 384 2222 Sclaven
414 2157 475 2217 frey
504 2154 651 2214 gekauft,
674 2151 759 2211 nicht
783 2151 907 2211 minder
930 2151 980 2211 für
1004 2151 1105 2211 andre
1123 2148 1235 2208 33000

237 2211 419 2271 Sequinen
448 2204 480 2264 30
514 2199 802 2259 Neapolitanische
819 2199 996 2259 Officiers,
1014 2199 1129 2259 welche
1152 2199 1207 2259 vor
1230 2197 1240 2257 9

245 2257 371 2317 Jahren
403 2252 461 2312 auf
493 2250 508 2310 3
546 2247 736 2307 dergleichen
768 2246 937 2306 Galleeren
970 2249 1128 2309 gefangen
1166 2246 1233 2306 wur

235 2306 319 2366 den.
383 2300 430 2360 Am
484 2295 652 2355 Montage
690 2296 737 2356 als
775 2294 827 2354 den
870 2300 981 2360 23sten
1019 2297 1145 2357 ankerte
1177 2297 1245 2357 eine

238 2354 388 2414 Königl.
406 2345 556 2405 Fregatte
585 2344 608 2404 in
643 2342 776 2402 unserer
794 2344 891 2404 Bay.
944 2348 1019 2408 Sie
1043 2346 1152 2406 wurde
1182 2345 1239 2405 von

237 2406 350 2466 unserm
396 2396 521 2456 Castell
544 2390 605 2450 mit
640 2392 691 2452 den
726 2393 964 2453 gewöhnlichen
998 2398 1037 2458 21
1072 2393 1252 2453 Kanonen¬

245 2453 373 2513 schüͤssen
406 2446 578 2506 salutiret,
609 2438 720 2498 wofur
746 2441 844 2501 jedoch
882 2446 961 2506 diese
993 2446 1141 2506 Fregatte
1172 2443 1252 2503 nicht

241 2508 311 2568 eher
336 2503 465 2563 dankte,
484 2496 530 2556 als
555 2491 607 2551 bis
631 2489 679 2549 der
703 2489 862 2549 Englische
886 2494 1010 2554 Consul
1028 2497 1057 2557 an
1088 2494 1140 2554 ihr
1158 2493 1246 2553 Bord

243 2554 423 2614 gekommen
451 2548 537 2608 war.
585 2539 671 2599 Der
692 2539 940 2599 Commandeur
974 2545 1067 2605 dieser
1101 2545 1248 2605 Fregatte

245 2604 427 2664 reclamirte
455 2597 590 2657 hierauf
618 2591 712 2651 durch
733 2587 820 2647 einen
862 2593 1092 2653 Dollmetscher
1120 2596 1173 2656 die
1201 2595 1254 2655 ge¬

246 2652 399 2712 nommne
426 2646 483 2706 und
503 2646 567 2706 mit
587 2641 689 2701 Engl.
709 2638 831 2698 Flagge
857 2639 914 2699 und
934 2643 1005 2703 Paß
1037 2643 1178 2703 versehen
1211 2642 1255 2702 ge¬

246 2701 365 2761 wesene
393 2697 605 2757 Genuesische
633 2688 812 2748 Polacre,
853 2686 912 2746 mit
939 2691 992 2751 der
1027 2693 1259 2753 Bedrohung,

244 2753 301 2813 daß
334 2746 455 2806 wofern
488 2745 557 2805 man
597 2739 711 2799 selbige
744 2736 833 2796 nicht
860 2736 981 2796 sogleich
1014 2742 1129 2802 zurück
1162 2742 1257 2802 gäbe,

245 2802 292 2862 der
323 2796 437 2856 Friede
468 2793 612 2853 zwischen
649 2790 696 2850 der
721 2787 913 2847 Regierung
944 2787 1003 2847 und
1028 2790 1257 2850 Großbritan¬

249 2849 315 2909 nien
356 2845 521 2905 gebrochen
555 2843 621 2903 seyn
656 2841 788 2901 würde.
841 2836 921 2896 Der
948 2835 1027 2895 Dey
1062 2841 1254 2901 antwortete

246 2902 318 2962 aber
341 2897 486 2957 darauf:
509 2891 597 2951 Was
619 2892 779 2952 geschehen
809 2885 926 2945 wäre,
949 2886 1007 2946 das
1037 2891 1124 2951 wäre
1147 2892 1262 2952 gesche=

1262 333 1350 393 hen,
1375 333 1434 393 und
1470 332 1516 392 die
1541 333 1730 393 Engländer
1766 336 1902 396 möchten
1938 333 2044 393 thun,
2068 330 2139 390 was
2170 333 2263 393 ihnen

1259 384 1315 444 gut
1337 380 1477 440 deuchte.
1529 383 1680 443 Hierauf
1701 383 1737 443 ist
1758 386 1925 446 gedachter
1952 380 2196 440 Commendant
2217 383 2274 443 mit

1270 431 1368 491 seiner
1397 429 1546 489 Fregatte
1591 431 1662 491 nach
1696 433 1817 493 Genua
1851 434 2055 494 abgesegelt,
2084 431 2139 491 dem
2189 431 2272 491 Chef

1270 479 1469 539 d'Esquadre
1492 479 1647 539 Harrison
1675 482 1813 542 Bericht
1836 485 1864 545 zu
1892 485 2019 545 geben,
2042 483 2124 543 ohne
2153 479 2208 539 daß
2242 479 2274 539 er

1265 530 1385 590 vorher
1420 530 1530 590 einige
1564 530 1853 590 Erfrischungen,
1892 536 1963 596 noch
2009 533 2047 593 ein
2086 532 2269 592 Schreiben

1269 580 1325 640 vom
1367 578 1439 638 Dey
1466 577 1522 637 hat
1543 580 1719 640 annehmen
1750 583 1884 643 wollen.

1485 627 1747 687 Warschau,
1775 633 1824 693 den
1864 633 1925 693 24.
1953 632 2064 692 Sept.

1322 676 1366 736 Am
1412 676 1588 736 Mittwoch
1623 679 1731 739 hatten
1766 679 1816 739 die
1845 682 1913 742 hier
1942 682 2192 742 gegenwärtige
2215 679 2271 739 von

1276 727 1471 787 demjenigen
1498 726 1582 786 Adel
1593 727 1645 787 aus
1667 730 1841 790 Preussen,
1868 730 1978 790 welche
1995 730 2052 790 mit
2069 730 2116 790 den
2138 730 2269 790 größern

1279 775 1487 835 Preußischen
1516 777 1665 837 Städten
1693 778 1736 838 die
1765 778 2107 838 Berathschlagungen
2135 781 2156 841 in
2184 778 2278 838 Dan=

1273 827 1316 887 zig
1349 825 1376 885 zu
1409 825 1512 885 halten
1540 826 1698 886 gesonnen
1726 828 1884 888 gewesen,
1912 828 2200 888 gemeinschaftlich
2228 830 2287 890 mit

1273 873 1322 933 den
1353 873 1423 933 hier
1449 876 1659 936 residirenden
1700 879 1912 939 Secretarien
1943 879 2103 939 gedachter
2139 879 2284 939 Städte,

1276 921 1346 981 auch
1373 922 1421 982 bey
1449 924 1524 984 Sr.
1546 926 1642 986 Maj.
1659 924 1707 984 dem
1762 927 1886 987 Könige
1913 927 1983 987 eine
2005 929 2182 989 öffentliche
2215 928 2279 988 Au¬

1276 972 1392 1032 dienz,
1424 972 1583 1032 darinnen
1621 972 1658 1032 sie
1695 972 1769 1032 Sr.
1796 975 1896 1035 Maj.
1923 977 1992 1037 eine
2024 978 2284 1038 unterthänigste

1281 1019 1465 1079 Bittschrift
1487 1019 1724 1079 überreichten,
1740 1019 1792 1079 daß
1825 1019 1893 1079 Se.
1909 1022 2003 1082 Maj.
2020 1024 2156 1084 geruhen
2183 1024 2283 1084 möch¬

1273 1067 1322 1127 ten
1353 1067 1378 1127 zu
1409 1070 1591 1130 glücklichem
1637 1067 1803 1127 Bestande
1824 1064 1874 1124 des
1900 1070 2224 1130 Generallandtages
2254 1070 2279 1130 in

1278 1112 1432 1172 Preussen
1463 1115 1515 1175 bey
1546 1117 1597 1177 den
1629 1117 1696 1177 noch
1732 1118 1954 1178 obwaltenden
1990 1118 2274 1178 Mishelligkeiten

1282 1164 1330 1224 die
1358 1166 1617 1226 erwünschtesten
1645 1169 1764 1229 Mittel
1786 1166 2019 1226 vorzukehren,
2047 1166 2149 1226 damit
2172 1167 2220 1227 die
2248 1166 2290 1226 al¬

1279 1213 1425 1273 gemeine
1449 1213 1697 1273 Unterwerfung
1726 1218 1770 1278 der
1800 1219 1952 1279 Provinz
1975 1219 2065 1279 unter
2094 1216 2167 1276 Sr.
2190 1218 2286 1278 Maj.

1274 1267 1546 1327 allergnädigstes
1580 1267 1730 1327 Scepter
1776 1270 1836 1330 und
1881 1269 1931 1329 die
1971 1267 2193 1327 Bewahrung
2233 1267 2288 1327 der

1288 1318 1497 1378 Preußischen
1531 1315 1646 1375 Rechte
1674 1318 1735 1378 und
1763 1321 1956 1381 Freyheiten
1990 1321 2133 1381 besorget
2156 1320 2277 1380 werden

1286 1369 1390 1429 könte.
1442 1368 1517 1428 Se.
1535 1369 1633 1429 Maj.
1651 1369 1824 1429 geruheten
1854 1369 1969 1429 solches
1999 1369 2189 1429 huldreichst
2219 1369 2293 1429 auf¬

1281 1416 1342 1476 und
1369 1416 1612 1476 anzunehmen,
1649 1418 1711 1478 und
1737 1419 1965 1479 versicherten,
1997 1418 2090 1478 daß,
2116 1416 2147 1476 so
2168 1416 2230 1476 wie
2251 1416 2292 1476 sie

1282 1467 1318 1527 an
1351 1467 1398 1527 dem
1440 1467 1668 1527 Attachement
1689 1467 1778 1527 dieser
1801 1464 1953 1524 Provinz
1986 1467 2070 1527 nicht
2097 1464 2292 1524 zweifelten,

1288 1515 1357 1575 Sie
1379 1515 1460 1575 alles
1482 1515 1714 1575 allergnädigst
1736 1518 1811 1578 thun
1839 1515 1973 1575 wolten,
2001 1518 2146 1578 wodurch
2174 1515 2205 1575 sie
2228 1515 2286 1575 alle

1287 1566 1446 1626 vergnügt
1468 1566 1529 1626 und
1561 1568 1720 1628 zufrieden
1762 1566 1854 1626 unter
1881 1566 1968 1626 ihrem
2020 1565 2169 1625 Scepter
2195 1566 2283 1626 sehen

1288 1613 1442 1673 könnten.
1487 1610 1563 1670 Se.
1586 1615 1690 1675 Maj.
1713 1615 1812 1675 haben
1851 1614 1900 1674 des
1934 1613 2292 1673 Krongroßjägermei¬

1286 1661 1380 1721 sters,
1407 1658 1538 1718 Fürsten
1571 1659 1797 1719 Chartoryski
1819 1661 1967 1721 Durchl.
1994 1661 2030 1721 an
2068 1662 2120 1722 des
2157 1661 2283 1721 Königs

1285 1703 1341 1763 von
1374 1701 1527 1761 Preussen
1561 1700 1658 1760 Maj.
1677 1703 1747 1763 nach
1780 1703 1901 1763 Berlin
1939 1706 2144 1766 abgesendet.
2196 1708 2284 1768 Man

1285 1744 1443 1804 erwartet
1462 1745 1527 1805 hier
1551 1742 1611 1802 mit
1630 1745 1769 1805 naͤchstem
1816 1745 1867 1805 den
1900 1746 2058 1806 Kastellan
2087 1748 2142 1808 von
2171 1751 2282 1811 Cracau

1290 1792 1349 1852 und
1380 1793 1748 1853 Krongroßfeldherrn,
1772 1794 1832 1854 und
1869 1796 1916 1856 der
1953 1798 2049 1858 Fürst
2080 1799 2291 1859 Lubomirski

1288 1845 1375 1905 wåre
1393 1846 1480 1906 schon
1510 1846 1614 1906 längst
1638 1848 1865 1908 eingetroffen,
1889 1849 1976 1909 wenn
2006 1852 2034 1912 er
2058 1852 2145 1912 nicht
2175 1852 2198 1912 in
2227 1855 2296 1915 eine

1289 1897 1421 1957 schwere
1444 1897 1632 1957 Krankheit
1649 1900 1825 1960 verfallen.
1876 1900 1925 1960 Er
1953 1901 2041 1961 hatte
2064 1903 2130 1963 noch
2158 1903 2213 1963 vor
2236 1904 2290 1964 der

1288 1948 1395 2008 Wahl
1412 1948 1461 2008 des
1489 1948 1885 2008 Kroncandidatenrechts
1918 1951 1966 2011 sich
1999 1953 2080 2013 schon
2119 1954 2173 2014 von
2206 1954 2297 2014 selbst

1287 1999 1448 2059 begeben,
1470 1996 1508 2056 um
1548 1999 1769 2059 dessentwillen
1804 2002 1831 2062 er
1848 2001 1897 2061 sich
1926 2002 2108 2062 anfänglich
2143 2002 2192 2062 bey
2220 2005 2275 2065 dem

1296 2048 1420 2108 Fürsten
1448 2046 1593 2106 Primas
1626 2049 1783 2109 gemeldet
1811 2049 1919 2109 hatte.
1968 2051 2054 2111 Seit
2082 2049 2238 2109 ungefehr
2271 2051 2287 2111 8

1293 2097 1400 2157 Tagen
1428 2094 1531 2154 haben
1564 2094 1606 2154 die
1629 2097 1688 2157 mit
1710 2097 1758 2157 der
1781 2097 1948 2157 Republik
1976 2100 2193 2160 gegenwärtig
2220 2100 2295 2160 aufs

1288 2145 1455 2205 genaueste
1477 2142 1683 2202 verbundene
1710 2145 1792 2205 zwey
1819 2151 2030 2211 benachbarte
2063 2151 2198 2211 Mächte
2226 2151 2295 2211 sehr

1291 2193 1540 2253 nachdrückliche
1567 2193 1837 2253 Vorstellungen,
1864 2199 1917 2259 der
1939 2198 2167 2258 Protestanten
2189 2199 2289 2259 wegen

1286 2240 1312 2300 in
1340 2240 1476 2300 Polen,
1509 2240 1727 2300 eingegeben.
1776 2243 1852 2303 Der
1880 2243 1907 2303 in
1940 2245 2098 2305 rußischen
2131 2249 2288 2309 Diensten

1295 2294 1439 2354 stehende
1462 2291 1807 2351 Generallieutenant,
1831 2297 1928 2357 Fürst
1946 2294 2165 2354 Lubomirski,
2189 2294 2228 2354 ist
2240 2298 2292 2358 auf

1298 2345 1399 2405 einige
1424 2340 1495 2400 Zeit
1514 2339 1567 2399 von
1604 2342 1688 2402 Riga
1712 2347 1766 2407 zum
1809 2345 1928 2405 Besuch
1959 2345 2024 2405 hier
2049 2345 2271 2405 eingetroffen.

1306 2435 1630 2495 Wechsel-Cours
1653 2432 1659 2492 &
1719 2440 1874 2500 Species
1897 2437 1933 2497 d.
1949 2439 1992 2499 4.
2008 2440 2155 2500 Octob.
2171 2446 2288 2506 1764.

1295 2490 1481 2550 Amsterdam
1528 2488 1568 2548 41
1586 2487 1673 2547 Tage
1691 2492 1748 2552 300
1773 2494 1824 2554 gr.

1871 2485 1908 2545 71
1935 2491 2025 2551 Tage
2051 2495 2108 2555 228
2128 2497 2185 2557 gr.

1295 2539 1467 2599 Hamburg
1499 2536 1510 2596 3
1537 2539 1591 2599 W.
1611 2538 1666 2598 130
1691 2544 1746 2604 gr.

1827 2539 1844 2599 6
1875 2539 1933 2599 W.
1952 2539 2010 2599 129
2047 2545 2099 2605 gr.

1294 2584 1403 2644 Berlin

1783 2590 1930 2650 Dantzig
1966 2591 2007 2651 25
2031 2590 2084 2650 pr.
2096 2593 2172 2653 Cto.

1294 2638 1436 2698 Ducaten
1461 2636 1532 2696 neue
1550 2635 1561 2695 8
1586 2637 1621 2697 fl.
1634 2640 1668 2700 28
1687 2646 1740 2706 gr.

1879 2638 2010 2698 Alberts
2027 2643 2124 2703 Taler
2141 2643 2201 2703 127
2223 2643 2277 2703 gr.

1295 2687 1412 2747 Rubel
1431 2685 1491 2745 110
1523 2688 1578 2748 gr.

1777 2689 1832 2749 Alt
1846 2688 1982 2748 Polnisch
2008 2691 2082 2751 Geld
2108 2694 2145 2754 11
2164 2691 2214 2751 pr.
2227 2688 2301 2748 Cto.

1344 2798 1399 2858 Da
1427 2793 1487 2853 mit
1510 2796 1604 2856 diesem
1643 2802 1747 2862 Stück
1781 2804 1820 2864 ein
1859 2805 1958 2865 neues
1981 2802 2130 2862 Quartal
2147 2796 2307 2856 angehet,

1300 2850 1323 2910 so
1348 2844 1466 2904 werden
1496 2847 1543 2907 die
1561 2849 1650 2909 resp.
1669 2850 1911 2910 Interessenten
1947 2852 2084 2912 ersuchet
2108 2849 2179 2909 ihre
2215 2847 2309 2907 Prä¬

1296 2894 1536 2954 nummeration
1570 2900 1630 2960 mit
1650 2903 1663 2963 2
1690 2903 1750 2963 Fl.
1770 2903 2010 2963 einzuschicken.
