2479 3508
236 350 397 410 Schweif
418 346 518 406 hatte,
533 343 593 403 und
621 342 701 402 nicht
715 342 802 402 allein
830 345 890 405 jede
911 345 1167 405 Privatperson,
1181 341 1241 401 son¬

236 398 312 458 dern
340 397 411 457 auch
440 394 489 454 die
506 391 671 451 Englische
699 393 880 453 Cavallerie
903 392 991 452 ritten
1019 389 1139 449 Pferde
1162 389 1244 449 ohne

237 444 453 504 Schwänze,
475 441 639 501 worinnen
676 440 712 500 sie
740 440 792 500 sich
824 443 882 503 von
920 443 1035 503 andern
1073 440 1241 500 Nationen

241 491 501 551 unterschieden.
547 490 626 550 Itzt
650 491 722 551 aber
746 491 842 551 haben
882 490 955 550 Se.
972 491 1074 551 Maj.
1092 490 1232 550 befohlen

241 545 301 605 daß
323 542 379 602 ins
401 542 545 602 künftige
573 541 628 601 alle
651 542 867 602 Regimenter
895 539 949 599 der
978 539 1255 599 Großbrittanni¬

242 594 326 654 schen
363 591 548 651 Cavallerie
575 591 849 651 (ausgenommen
886 588 933 648 die
965 586 1086 646 leichten
1119 588 1239 648 Drago

237 643 317 703 ner)
338 640 393 700 auf
414 640 514 700 keinen
545 640 661 700 andern
692 639 833 699 Pferden
864 637 960 697 reiten
996 637 1112 697 solten,
1127 637 1172 697 als
1198 636 1253 696 auf

245 691 380 751 solchen,
402 691 516 751 welche
549 688 619 748 ihre
652 688 771 748 völlige
804 688 994 748 Schwänze
1022 685 1146 745 haben,
1173 685 1254 745 ohne

238 739 292 799 daß
320 742 373 802 der
396 740 553 800 geringste
576 736 679 796 Theil
696 736 799 796 davon
822 736 1051 796 abgeschnitten
1084 735 1149 795 sey.
1171 733 1252 793 Das

243 789 359 849 hiesige
387 786 753 846 Kriegscommissariat
770 786 825 846 hat
848 786 941 846 daher
964 786 1041 846 allen
1064 784 1247 844 denjenigen

242 837 358 897 welche
380 837 598 897 Stuttereyen
631 836 731 896 haben
774 834 832 894 und
859 837 1172 897 Pferdelieferanten
1210 831 1263 891 für

244 888 298 948 die
321 885 458 945 Königl.
481 885 597 945 Armee
619 885 702 945 sind,
719 885 812 945 dieses
835 885 912 945 kund
934 885 1066 945 gethan.
1111 882 1249 942 Neulich

246 937 284 997 ist
307 936 389 996 Herr
417 934 527 994 Georg
556 934 671 994 Kirton
699 933 732 993 zu
766 935 931 995 Oxnohall
960 934 1086 994 unweit
1109 930 1208 990 Rhet
1225 928 1252 988 in

246 987 301 1047 der
329 981 523 1041 Grafschaft
546 984 645 1044 Yorck
668 981 690 1041 im
735 981 862 1041 125sten
896 983 985 1043 Jahr
1008 983 1190 1043 gestorben.
1218 976 1262 1036 Er

249 1031 323 1091 ritte
353 1028 404 1088 bis
433 1028 484 1088 ins
508 1025 600 1085 80ste
624 1025 710 1085 Jahr
739 1027 796 1087 auf
820 1026 871 1086 die
901 1028 1079 1088 Fuchsjagd
1115 1024 1171 1084 und
1207 1022 1258 1082 bis
1300 1024 1374 1084 den,
1398 1025 1455 1085 mit
1473 1025 1524 1085 dem
1565 1023 1604 1083 ein
1635 1022 1732 1082 Theil
1750 1022 1807 1082 von
1836 1025 1928 1085 dessen
1952 1028 2090 1088 Bagage
2114 1034 2194 1094 schon
2223 1034 2274 1094 zum

247 1078 301 1138 ins
332 1073 432 1133 100te
453 1073 654 1133 beschäftigte
675 1072 704 1132 er
730 1070 775 1130 sich
811 1070 870 1130 auf
896 1073 981 1133 einem
1027 1075 1258 1135 einspännigen

247 1125 374 1185 Wagen
406 1123 469 1183 mit
491 1121 659 1181 Treibung
686 1121 733 1181 des
760 1118 892 1178 Fuchses
919 1121 977 1181 aus
1009 1121 1109 1181 seinem
1157 1118 1268 1178 Loche.

249 1225 429 1285 Liebhaber
452 1221 508 1281 von
542 1222 592 1282 der
616 1219 801 1279 Bouteille.
835 1222 953 1282 Seine
971 1219 1038 1279 sehr
1061 1216 1263 1276 ansehnliche
1298 1217 1336 1277 am
1377 1216 1444 1276 4ten
1472 1216 1506 1276 um
1546 1216 1765 1276 Mitternacht
1788 1219 1855 1279 eine
1884 1219 1979 1279 große
1997 1222 2239 1282 Feuersbrunst
2262 1222 2289 1282 in

249 1278 314 1338 und
342 1276 403 1336 fast
426 1273 492 1333 drey
520 1273 764 1333 Jahrhundert
781 1270 835 1330 bey
864 1270 918 1330 der
942 1270 1079 1330 Familie
1103 1267 1268 1327 gebliebne

255 1325 369 1385 Güter
393 1324 480 1384 fallen
509 1324 543 1384 an
573 1322 671 1382 seinen
700 1322 827 1382 Sohn,
850 1324 937 1384 einen
972 1322 1163 1382 berühmten
1192 1318 1267 1378 Arzt

257 1376 285 1436 in
320 1377 445 1437 Yarm.

506 1418 698 1478 Genua,
724 1419 782 1479 vom
828 1419 892 1479 17.
918 1422 1001 1482 Jul.

302 1469 370 1529 Aus
402 1467 582 1527 Salerno,
609 1469 656 1529 der
678 1470 879 1530 Hauptstadt
906 1470 932 1530 im
970 1467 1155 1527 Principato
1187 1464 1261 1524 citra

255 1521 285 1581 im
327 1520 518 1580 Königreich
544 1518 709 1578 Neapolis
741 1518 818 1578 wird
850 1515 994 1575 folgende
1021 1515 1268 1575 unmenschliche

255 1569 444 1629 Geschichte
477 1566 645 1626 berichtet.
725 1566 1009 1626 Unterschiedliche
1047 1567 1168 1627 Kinder
1200 1565 1257 1625 aus

260 1617 349 1677 einem
390 1614 516 1674 unweit
537 1613 702 1673 gedachter
723 1616 833 1676 Stadt
859 1616 1004 1676 gelegnen
1036 1615 1130 1675 Dorf
1156 1613 1256 1673 waren

257 1661 286 1721 in
322 1664 382 1724 das
408 1663 477 1723 Feld
508 1661 694 1721 gegangen.
745 1659 820 1719 Sie
846 1660 961 1720 gingen
997 1661 1072 1721 aber
1103 1659 1268 1719 verloren.

254 1706 303 1766 Es
338 1706 500 1766 ereignete
530 1705 608 1765 sich,
633 1705 686 1765 daß
721 1703 775 1763 von
815 1703 996 1763 ohngefähr
1031 1703 1075 1763 ein
1100 1703 1198 1763 Hund
1233 1703 1257 1763 in

259 1754 307 1814 ein
342 1751 483 1811 gewisses
508 1748 713 1808 Bauerhaus
738 1748 815 1808 lief,
845 1748 903 1808 und
933 1747 1001 1807 nach
1036 1746 1123 1806 einer
1153 1743 1255 1803 kurzen
1300 1746 1349 1806 ten
1379 1747 1701 1807 Generallandtages
1726 1747 1789 1807 noch
1818 1748 1901 1808 nicht
1926 1748 2057 1808 erfüllet
2082 1751 2204 1811 werden
2234 1752 2307 1812 kön¬

262 1802 354 1862 Zeit,
383 1800 446 1860 mit
464 1797 544 1857 einem
592 1795 655 1855 Fuß
685 1796 736 1856 von
766 1797 852 1857 einem
887 1796 997 1856 Kinde
1015 1796 1043 1856 im
1084 1796 1194 1856 Maul
1217 1793 1274 1853 ha¬

261 1852 371 1912 bend,
399 1849 620 1909 herauskam,
648 1848 675 1908 so
704 1846 758 1906 von
792 1849 874 1909 einen
908 1849 985 1909 alten
1019 1847 1135 1907 Bauer
1163 1846 1273 1906 wahr¬

266 1903 454 1963 genommen
482 1900 616 1960 wurde,
639 1899 768 1959 welcher
801 1899 822 1959 in
866 1900 914 1960 der
942 1900 1049 1960 Stille
1077 1899 1130 1959 zum
1174 1897 1271 1957 Syn¬

261 1954 330 2014 dico
352 1954 455 2014 ging,
483 1953 542 2013 und
575 1951 628 2011 ihm
672 1949 769 2009 dieses
802 1951 992 2011 berichtete.
1035 1948 1110 2008 Der
1139 1948 1273 2008 Syndi¬

260 2005 318 2065 cus
350 2004 408 2064 ließ
446 2001 504 2061 das
536 2002 742 2062 Bauerhaus
775 2002 976 2062 umringen,
1019 1999 1167 2059 woselbst
1194 1999 1262 2059 man

261 2057 282 2117 4
315 2049 557 2109 Kinderräuber
580 2049 681 2109 fand,
709 2048 768 2108 und
796 2047 822 2107 in
850 2049 995 2109 Verhaft
1012 2047 1157 2107 brachte.
1206 2045 1276 2105 Un¬

263 2100 309 2160 ter
330 2100 428 2160 diesen
454 2097 469 2157 4
495 2099 562 2159 war
594 2099 640 2159 ein
671 2099 785 2159 junger
811 2097 935 2157 Bursch
966 2099 1023 2159 von
1055 2098 1090 2158 18
1127 2094 1276 2154 Jahren,

266 2151 397 2211 welcher
424 2148 545 2208 sogleich
572 2148 751 2208 bekannte,
779 2148 831 2208 daß
858 2148 894 2208 sie
921 2148 969 2208 die
996 2145 1117 2205 Kinder
1144 2145 1165 2205 im
1207 2145 1275 2205 Fel¬

265 2200 300 2260 de
332 2197 585 2257 aufgefangen,
617 2195 709 2255 solche
735 2196 808 2256 nach
839 2196 937 2256 Haus
973 2196 999 2256 in
1036 2194 1123 2254 einen
1160 2193 1268 2253 Keller

269 2245 441 2305 geführet,
474 2240 683 2300 ordentlicher
716 2240 823 2300 Weise
846 2246 1050 2306 geschlachtet
1077 2243 1104 2303 in
1142 2242 1265 2302 Stücke
1309 2242 1411 2302 mocht
1433 2240 1551 2300 werden
1584 2240 1686 2300 kann,
1714 2240 1751 2300 ist
1773 2240 1891 2300 daraus
1919 2243 2166 2303 abzunehmen,
2188 2246 2241 2306 daß
2269 2246 2306 2306 sie

269 2292 457 2352 zerhauen,
484 2288 597 2348 täglich
630 2285 689 2345 von
722 2288 818 2348 diesem
862 2294 969 2354 Fleisch
1007 2291 1190 2351 gebraten,
1218 2293 1271 2353 ge=
1309 2294 1400 2354 allein
1439 2291 1492 2351 den
1536 2288 1643 2348 König
1681 2291 1740 2351 und
1778 2291 1859 2351 sonst
1892 2291 2085 2351 niemanden
2129 2291 2182 2351 vor
2210 2294 2295 2354 ihren

268 2344 382 2404 kocht,
406 2339 463 2399 und
493 2336 705 2396 tyrannischer
729 2339 832 2399 Weise
856 2344 1000 2404 gefressen
1029 2342 1156 2402 hätten.

423 2387 502 2447 Aus
534 2384 619 2444 einem
668 2384 790 2444 Briefe
823 2388 881 2448 aus
914 2393 1111 2453 Virginien,

621 2432 682 2492 vom
735 2435 802 2495 20.
828 2440 926 2500 Jun.

318 2486 367 2546 Es
395 2485 550 2545 erhellet,
578 2482 627 2542 daß
656 2482 721 2542 man
750 2485 888 2545 Willens
916 2488 1009 2548 war,
1038 2488 1181 2548 Sclaven
1215 2488 1270 2548 aus

269 2541 331 2601 uns
358 2539 384 2599 zu
422 2537 574 2597 machen,
596 2533 659 2593 und
691 2530 748 2590 daß
781 2533 828 2593 die
855 2539 1028 2599 Kaufleute
1055 2536 1081 2596 in
1119 2536 1266 2596 England

272 2593 323 2653 sich
347 2589 456 2649 solches
480 2587 560 2647 ihres
589 2584 693 2644 eignen
723 2581 860 2641 Intresse
878 2587 982 2647 halben
1006 2587 1132 2647 gefallen
1156 2587 1277 2647 ließen.

268 2640 373 2700 Allein
404 2635 462 2695 wir
486 2635 621 2695 hoffen,
645 2632 703 2692 daß
734 2629 898 2689 gedachter
922 2638 1022 2698 Zweck
1052 2636 1134 2696 nicht
1164 2635 1269 2695 werde

270 2687 411 2747 erhalten
442 2684 588 2744 werden.
637 2682 707 2742 Die
731 2679 1045 2739 Nothwendigkeit,
1069 2685 1116 2745 die
1140 2685 1269 2745 Mutter

266 2736 322 2796 der
340 2733 549 2793 Erfindung,
584 2733 669 2793 wird
697 2731 759 2791 uns
799 2727 980 2787 anreitzen,
1003 2737 1059 2797 für
1089 2736 1150 2796 uns
1185 2736 1275 2796 selbst

272 2789 302 2849 zu
334 2784 494 2844 arbeiten.

464 2829 786 2889 Gothenburg,
818 2826 874 2886 vom
920 2828 982 2888 31.
1008 2834 1095 2894 Jul.

314 2879 423 2939 Unsre
458 2880 638 2940 Handlung
673 2882 747 2942 nach
783 2874 939 2934 England
974 2876 1014 2936 ist
1039 2879 1136 2939 dieses
1178 2879 1269 2939 Jahr

268 2933 463 2993 wichtiger,
493 2933 545 2993 als
570 2933 711 2993 jemals.
771 2930 818 2990 Am
871 2927 978 2987 21sten
1014 2930 1108 2990 Julii
1138 2930 1197 2990 sind
1233 2930 1273 2990 13

1270 339 1402 399 Schiffe
1422 345 1560 405 zugleich
1586 345 1845 405 angekommen,
1871 342 1908 402 um
1947 342 2034 402 Eisen
2066 342 2123 402 und
2149 345 2280 405 Bretter

1283 394 1313 454 zu
1339 390 1449 450 holen.

1500 440 1766 500 Warschau,
1791 443 1840 503 den
1878 443 1945 503 19.
1971 441 2063 501 Aug.

1330 483 1456 543 Dieser
1480 491 1589 551 Tagen
1614 491 1734 551 erhielt
1759 491 1807 551 der
1838 491 1952 551 hiesige
1976 491 2109 551 Päbstl.
2128 489 2284 549 Nuntius

1283 539 1339 599 von
1371 536 1474 596 seinem
1516 539 1598 599 Hofe
1625 541 1665 601 ein
1697 539 1795 599 Breve
1816 539 2053 599 apostolicum,
2080 539 2209 599 welches
2235 540 2281 600 sich

1281 586 1340 646 auf
1367 586 1416 646 die
1449 589 1659 649 Ceremonien
1693 589 1746 649 der
1768 589 1930 649 künftigen
1964 590 2104 650 Königl.
2121 589 2283 649 Krönung

1281 635 1438 695 beziehet.
1488 634 1563 694 Von
1591 638 1645 698 der
1667 640 1841 700 Türkschen
1869 638 1999 698 Grenze
2021 640 2081 700 hat
2098 642 2200 702 man,
2228 640 2282 700 daß

1292 685 1335 745 sich
1369 682 1424 742 der
1452 686 1546 746 Fürst
1574 688 1779 748 Radziwill,
1802 688 1968 748 Woywod
1997 688 2051 748 von
2091 691 2229 751 Wilda,
2257 691 2284 751 zu

1288 730 1404 790 Chotim
1448 733 1543 793 krank
1559 737 1719 797 befindet.
1746 736 1814 796 Die
1831 736 2038 796 Kronarmee
2060 739 2112 799 von
2145 739 2193 799 der
2220 739 2304 799 Vol¬

1286 782 1448 842 hynischen
1477 784 1628 844 Division
1661 786 1716 846 hat
1738 784 1786 844 sich
1814 784 1906 844 unter
1929 784 1982 844 das
2010 789 2211 849 Commando
2239 790 2287 850 des

1286 834 1416 894 Fürsten
1449 834 1650 894 Woywoden
1678 834 1737 894 von
1765 834 1923 894 Rußland
1951 837 2298 897 General=Kronregi¬

1285 882 1446 942 mentarii
1462 883 1619 943 begeben.
1665 884 1741 944 Aus
1772 884 1893 944 Cracau
1924 885 2000 945 wird
2036 885 2091 945 vom
2132 886 2203 946 4ten
2239 885 2299 945 die¬

1291 932 1332 992 ses
1360 933 1539 993 gemeldet,
1561 932 1613 992 daß
1646 930 1698 990 von
1725 933 1846 993 dannen
1879 933 1926 993 der
1947 936 2042 996 Fürst
2064 936 2201 996 Bischof
2228 936 2286 996 von

1293 978 1412 1038 Cracau
1445 980 1514 1040 nach
1542 978 1710 1038 Warschau
1738 979 1916 1039 abzureisen
1954 983 1981 1043 im
2025 985 2149 1045 Begrif
2177 987 2300 1047 gestan¬

1288 1070 1416 1130 voraus
1443 1070 1670 1130 abgegangen.
1717 1067 1789 1127 Der
1815 1067 1882 1127 Hr.
1903 1073 2229 1133 Krongroßfeldherr
2250 1079 2301 1139 be¬

1298 1118 1408 1178 fanden
1441 1118 1488 1178 sich
1515 1118 1584 1178 noch
1611 1118 1637 1178 zu
1669 1118 1785 1178 Lublow
1828 1117 1859 1177 in
1897 1117 1944 1177 der
1966 1118 2076 1178 Zipser
2103 1124 2304 1184 Starostey.

248 1173 297 1233 Er
320 1173 385 1233 war
419 1172 468 1232 bis
502 1172 540 1232 10
580 1172 673 1232 Jahr
707 1171 762 1231 vor
795 1170 894 1230 seinem
934 1169 1027 1229 Ende
1056 1169 1099 1229 ein
1144 1168 1259 1228 grosser
1299 1166 1376 1226 Aus
1404 1166 1509 1226 Posen
1548 1166 1625 1226 wird
1653 1166 1708 1226 vom
1758 1166 1852 1226 10ten
1885 1169 2057 1229 berichtet,
2085 1169 2139 1229 daß
2173 1172 2305 1232 daselbst

1298 1268 1348 1328 der
1383 1269 1586 1329 Judenstadt
1610 1268 1830 1328 entstanden,
1870 1270 1932 1330 und
1961 1270 2022 1330 298
2063 1273 2300 1333 Judenhäuser

1298 1321 1513 1381 eingeäschert
1530 1320 1678 1380 worden,
1707 1319 1750 1379 die
1773 1321 1794 1381 in
1823 1320 1872 1380 der
1900 1321 2005 1381 Mitte
2027 1324 2215 1384 gestandene
2232 1324 2303 1384 Do¬

1294 1372 1582 1432 minicanerkirche
1610 1369 1670 1429 und
1699 1372 1821 1432 Kloster
1855 1370 1887 1430 ist
1916 1372 2048 1432 dennoch
2082 1375 2225 1435 glücklich
2254 1375 2303 1435 ge¬

1295 1422 1387 1482 rettet
1405 1422 1561 1482 worden;
1584 1419 1694 1479 woher
1729 1419 1804 1479 diese
1828 1422 2065 1482 Feuersbrunst
2095 1425 2302 1485 entstanden,

1291 1472 1371 1532 kann
1398 1473 1467 1533 man
1494 1470 1541 1530 bis
1569 1469 1637 1529 dato
1665 1470 1744 1530 nicht
1766 1467 1893 1527 wissen.

1561 1518 1736 1578 Thorn,
1771 1521 1825 1581 den
1860 1520 1920 1580 10.
1948 1521 2035 1581 Aug.

1345 1564 1398 1624 Es
1423 1566 1602 1626 entspinnet
1627 1568 1674 1628 sich
1699 1566 1765 1626 hier
1789 1567 1855 1627 eine
1880 1568 2161 1628 Conföderation,
2186 1569 2294 1629 welche

1291 1616 1342 1676 der
1369 1616 1550 1676 Woywode
1577 1613 1628 1673 von
1660 1613 1862 1673 Pomerellen
1894 1616 2122 1676 Mostowski,
2144 1617 2309 1677 errichtet,

1292 1661 1439 1721 zwischen
1468 1661 1597 1721 welchem
1640 1661 1697 1721 und
1726 1659 1774 1719 dem
1823 1658 1922 1718 Lande
1947 1661 1989 1721 ein
2018 1661 2180 1721 Vergleich
2214 1663 2300 1723 zwar

1300 1701 1481 1761 getroffen,
1506 1703 1581 1763 aber
1601 1700 1706 1760 wegen
1735 1703 1787 1763 des
1822 1703 1931 1763 seitdem
1985 1705 2051 1765 noch
2085 1706 2171 1766 nicht
2191 1706 2310 1766 erfolg¬

1297 1797 1379 1857 nen.
1427 1799 1615 1859 Gedachter
1633 1798 1798 1858 Woywod
1823 1799 1881 1859 hat
1899 1799 1946 1859 sich
1970 1799 2022 1859 zum
2064 1803 2305 1863 Generalmar¬

1299 1849 1391 1909 schall
1415 1849 1467 1909 der
1496 1852 1710 1912 Preußischen
1746 1850 2001 1910 Conföderation
2036 1852 2210 1912 ernennet,
2234 1857 2297 1917 und

1299 1900 1336 1960 ist
1358 1901 1406 1961 der
1429 1902 1818 1962 Generalconföderation
1851 1900 1905 1960 von
1933 1903 2057 1963 Pohlen
2090 1906 2306 1966 beygetreten,

1299 1951 1337 2011 da
1366 1951 1431 2011 doch
1460 1951 1576 2011 sonsten
1604 1954 1654 2014 für
1683 1951 1726 2011 sich
1755 1951 1805 2011 die
1827 1951 1983 2011 Preußen
2016 1951 2066 2011 sich
2094 1953 2127 2013 zu
2161 1954 2310 2014 conföde¬

1301 2002 1385 2062 riren
1417 2002 1559 2062 pflegen,
1575 2002 1638 2062 auch
1670 2002 1781 2062 solches
1808 2002 1892 2062 nicht
1909 2002 2045 2062 anders,
2062 2001 2108 2061 als
2135 2001 2188 2061 auf
2204 2002 2283 2062 einem

1304 2051 1611 2111 Generallandtage
1634 2051 1795 2111 geschehen
1818 2049 1920 2109 kann.
1969 2049 2028 2109 So
2050 2049 2115 2109 viel
2137 2049 2174 2109 ist
2191 2051 2309 2111 gewiß,

1303 2097 1359 2157 daß
1386 2100 1432 2160 die
1448 2098 1571 2158 Städte
1598 2097 1644 2157 als
1665 2097 1845 2157 Mitstände
1867 2099 1918 2159 des
1939 2099 2058 2159 Landes
2084 2099 2135 2159 nie
2157 2100 2192 2160 an
2219 2100 2301 2160 einer

1303 2145 1562 2205 Conföderation
1600 2142 1705 2202 Theil
1732 2145 1891 2205 nehmen.
1939 2148 1992 2208 In
2029 2148 2092 2208 wie
2124 2148 2198 2208 weit
2230 2151 2304 2211 auch

1298 2193 1490 2253 überhaupt
1511 2192 1555 2252 die
1576 2190 1728 2250 Provinz
1754 2192 1820 2252 jetzo
1846 2193 1901 2253 von
1937 2196 2103 2256 jemanden
2139 2199 2210 2259 dazu
2241 2200 2311 2260 ver¬

1300 2345 1415 2405 Herrn
1439 2336 1613 2396 erkennet,
1637 2339 1694 2399 und
1723 2342 1839 2402 jetziger
1863 2342 1938 2402 Zeit
1956 2342 2002 2402 die
2026 2342 2309 2402 Majestätsrechte

1309 2394 1366 2454 auf
1390 2395 1436 2455 die
1460 2387 1611 2447 Provinz
1629 2390 1757 2450 zurücke
1781 2390 1890 2450 fallen.

1335 2491 1660 2551 Wechsel-Cours
1685 2491 1696 2551 6
1747 2496 1890 2556 Specier
1917 2494 1952 2554 d.
1977 2497 2048 2557 23.
2074 2500 2302 2560 Aug.1764.

1899 2540 1943 2600 71
1962 2547 2050 2607 Tage
2075 2552 2207 2612 303gr.

1306 2548 1493 2608 Amsterdam
1531 2543 1575 2603 41
1594 2542 1681 2602 Tage
1700 2551 1762 2611 305
1782 2550 1831 2610 gr.

1308 2599 1483 2659 Hamburg
1518 2595 1523 2655 3
1552 2593 1605 2653 W.
1627 2598 1687 2658 133
1715 2600 1761 2660 gr.

1853 2595 1871 2655 6
1897 2594 1959 2654 W.
1984 2600 2046 2660 132
2071 2600 2127 2660 gr.

1309 2646 1419 2706 Berlin

1790 2643 1945 2703 Dantzig

1312 2695 1450 2755 Ducaten
1476 2688 1551 2748 neue
1571 2690 1576 2750 9
1608 2695 1639 2755 fl.
1652 2698 1658 2758 8
1678 2701 1727 2761 gr.

1867 2694 1994 2754 Alberts
2013 2694 2111 2754 Taler
2129 2694 2187 2754 130
2211 2694 2262 2754 gr.

1788 2745 1842 2805 Alt
1855 2745 1997 2805 Polnisch
2022 2745 2095 2805 Geld
2121 2745 2151 2805 13
2176 2742 2225 2802 pr.
2244 2739 2317 2799 Cto.

1311 2744 1423 2804 Rubel
1448 2742 1507 2802 114
1537 2743 1583 2803 gr.

1311 2851 1408 2911 Diese
1420 2849 1558 2909 Gelehrte
1582 2850 1633 2910 und
1657 2852 1819 2912 Politische
1843 2852 1963 2912 Zeitung
1993 2849 2061 2909 wird
2085 2847 2131 2907 des
2154 2847 2286 2907 Montag

1415 2890 1473 2950 und
1505 2893 1647 2953 Freytags
1675 2893 1695 2953 in
1722 2891 1764 2951 dem
1807 2893 1997 2953 Kanterschen
2030 2888 2203 2948 Buchladen

1697 2935 1916 2995 ausgegeben.
