2479 3508
525 1233 654 1293 65tes
703 1232 865 1292 Stück.
923 1228 1149 1288 Freytag,
1182 1219 1247 1279 den
1297 1219 1377 1279 14.
1419 1214 1669 1274 September
1711 1216 1856 1276 1764.

593 1306 749 1366 Halle.

330 1366 443 1426 Joh.
469 1363 651 1423 Friedr.
677 1355 941 1415 Joachims,
974 1347 1169 1407 öffentlichen

189 1396 301 1456 .
323 1413 561 1473 Vordentlichen
593 1406 727 1466 Lehrers
748 1404 799 1464 der
820 1399 1006 1459 Geschichte
1029 1396 1058 1456 zu
1080 1393 1182 1453 Halle

166 1467 371 1527 *historische
393 1461 609 1521 Abhandlung
632 1455 687 1515 von
715 1454 769 1514 dem
804 1449 964 1509 Ursprung
993 1447 1042 1507 des
1059 1440 1180 1500 Wahl¬

169 1515 298 1575 rechts
320 1518 346 1578 in
374 1515 422 1575 dem
466 1509 654 1569 Königreich
683 1503 844 1563 Pohlen,
877 1500 941 1560 und
974 1494 1071 1554 dessen
1109 1488 1179 1548 bis¬

191 1569 320 1629 herigen
353 1564 521 1624 Gebrauch
549 1558 607 1618 mit
630 1556 678 1616 der
700 1556 759 1616 auf
776 1552 829 1612 dem
873 1548 959 1608 Titel
987 1543 1165 1603 gestochnen

164 1617 565 1677 Krönungs=Medaille
583 1610 634 1670 des
664 1605 821 1665 hochseel.
845 1599 996 1659 Königes
1031 1596 1054 1656 in
1083 1593 1181 1653 Poh¬

169 1665 243 1725 2len
273 1672 307 1732 ist
325 1670 353 1730 in
383 1670 475 1730 diesem
516 1664 609 1724 Jahr
633 1658 765 1718 daselbst
783 1655 840 1715 auf
864 1651 899 1711 12
928 1647 1044 1707 Bogen
1073 1646 1101 1706 in
1125 1643 1182 1703 gr.

162 1715 258 1775 8vo
283 1724 306 1784 in
331 1724 421 1784 Joh.
440 1721 525 1781 Jac.
544 1715 640 1775 Curts
665 1712 785 1772 Verlag
810 1703 1143 1763 herausgekommen.

173 1775 251 1835 Der
280 1775 364 1835 Herr
387 1771 556 1831 Professor
585 1763 698 1823 führet
721 1761 788 1821 hier
817 1757 900 1817 einen
935 1754 1042 1814 kurzen
1076 1751 1166 1811 Inbe

168 1824 237 1884 grif
259 1822 311 1882 von
338 1819 412 1879 allen
445 1814 705 1874 Königswahlen
737 1808 800 1868 sehr
822 1805 986 1865 gründlich
1014 1801 1093 1861 aus,
1114 1799 1172 1859 und

174 1871 257 1931 sucht
282 1865 341 1925 aus
377 1862 425 1922 den
460 1857 652 1917 wichtigsten
687 1848 884 1908 pohlnischen
914 1843 1174 1903 Schriftstellern

175 1915 386 1975 barzuthun,
413 1907 466 1967 daß
498 1905 545 1965 die
567 1900 693 1960 Pohlen
726 1893 772 1953 sich
800 1891 852 1951 des
879 1888 1085 1948 Wahlrechts
1117 1884 1174 1944 nur

175 1969 241 2029 sehr
264 1964 381 2024 selten,
410 1956 470 2016 und
499 1949 593 2009 dieses
616 1944 789 2004 besonders
812 1939 834 1999 im
873 1933 1035 1993 Nothfall
1058 1933 1129 1993 oder
1147 1930 1179 1990 zu

175 2021 294 2081 neuern
333 2008 436 2068 Zeiten
474 1999 648 2059 bedienet,
681 1993 800 2053 sonsten
839 1987 909 2047 aber
942 1981 1181 2041 mehrentheils

175 2072 224 2132 die
247 2061 402 2121 Erbfolge
426 2052 497 2112 statt
526 2047 631 2107 finden
665 2043 776 2103 laßen.
832 2037 881 2097 Es
915 2034 1082 2094 versichern
1116 2027 1176 2087 uns

176 2119 275 2179 dieses
303 2110 353 2170 die
375 2103 569 2163 pohlnischen
603 2093 919 2153 Geschichtschreiber
953 2084 1007 2144 von
1041 2081 1090 2141 dem
1135 2077 1185 2137 Le¬

176 2170 252 2230 chus
275 2163 335 2223 und
369 2157 467 2217 seinem
512 2149 738 2209 Geschlechte,
772 2139 964 2199 desgleichen
998 2134 1069 2194 auch
1103 2130 1158 2190 vom

176 2216 333 2276 Cracus,
367 2208 426 2268 und
465 2202 557 2262 dessen
596 2198 732 2258 Tochter
760 2192 918 2252 Wenda,
957 2186 1071 2246 welche
1104 2181 1180 2241 nach

175 2269 262 2329 ihrem
306 2261 437 2321 Bruder
460 2255 573 2315 Lechus
607 2249 661 2309 dem
700 2240 847 2300 Zweyten
885 2240 940 2300 den
973 2232 1174 2292 pohlnischen

178 2318 293 2378 Thron
322 2307 498 2367 bestiegen.
520 2299 630 2359 Lescus
658 2295 708 2355 der
725 2291 852 2351 Zweyte
875 2290 924 2350 kam
963 2285 1017 2345 zum
1057 2281 1183 2341 Thron,

181 2371 244 2431 und
268 2369 319 2429 ihm
360 2357 475 2417 folgten
505 2350 586 2410 seine
604 2340 847 2400 Nachkommen
876 2340 922 2400 bis
952 2335 1003 2395 auf
1033 2333 1084 2393 den
1114 2327 1183 2387 Pa=

183 2421 286 2481 pielus
316 2414 368 2474 den
392 2405 571 2465 Zweyten,
595 2393 646 2453 der
676 2390 727 2450 den
757 2393 884 2453 Schluß
920 2389 942 2449 in
984 2383 1076 2443 diesem
1117 2375 1186 2435 Ge=

180 2467 326 2527 schlechte
355 2455 491 2515 machte.
543 2444 622 2504 Von
656 2440 707 2500 dem
753 2440 883 2500 Könige
912 2434 1053 2494 Piastus
1088 2426 1121 2486 ist
1150 2426 1183 2486 es

184 2517 256 2577 eine
287 2506 514 2566 ausgemachte
535 2491 669 2551 Sache,
700 2488 756 2548 daß
788 2489 823 2549 er
850 2486 1010 2546 erwählet
1036 2476 1185 2536 worden.

186 2561 270 2621 Sein
305 2554 493 2614 Geschlecht
523 2545 579 2605 hat
602 2541 653 2601 den
688 2536 796 2596 Thron
831 2537 882 2597 bis
917 2534 973 2594 auf
996 2529 1047 2589 den
1077 2527 1184 2587 König

186 2610 329 2670 Casimir
357 2602 411 2662 den
445 2593 582 2653 Großen
616 2584 770 2644 besessen.
831 2589 963 2649 Allein,
996 2576 1178 2636 nunmehro

185 2662 264 2722 wird
298 2655 351 2715 die
372 2649 484 2709 Wahl
505 2643 532 2703 in
566 2638 692 2698 Pohlen
726 2639 913 2699 sichtbarer.
967 2625 1180 2685 Wenigstens

186 2713 296 2773 mußte
323 2702 369 2762 der
396 2695 499 2755 König
527 2689 663 2749 Casimir
685 2684 742 2744 von
769 2685 821 2745 den
848 2685 998 2745 Ständen
1032 2675 1194 2735 erhalten,

190 2768 243 2828 daß
274 2759 341 2819 nach
372 2749 468 2809 seinem
512 2740 675 2800 tödtlichen
712 2733 857 2793 Hintritt
882 2733 979 2793 seiner
1003 2727 1191 2787 Schwester

195 2817 298 2877 Sohn
330 2802 457 2862 Ludwig
489 2795 513 2855 in
538 2791 666 2851 Ungern
703 2784 813 2844 König
844 2781 868 2841 in
905 2784 1033 2844 Pohlen
1065 2776 1192 2836 wurde.

190 2867 288 2927 Unter
314 2859 363 2919 dem
401 2846 599 2906 Uladislaus
625 2839 760 2899 Jagello
787 2834 891 2894 kläret
910 2835 960 2895 sich
985 2833 1028 2893 die
1053 2827 1202 2887 Königs¬

194 2921 288 2981 wahl
309 2913 376 2973 noch
404 2902 492 2962 mehr
513 2898 587 2958 auf.
629 2891 709 2951 Wie
737 2886 825 2946 hätte
853 2885 954 2945 dieser
982 2879 1192 2939 Litthauische

1224 1291 1344 1351 Fürst,
1380 1288 1432 1348 der
1467 1285 1501 1345 an
1542 1285 1675 1345 Pohlen
1716 1284 1820 1344 keinen
1856 1287 1999 1347 Antheil
2023 1288 2133 1348 hatte,
2168 1290 2220 1350 zur

1217 1336 1414 1396 pohlnischen
1440 1333 1548 1393 Krone
1565 1333 1705 1393 kommen
1737 1333 1876 1393 können,
1887 1336 1975 1396 wenn
2002 1336 2116 1396 solches
2142 1339 2225 1399 nicht

1220 1384 1308 1444 durch
1342 1383 1386 1443 die
1409 1381 1519 1441 Wahl
1542 1381 1708 1441 geschehen
1748 1384 1859 1444 wäre?
1899 1384 1981 1444 Hier
2015 1385 2087 1445 aber
2121 1387 2220 1447 finden

1218 1432 1283 1492 doch
1317 1431 1422 1491 einige
1456 1431 1521 1491 noch
1561 1431 1715 1491 Zweifel.
1771 1431 1848 1491 Sie
1876 1431 1975 1491 halten
2015 1434 2136 1494 dafür,
2164 1438 2219 1498 daß

1218 1481 1293 1541 nach
1320 1482 1368 1542 dem
1401 1479 1595 1539 Uladislaus
1623 1482 1752 1542 Jagello
1780 1479 1822 1539 die
1839 1481 2033 1541 Erblichkeit
2050 1484 2076 1544 in
2109 1485 2206 1545 seinem

1224 1533 1343 1593 Stamm
1386 1533 1526 1593 gegolten
1554 1531 1661 1591 habe,
1689 1530 1900 1590 absonderlich
1928 1532 1959 1592 da
1987 1533 2122 1593 Jagello
2155 1533 2214 1593 sein

1219 1584 1363 1644 Erbland
1392 1581 1558 1641 Litthauen
1597 1581 1658 1641 mit
1681 1582 1814 1642 Pohlen
1848 1583 2059 1643 verbunden.
2110 1581 2154 1641 Es
2188 1586 2226 1646 ist

1222 1634 1288 1694 auch
1310 1634 1393 1694 nicht
1416 1634 1622 1694 unbekannt,
1650 1633 1705 1693 daß
1740 1633 1789 1693 die
1817 1631 1944 1691 Könige
1973 1634 2034 1694 aus
2068 1634 2117 1694 dem
2162 1637 2228 1697 Ja=

1224 1688 1425 1748 gellonischen
1455 1685 1564 1745 Hause
1582 1685 1633 1745 sich
1657 1685 1761 1745 Erben
1790 1684 1946 1744 genennet
1969 1685 2090 1745 haben,
2114 1687 2142 1747 ja
2171 1689 2223 1749 der

1222 1739 1323 1799 König
1358 1739 1534 1799 Sigmund
1569 1738 1700 1798 Angust
1729 1736 1819 1796 sogar
1854 1736 1922 1796 nach
1957 1736 2007 1796 der
2036 1739 2218 1799 gänzlichen

1225 1790 1439 1850 Verbindung
1468 1790 1519 1850 des
1543 1788 1877 1848 Großherzogthums
1900 1790 2065 1850 Litthauen
2094 1790 2155 1850 mit
2173 1791 2223 1851 der

1219 1834 1334 1894 Krone
1359 1831 1484 1891 Pohlen
1525 1834 1635 1894 solchen
1671 1834 1766 1894 Titul
1787 1834 1957 1894 geführet.
2008 1835 2087 1895 Wir
2113 1836 2213 1896 wissen

1218 1876 1306 1936 nicht
1331 1876 1443 1936 warum
1488 1877 1536 1937 die
1557 1877 1664 1937 Wahl
1689 1876 1743 1936 des
1773 1876 1841 1936 noch
1876 1876 2023 1936 lebenden
2058 1885 2224 1945 Senioris

1214 1923 1291 1983 aller
1323 1921 1487 1981 gekrönten
1524 1924 1679 1984 Häupter
1705 1923 1730 1983 in
1762 1924 1891 1984 Europa
1928 1922 1989 1982 mit
2010 1930 2227 1990 Stillschwei¬

1217 1973 1268 2033 gen
1299 1969 1500 2029 übergangen
1532 1969 1687 2029 worden?
1718 1969 1764 2029 Am
1801 1971 1888 2031 Ende
1910 1969 1946 2029 ist
1962 1972 2028 2032 noch
2055 1975 2116 2035 eine
2132 1978 2219 2038 kurze

1221 2017 1459 2077 Beschreibung
1487 2017 1535 2077 der
1557 2017 1757 2077 pohlnischen
1785 2020 1947 2080 Krönung
1975 2020 2061 2080 nebst
2078 2024 2131 2084 dem
2175 2027 2229 2087 da¬

1223 2070 1276 2130 bey
1304 2067 1357 2127 von
1390 2064 1444 2124 dem
1494 2066 1585 2126 neuen
1618 2064 1747 2124 Könige
1775 2067 2007 2127 abzulegenden
2046 2070 2126 2130 Eide
2154 2074 2229 2134 hine

1219 2119 1373 2179 zugefügt
1392 2115 1539 2175 worden.
1599 2116 1712 2176 Kostet
1742 2118 1771 2178 in
1808 2118 1854 2178 der
1879 2121 2091 2181 Kanterschen
2123 2124 2228 2184 Buch=

1224 2169 1389 2229 handlung
1425 2166 1544 2226 allhier
1578 2167 1638 2227 wie
1672 2171 1745 2231 auch
1779 2171 1811 2231 in
1847 2172 1972 2232 Elbing
2013 2175 2073 2235 und
2108 2175 2220 2235 Mitau

1230 2226 1241 2286 1
1268 2222 1305 2282 fl.
1325 2218 1362 2278 21
1388 2217 1438 2277 gr.

1368 2321 1451 2381 Das
1492 2327 1708 2387 Lächerliche
1747 2330 1809 2390 des
1848 2333 2026 2393 Stolzes.

1225 2473 1350 2533 Keine
1370 2471 1583 2531 Leidenschaft
1602 2479 1708 2539 stiehlt
1735 2481 1778 2541 sich
1810 2479 2049 2539 unvermerkter
2068 2479 2111 2539 ins
2131 2482 2230 2542 Herz,

1225 2522 1284 2582 und
1322 2522 1457 2582 verstellt
1484 2524 1532 2584 sich
1571 2530 1662 2590 unter
1690 2530 1835 2590 mehrern
1874 2527 2068 2587 Gestalten,
2090 2528 2138 2588 als
2171 2531 2225 2591 der

1227 2572 1345 2632 Stolz.
1391 2573 1458 2633 Ich
1493 2576 1543 2636 für
1578 2581 1696 2641 meinen
1730 2578 1826 2638 Theil
1849 2576 1990 2636 glaube,
2030 2578 2114 2638 wenn
2148 2581 2221 2641 noch

1225 2621 1293 2681 eine
1316 2620 1553 2680 Leidenschaft,
1577 2630 1650 2690 oder
1679 2630 1723 2690 ein
1747 2626 1849 2686 Laster
1878 2623 1939 2683 ist,
1974 2626 2024 2686 dem
2070 2629 2115 2689 ich
2149 2630 2228 2690 ganz

1229 2668 1289 2728 und
1317 2670 1372 2730 gar
1394 2671 1493 2731 fremd
1522 2679 1598 2739 bin:
1627 2679 1654 2739 so
1682 2678 1720 2738 ist
1748 2673 1775 2733 es
1809 2673 1858 2733 der
1886 2673 2002 2733 Stolz.
2058 2676 2234 2736 Wiewohl

1233 2719 1321 2779 selbst
1339 2721 1403 2781 dies
1428 2723 1504 2783 mein
1534 2730 1669 2790 Urtheil
1693 2722 1769 2782 über
1793 2721 1869 2781 mich
1899 2727 2040 2787 kommt,
2070 2727 2228 2787 vielleicht

1230 2772 1288 2832 aus
1315 2772 1406 2832 dieser
1433 2777 1650 2837 verdorbenen
1677 2772 1807 2832 Quelle.

1287 2838 1302 2898 *
1334 2845 1397 2905 S.
1414 2848 1437 2908 im
1478 2852 1580 2912 Engl.
1597 2850 1762 2910 Magazin.

2171 2933 2224 2993 Io
