2479 3508
544 1207 671 1267 69tes
723 1204 884 1264 Stück.
945 1208 1174 1268 Freytag,
1218 1204 1276 1264 den
1329 1204 1404 1264 28.
1448 1204 1703 1264 September
1738 1204 1891 1264 1764.

451 1276 613 1336 Bützow
663 1276 723 1336 und
754 1276 972 1336 Wismar.

202 1328 350 1388 DDie
370 1332 601 1392 Schöpfung,
629 1330 666 1390 ein
693 1327 970 1387 philosophisches
990 1324 1158 1384 Gedicht,
1178 1324 1203 1384 in

214 1380 437 1440 sieben
469 1378 645 1438 Büchern,
666 1377 718 1437 aus
750 1375 796 1435 dem
838 1375 1019 1435 Englischen
1046 1372 1097 1432 des
1119 1369 1206 1429 Hrn.

200 1427 409 1487 „Richard
444 1426 677 1486 Blakmore
706 1422 859 1482 übersetzt
883 1422 939 1482 von
979 1422 1070 1482 Joh.
1093 1419 1201 1479 Franz

201 1474 279 1534 „von
304 1479 466 1539 Palthen,
485 1476 533 1536 B.
558 1476 605 1536 R.
624 1474 678 1534 L.,
703 1472 847 1532 Königl.
866 1470 1108 1530 Schwedischen
1139 1464 1211 1524 Ju=

204 1529 411 1589 „stitzrathe,
435 1527 488 1587 des
513 1524 655 1584 Königl.
667 1523 767 1583 hohen
798 1521 987 1581 Tribunals
1011 1518 1123 1578 Fiskal
1142 1515 1200 1575 und

206 1581 410 1641 „Anwalde,
441 1578 500 1638 und
525 1575 572 1635 der
603 1575 741 1635 Königl.
760 1572 910 1632 deutschen
941 1566 1151 1626 Gesellschaft
1170 1565 1193 1625 zu

207 1631 461 1691 „Greifswalde
494 1625 692 1685 Mitgliede.
725 1625 782 1685 gr.
802 1625 891 1685 8vo,
917 1622 1032 1682 1764,
1064 1617 1108 1677 17
1141 1615 1198 1675 und

664 1676 786 1736 Denen
825 1672 967 1732 Lesern,
993 1670 1037 1730 die
1077 1667 1127 1727 sich
1167 1667 1198 1727 an

209 1685 246 1745 "1
290 1685 401 1745 halber
433 1681 576 1741 Bogen.

198 1740 381 1800 Youngs
411 1733 683 1793 Nachtgedanken
725 1730 825 1790 müde
855 1725 1056 1785 bewundert
1087 1721 1186 1781 haben

200 1787 377 1847 empfehlen
420 1784 478 1844 wir
508 1781 579 1841 hier
609 1781 650 1841 ein
686 1781 810 1841 neues,
840 1779 929 1839 gleich
959 1777 1047 1837 gutes
1078 1773 1207 1833 Lehrge¬

197 1832 308 1892 dicht,
332 1825 509 1885 (wiewohl
529 1825 556 1885 es
589 1822 668 1882 älter
692 1822 757 1882 noch
791 1821 837 1881 als
865 1820 907 1880 die
931 1817 1202 1877 Nachtgedanken

202 1881 260 1941 ist)
282 1875 371 1935 dessen
404 1867 562 1927 Verfasser
590 1865 637 1925 sich
664 1865 727 1925 mit
743 1864 860 1924 Young
892 1862 945 1922 den
972 1858 1099 1918 gleichen
1126 1857 1210 1917 End¬

206 1928 296 1988 zweck
325 1921 494 1981 vorgesetzt
524 1915 630 1975 hatte,
654 1912 789 1972 nämlich
824 1909 874 1969 die
903 1904 1129 1964 Ungläubigen
1169 1900 1196 1960 zu

194 1976 387 2036 bestreiten.
433 1966 484 2026 Es
513 1963 552 2023 ist
576 1961 638 2021 also
667 1963 741 2023 bloß
776 1957 821 2017 ein
856 1956 1066 2016 ungünstiges
1101 1951 1209 2011 Unge¬

199 2029 302 2089 fähr,
326 2023 383 2083 das
412 2018 458 2078 ihn
488 2015 539 2075 den
568 2012 741 2072 Deutschen
770 2008 874 2068 später
897 2005 1035 2065 bekannt
1059 2002 1203 2062 gemacht

200 2078 273 2138 hat.
319 2069 369 2129 Er
394 2067 455 2127 war
479 2064 586 2124 Ritter
610 2061 672 2121 und
695 2060 843 2120 Leibarzt
872 2058 900 2118 zu
935 2057 985 2117 den
1015 2052 1122 2112 Zeiten
1152 2049 1202 2109 der

198 2123 367 2183 englischen
402 2118 542 2178 Königin
571 2115 678 2175 Anne.
707 2112 791 2172 Sein
814 2106 954 2166 Gedicht
972 2103 1090 2163 nimmt
1113 2100 1192 2160 elnen

199 2176 297 2236 hohen
327 2169 526 2229 Schwung,
550 2166 578 2226 es
608 2160 736 2220 vertieft
754 2160 801 2220 sich
830 2160 905 2220 weit
930 2159 953 2219 in
982 2155 1028 2215 die
1052 2151 1209 2211 Geheim¬

200 2228 276 2288 nisse
306 2223 353 2283 der
383 2217 672 2277 Wissenschaften,
708 2213 737 2273 es
773 2211 949 2271 entwickelt
974 2206 1032 2266 mit
1062 2205 1209 2265 Scharf¬

204 2276 288 2336 sinne
306 2270 556 2330 metaphysische
579 2258 830 2318 Lehrgebäude,
859 2260 920 2320 und
961 2254 1137 2314 entkräftet
1160 2252 1205 2312 die

203 2324 378 2384 Einwürfe
402 2317 617 2377 ungläubiger
641 2306 890 2366 Philosophen.
936 2308 986 2368 Es
1015 2303 1129 2363 müssen
1158 2300 1208 2360 da¬

200 2375 257 2435 her
281 2372 362 2432 schon
397 2370 465 2430 sehr
495 2362 611 2422 geübte
640 2357 727 2417 Leser
756 2359 848 2419 seyn,
878 2360 924 2420 die
953 2357 987 2417 an
1023 2352 1196 2412 demselben

204 2420 394 2480 Geschmack
418 2416 515 2476 finden
545 2408 654 2468 sollen.
695 2408 758 2468 Zur
787 2410 896 2470 Probe
920 2405 1023 2465 wollen
1053 2401 1110 2461 wir
1134 2399 1202 2459 hier

203 2468 271 2528 eine
294 2466 407 2526 Stelle
430 2463 486 2523 aus
509 2458 560 2518 dem
600 2455 735 2515 zweyten
764 2456 877 2516 Buche
900 2453 1103 2513 mittheilen,
1127 2446 1205 2506 wel=

200 2515 254 2575 che
271 2514 362 2574 selbst
379 2509 524 2569 beweisen
562 2503 659 2563 mag,
692 2503 751 2563 wie
779 2509 837 2569 gut
865 2506 913 2566 der
941 2500 1107 2560 Verfasser
1135 2496 1189 2556 den

206 2560 427 2620 Philosophen
456 2556 516 2616 mit
539 2554 588 2614 dem
628 2551 755 2611 Dichter
778 2556 810 2616 zu
839 2554 1005 2614 verbinden
1034 2545 1155 2605 wußte.

302 2605 355 2665 Jhr
376 2605 538 2665 Britten,
567 2601 613 2661 die
634 2599 688 2659 ihr
716 2603 762 2663 die
783 2607 918 2667 Früchte
947 2599 1000 2659 der
1021 2596 1196 2656 Handlung

214 2658 426 2718 'einerndtet,
450 2652 585 2712 wieviel
598 2649 633 2709 ist
657 2649 727 2709 eure
751 2654 851 2714 Insel
875 2654 922 2714 dem
964 2646 1087 2706 Winde
1105 2643 1205 2703 schul¬

211 2712 303 2772 "dig,
332 2706 378 2766 der
413 2700 574 2760 Arabiens
604 2697 770 2757 duftenden
812 2706 932 2766 Raub,
967 2694 1204 2754 Edelgesteine,

199 2757 341 2817 „Perlen
376 2753 438 2813 und
467 2751 655 2811 Gewürze,
685 2748 741 2808 von
776 2754 929 2814 indischen
964 2748 1112 2808 Inseln,
1142 2742 1198 2802 aus

200 2808 357 2868 "Persien
387 2802 521 2862 Seide,
551 2802 667 2862 Weine
691 2796 743 2856 von
772 2801 942 2861 iberischen
966 2799 1094 2859 Ufern,
1118 2793 1210 2853 peru¬

210 2865 383 2925 "vianische
417 2855 657 2915 Spezereyen,
691 2852 751 2912 und
785 2852 938 2912 Guineas
966 2852 1099 2912 goldene
1133 2844 1212 2904 Me=

1246 1276 1346 1336 talle
1365 1276 1477 1336 hieher
1497 1273 1666 1333 begleitet!
1692 1273 1967 1333 Ergötzlichkeiten
1999 1276 2055 1336 und
2081 1279 2256 1339 Reichthü¬

1245 1320 1334 1380 "mer
1361 1321 1466 1381 fließen
1493 1321 1546 1381 der
1567 1319 1693 1379 schönen
1720 1323 1920 1383 Hauptstadt
1937 1324 1989 1384 aus
2016 1324 2095 1384 jedem
2132 1327 2253 1387 Lande,

1265 1366 1378 1426 woher
1400 1366 1448 1426 der
1470 1367 1573 1427 Wind
1600 1369 1697 1429 blasen
1730 1370 1832 1430 kann,
1860 1371 1913 1431 zu.
1963 1372 2097 1432 Sehet,
2114 1373 2173 1433 wie
2195 1375 2244 1435 die

1250 1413 1509 1473 "versammleten
1537 1416 1672 1476 Dünste
1689 1416 1758 1476 ihre
1780 1416 1910 1476 Säulen
1943 1418 2094 1478 erheben,
2111 1420 2175 1480 und
2198 1422 2246 1482 die

1242 1460 1340 1520 "Luft
1358 1464 1573 1524 verfinstern!
1596 1464 1707 1524 Ihrer
1729 1464 1890 1524 Schwere
1912 1467 2111 1527 vergessend,
2129 1470 2233 1530 steigen

1242 1510 1303 1570 "sie
1327 1512 1467 1572 empor,
1502 1512 1643 1572 entsagen
1683 1512 1733 1572 sich
1773 1512 1829 1572 vom
1875 1514 2140 1574 Mittelpunkte,
2175 1518 2236 1578 und

1261 1560 1374 1620 maßen
1401 1563 1450 1623 sich
1478 1563 1531 1623 des
1559 1561 1726 1621 Himmels
1749 1561 1813 1621 an,
1841 1560 1933 1620 allwo
1955 1563 2019 1623 sie,
2047 1565 2073 1625 zu
2101 1566 2236 1626 Wolken

1256 1611 1424 1671 gebildet,
1448 1610 1475 1670 in
1499 1611 1786 1671 zurückkehrenden
1815 1610 1916 1670 Linien
1950 1610 2000 1670 sich
2035 1611 2243 1671 ausbreiten,

1261 1664 1321 1724 und
1353 1663 1377 1723 so
1402 1662 1450 1722 als
1476 1661 1512 1721 sie
1537 1662 1585 1722 die
1604 1661 1726 1721 Winde
1752 1661 1868 1721 führen
1899 1658 1990 1718 ihren
2022 1661 2138 1721 lüftgen
2169 1666 2230 1726 Zug

1257 1715 1430 1775 anheben.
1473 1715 1592 1775 Indem
1635 1715 1676 1775 sie
1701 1715 1772 1775 hoch
1803 1714 1832 1774 in
1863 1714 1910 1774 der
1941 1712 2013 1772 Luft
2037 1715 2127 1775 ihren
2157 1718 2235 1778 Lauf

1256 1769 1456 1829 verfolgen,
1481 1769 1610 1829 schuͤtten
1640 1769 1675 1829 sie
1699 1769 1757 1829 aus
1787 1766 1875 1826 ihrem
1923 1769 2094 1829 schwarzen
2124 1769 2235 1829 Vließe

1261 1817 1314 1877 den
1353 1817 1449 1877 Thau
1488 1817 1547 1877 auf
1580 1817 1639 1877 das
1678 1817 1840 1877 versengte
1868 1817 2046 1877 Gebirge,
2079 1821 2235 1881 erneuern

1257 1855 1349 1915 durch
1383 1858 1602 1918 angenehmen
1635 1858 1737 1918 Regen
1770 1860 1821 1920 den
1850 1861 1966 1921 Wald,
1990 1864 2050 1924 und
2079 1867 2237 1927 erfrischen

1247 1898 1306 1958 "die
1328 1900 1458 1960 Ebene.
1507 1901 1582 1961 Sie
1605 1901 1745 1961 ergießen
1778 1903 1847 1963 ihre
1875 1906 2031 1966 heilsame
2054 1909 2161 1969 Säfte
2189 1917 2242 1977 auf

1256 1946 1310 2006 den
1344 1948 1459 2008 Acker,
1493 1948 1643 2008 verkitten
1676 1948 1726 2008 die
1755 1948 1870 2008 Risse,
1904 1953 1964 2013 und
1998 1957 2153 2017 machen,
2181 1963 2236 2023 daß

1260 1996 1306 2056 die
1329 1996 1456 2056 soffenen
1492 1996 1642 2056 Wunden
1678 1996 1729 2056 sich
1760 1999 1939 2059 schließen.
2003 2004 2113 2064 Wenn
2160 2010 2241 2070 nicht

1257 2046 1308 2106 die
1326 2045 1482 2105 Dünste,
1506 2044 1598 2104 durch
1633 2043 1679 2103 die
1703 2047 1935 2107 Sonnenhitze
1964 2051 2149 2111 verdünnet
2173 2058 2236 2118 und

1251 2096 1540 2156 hervorgezogen,
1576 2095 1605 2155 zu
1641 2097 1729 2157 ihrem
1771 2097 1906 2157 lüftigen
1936 2100 2030 2160 Sitze
2054 2105 2242 2165 emporstie¬

1255 2151 1342 2211 'gen,
1374 2145 1449 2205 oder
1475 2145 1562 2205 nicht
1589 2145 1613 2205 in
1651 2145 1795 2205 wäßrige
1821 2148 1953 2208 Wolken
1991 2154 2242 2214 zusammenflö¬

1254 2199 1342 2259 gen,
1367 2196 1425 2256 und
1455 2196 1567 2256 dann,
1591 2199 1620 2259 zu
1645 2199 1792 2259 schweren
1822 2199 1963 2259 Tropfen
1993 2202 2152 2262 gebildet,
2177 2208 2229 2268 den

1248 2244 1409 2304 "Himmel
1439 2246 1635 2306 verließen:
1670 2247 1698 2307 so
1734 2249 1861 2309 würden
1908 2252 1953 2312 die
1983 2255 2092 2315 Felder
2128 2256 2225 2316 keinen

1242 2296 1352 2356 "neuen
1381 2292 1525 2352 Vorrath
1559 2298 1614 2358 von
1643 2300 1865 2360 Feuchtigkeit
1888 2303 2155 2363 übernommen,
2178 2309 2238 2369 und

1241 2345 1344 2405 "durch
1383 2345 1648 2405 Sonnenstralen
1687 2351 1746 2411 und
1780 2354 1899 2414 Winde
1932 2354 2144 2414 aufgedörrt,
2177 2357 2247 2417 nie¬

1241 2393 1339 2453 "mals
1363 2393 1554 2453 Pflanzen,
1584 2402 1653 2462 noch
1683 2403 1857 2463 Blumen,
1898 2404 1968 2464 noch
1992 2405 2154 2465 Früchte,
2183 2405 2246 2465 we¬

1256 2443 1306 2503 der
1331 2440 1356 2500 zu
1388 2440 1437 2500 der
1463 2443 1601 2503 Thiere,
1621 2451 1695 2511 noch
1721 2453 1752 2513 zu
1778 2455 1865 2515 ihres
1891 2452 1997 2512 Herrn
2023 2453 2141 2513 Nutzen
2167 2455 2242 2515 her¬

1249 2489 1474 2549 vorbringen.

1284 2539 1354 2599 Wir
1378 2542 1566 2602 vermuthen
1597 2548 1761 2608 indessen,
1791 2548 1843 2608 daß
1874 2544 1926 2604 sich
1956 2543 1985 2603 in
2021 2546 2120 2606 diesem
2162 2551 2238 2611 vor¬

1235 2590 1384 2650 treflichen
1414 2590 1529 2650 Werke
1553 2598 1621 2658 noch
1651 2596 1795 2656 zuweilen
1825 2593 2090 2653 Unrichtigkeiten
2126 2601 2223 2661 finden

1234 2638 1371 2698 mögen,
1416 2639 1465 2699 die
1494 2646 1554 2706 uns
1588 2649 1654 2709 auch
1688 2646 1743 2706 gar
1771 2641 1853 2701 nicht
1882 2643 2058 2703 befremden
2098 2648 2241 2708 können,

1237 2687 1323 2747 wenn
1350 2685 1409 2745 wir
1442 2690 1479 2750 an
1518 2696 1566 2756 die
1588 2697 1690 2757 Zeiten
1723 2688 1863 2748 denken,
1891 2690 1917 2750 in
1950 2693 2047 2753 denen
2080 2697 2133 2757 der
2156 2698 2241 2758 Ver¬

1235 2737 1327 2797 fasser
1354 2739 1462 2799 lebte,
1489 2745 1548 2805 und
1582 2745 1619 2805 an
1652 2742 1700 2802 die
1728 2739 1846 2799 neuern
1879 2745 2155 2805 Entdeckungen,
2188 2749 2236 2809 die

1242 2790 1354 2850 seitdem
1402 2793 1531 2853 zugleich
1568 2796 1632 2856 mit
1656 2793 1703 2853 dem
1751 2787 1993 2847 Wachsthume
2023 2793 2075 2853 der
2100 2794 2241 2854 Wissen¬

1240 2841 1372 2901 schaften
1401 2845 1519 2905 erfolgt
1534 2847 1618 2907 sind.
1661 2841 1780 2901 Sollte
1809 2841 1864 2901 also
1900 2844 2033 2904 dasselbe
2062 2844 2110 2904 für
2139 2844 2244 2904 Deut=
