2479 3508
664 1216 775 1276 52tes
824 1217 983 1277 Stück.
1048 1222 1272 1282 Montag,
1305 1216 1368 1276 den
1417 1219 1497 1279 30.
1522 1216 1673 1276 Julius
1714 1216 1857 1276 1764.

661 1288 860 1348 Leipzig.

306 1345 467 1405 Jaselbst
482 1338 521 1398 ist
536 1336 616 1396 schon
644 1337 751 1397 1762.
772 1336 832 1396 und
853 1333 913 1393 63.
935 1333 954 1393 in
989 1333 1042 1393 der
1063 1333 1258 1393 Heinsiussi=

260 1386 456 1446 schen
487 1384 745 1444 Buchhandlung
782 1378 823 1438 ein
850 1378 947 1438 Werk
968 1377 1025 1437 aus
1061 1375 1112 1435 dem
1155 1372 1252 1432 Engl.

261 1435 429 1495 übersetzt,
441 1433 462 1493 in
495 1430 505 1490 2
533 1428 663 1488 Theilen
691 1422 1017 1482 herausgekommen,
1040 1420 1170 1480 welches
1198 1418 1257 1478 fol¬

264 1484 382 1544 genden
412 1479 496 1539 Titel
514 1476 644 1536 führet:
679 1470 780 1530 "Der
809 1470 1042 1530 Lehrmeister,
1071 1468 1138 1528 oder
1162 1464 1251 1524 allge=

263 1531 406 1591 "meines
446 1527 567 1587 System
612 1526 661 1586 der
695 1521 911 1581 Erziehung,
945 1518 1038 1578 worin
1078 1516 1122 1576 die
1150 1515 1244 1575 ersten

263 1583 489 1643 „Grundsätze
508 1578 595 1638 einer
615 1575 715 1635 feinen
747 1569 998 1629 Gelehrsamkeit
1024 1566 1048 1626 so
1080 1566 1243 1626 vorgetra=
1282 1560 1344 1620 wir
1370 1563 1432 1623 nach
1464 1563 1507 1623 der
1533 1563 1752 1623 Empfindung
1772 1565 1860 1625 reden
1886 1563 2023 1623 wollen)
2049 1566 2105 1626 daß
2131 1567 2168 1627 sie
2187 1569 2268 1629 nicht

261 1626 338 1686 gen
372 1631 515 1691 werden,
543 1628 598 1688 daß
632 1625 698 1685 man
737 1622 864 1682 dadurch
898 1619 953 1679 das
981 1616 1086 1676 Genie
1114 1616 1163 1676 der
1186 1615 1252 1675 Ju¬

267 1680 365 1740 „gend
390 1684 426 1744 am
464 1677 667 1737 glücklichsten
705 1670 847 1730 prüfen,
872 1670 933 1730 und
965 1670 1051 1730 ihren
1077 1667 1255 1727 Unterricht

264 1733 454 1793 "befördern
478 1730 600 1790 kann."
653 1724 774 1784 Dieser
797 1721 884 1781 Titel
908 1718 1075 1778 verspricht
1094 1720 1157 1780 sehr
1180 1718 1243 1778 viel

262 1781 322 1841 und
345 1781 406 1841 wer
434 1777 478 1837 sich
506 1775 550 1835 die
573 1772 684 1832 Mühe
707 1771 834 1831 nehmen
863 1769 946 1829 will,
969 1769 1024 1829 das
1046 1769 1140 1829 Werk
1163 1766 1252 1826 selbst

261 1822 518 1882 durchzugehen,
538 1818 586 1878 der
615 1817 686 1877 wird
715 1814 834 1874 finden,
859 1814 916 1874 daß
941 1811 969 1871 er
993 1812 1045 1872 gar
1070 1814 1165 1874 nichts
1189 1813 1256 1873 ver¬

262 1869 395 1929 spricht,
411 1864 473 1924 was
504 1861 581 1921 nicht
602 1858 740 1918 geleistet
762 1855 854 1915 wird.
911 1852 983 1912 Und
1014 1852 1080 1912 man
1122 1852 1173 1912 hat
1200 1852 1250 1912 der

264 1915 524 1975 Heinsiussischen
559 1900 819 1960 Buchhandlung
860 1894 1021 1954 deswegen
1057 1896 1189 1956 Ursache
1219 1896 1247 1956 zu

262 1964 412 2024 danken,
436 1958 487 2018 daß
523 1951 557 2011 sie
587 1948 685 2008 lieber
715 1943 761 2003 die
779 1942 970 2002 Besorgung
1006 1942 1092 2002 eines
1116 1942 1139 2002 so
1162 1942 1254 2002 allge¬

264 2011 346 2071 mein
371 2002 536 2062 nützlichen
561 1993 703 2053 Werks,
733 1990 780 2050 als
816 1988 940 2048 etlicher
959 1987 1131 2047 Romanen
1167 1987 1255 2047 über¬

260 2055 413 2115 nommen
438 2045 505 2105 hat,
525 2043 567 2103 die
592 2043 659 2103 doch
685 2040 764 2100 nur,
777 2035 813 2095 sie
838 2037 899 2097 seyn
925 2034 992 2094 auch
1017 2033 1084 2093 noch
1103 2032 1127 2092 so
1146 2034 1250 2094 schön,
1282 2033 1373 2093 nung
1399 2031 1453 2091 und
1472 2033 1669 2093 Geschichte.
1712 2036 1785 2096 Von
1817 2037 1909 2097 diesen
1934 2040 2204 2100 Wissenschaften,
2223 2046 2265 2106 die

263 2101 348 2161 einen
386 2094 601 2154 angenehmen
633 2088 836 2148 Zeitverderb
868 2086 990 2146 geben;
1021 2085 1058 2145 da
1089 2082 1243 2142 hingegen
1287 2079 1354 2139 eben
1385 2079 1410 2139 so
1435 2079 1631 2139 angenehm,
1657 2079 1706 2139 als
1737 2082 1860 2142 nützlich
1885 2083 1977 2143 sind,
2003 2085 2101 2145 findet
2120 2091 2187 2151 man
2212 2092 2267 2152 das

269 2150 360 2210 durch
386 2142 638 2202 gegenwärtiges
663 2139 748 2199 Buch
774 2139 1044 2199 mannigfaltiger
1063 2135 1118 2195 und
1143 2133 1247 2193 reeller

264 2198 384 2258 Nutzen
414 2193 551 2253 geschaft
569 2190 690 2250 werden
713 2187 810 2247 wird.

316 2246 393 2306 Wir
416 2243 521 2303 wollen
555 2240 610 2300 nun
638 2237 693 2297 von
722 2237 771 2297 dem
805 2234 916 2294 Buche
938 2234 1026 2294 selbst
1044 2231 1149 2291 reden.
1177 2229 1249 2289 Das

265 2346 418 2406 Männer
440 2342 466 2402 in
493 2337 657 2397 England,
673 2332 710 2392 da
732 2330 779 2390 ein
800 2330 906 2390 jeder,
922 2330 953 2390 um
996 2328 1038 2388 ein
1065 2326 1197 2386 Ganzes
1219 2324 1245 2384 zu

267 2394 419 2454 machen,
437 2389 481 2449 den
510 2384 612 2444 Theil
629 2379 685 2439 von
714 2377 969 2437 Wissenschaften
998 2374 1167 2434 bearbeitet
1190 2372 1241 2432 hat

272 2439 437 2499 worinnen
470 2435 497 2495 er
531 2430 608 2490 seine
631 2423 757 2483 Stärke
785 2426 895 2486 hatte;
923 2428 983 2488 und
1012 2423 1050 2483 ist
1078 2421 1138 2481 also
1166 2420 1249 2480 keine

271 2482 391 2542 Frucht
409 2479 492 2539 eines
520 2473 741 2533 eingebildeten
770 2473 1002 2533 Polyhistors.
1025 2468 1096 2528 Der
1114 2467 1251 2527 Vortrag

268 2532 305 2592 ist
327 2530 348 2590 so
376 2527 571 2587 angenehm,
599 2521 647 2581 daß
676 2516 735 2576 uns
762 2520 859 2580 nichts
888 2521 941 2581 von
974 2520 1017 2580 der
1039 2518 1105 2578 Art
1121 2515 1256 2575 bekannt

264 2581 320 2641 ist.
364 2571 463 2631 Doch
485 2574 556 2634 muß
578 2569 650 2629 man
679 2563 800 2623 wissen,
822 2571 872 2631 daß
908 2569 937 2629 es
966 2566 1051 2626 nicht
1074 2563 1130 2623 für
1152 2563 1251 2623 kleine
1289 2563 1388 2623 lesen.
1439 2563 1517 2623 Die
1539 2567 1618 2627 Vlte
1640 2575 1775 2635 handelt
1805 2572 1861 2632 von
1890 2568 1940 2628 der
1970 2572 2277 2632 Zeichnungskunst,

262 2626 404 2686 Kinder,
422 2620 547 2680 sondern
577 2616 628 2676 für
652 2611 702 2671 die
720 2613 812 2673 obern
847 2617 961 2677 Classen
996 2612 1127 2672 höherer
1151 2611 1264 2671 Schu¬

269 2675 314 2735 len
348 2669 511 2729 bestimmt
538 2663 596 2723 ist,
616 2660 675 2720 und
709 2658 767 2718 aus
800 2661 852 2721 dem
893 2662 1154 2722 Gesichtspunkte
1188 2658 1252 2718 muß

268 2724 340 2784 man
365 2719 394 2779 es
419 2710 625 2770 betrachten,
650 2706 734 2766 wenn
765 2707 831 2767 man
868 2715 971 2775 davon
996 2712 1152 2772 urtheilen
1178 2706 1262 2766 will.

270 2772 346 2832 Das
374 2768 463 2828 ganze
485 2758 574 2818 Werk
596 2760 636 2820 ist
658 2758 740 2818 unter
762 2757 831 2817 XII.
846 2763 1080 2823 Abtheilungen
1108 2757 1260 2817 gebracht,

266 2826 332 2886 und
363 2822 487 2882 enthält
508 2814 555 2874 der
576 2814 673 2874 orste
693 2809 818 2869 Theil
838 2811 924 2871 nebst
946 2817 984 2877 21
1014 2815 1119 2875 halben
1140 2809 1255 2869 Bogen

1281 1286 1426 1346 Kupfern
1456 1285 1514 1345 VI.
1532 1281 1788 1341 Abtheilungen.
1836 1282 1911 1342 Die
1929 1282 1981 1342 Iste
2005 1282 2057 1342 vom
2092 1282 2197 1342 Lesen,
2215 1285 2267 1345 der

1282 1330 1534 1390 Declamation,
1550 1327 1605 1387 und
1636 1327 1681 1387 dem
1722 1325 1994 1385 Briefschreiben.
2020 1328 2136 1388 Dieses
2162 1331 2267 1391 Stück

1279 1372 1320 1432 ist
1341 1374 1424 1434 nicht
1440 1375 1497 1435 nur
1523 1372 1570 1432 für
1596 1372 1762 1432 Schüler,
1789 1375 1913 1435 sondern
1945 1373 2012 1433 auch
2039 1372 2090 1432 für
2116 1375 2179 1435 alte
2205 1378 2267 1438 und

1288 1416 1376 1476 selbst
1399 1418 1570 1478 Prediger,
1592 1419 1636 1479 die
1659 1416 1752 1476 öfters
1781 1419 1864 1479 durch
1897 1419 1947 1479 die
1969 1420 2201 1480 Unwissenheit
2224 1425 2251 1485 im

1283 1464 1390 1524 Lesen,
1408 1464 1452 1524 die
1470 1465 1611 1525 schönsten
1634 1467 1758 1527 Stellen
1787 1467 1832 1527 der
1855 1467 1899 1527 H.
1911 1467 2046 1527 Schrift
2059 1467 2080 1527 so
2104 1470 2182 1530 elend
2206 1470 2273 1530 her¬

1282 1515 1432 1575 plaudern
1468 1512 1538 1572 (wir
1554 1515 1669 1575 koͤnnen
1695 1515 1724 1575 es
1750 1517 1831 1577 nicht
1851 1515 1967 1575 anders
1987 1518 2163 1578 benennen,
2174 1519 2259 1579 wenn

1279 1611 1337 1671 nur
1364 1613 1422 1673 alle
1454 1612 1645 1672 Schönheit
1672 1613 1847 1673 verlieren;
1880 1613 2011 1673 sondern
2045 1615 2134 1675 sogar
2161 1616 2261 1676 öfters

1281 1663 1365 1723 durch
1394 1663 1440 1723 die
1463 1664 1662 1724 Monotonie
1691 1664 1771 1724 recht
1794 1664 1942 1724 einfältig
1971 1664 2119 1724 klingen.
2166 1669 2273 1729 Kurz,

1283 1713 1342 1773 wir
1364 1715 1494 1775 glauben
1527 1715 1586 1775 mit
1603 1715 1678 1775 allen
1706 1715 1927 1775 vernuͤnftigen
1955 1718 2085 1778 Leuten,
2102 1716 2150 1776 daß
2177 1718 2264 1778 unter

1284 1763 1368 1823 Lesen
1397 1766 1454 1826 und
1483 1766 1562 1826 Lesen
1597 1763 1636 1823 ein
1665 1767 1687 1827 so
1711 1766 1823 1826 großer
1848 1766 2040 1826 Unterschied
2064 1766 2120 1826 ist,
2132 1769 2177 1829 als
2200 1766 2273 1826 zwi¬

1282 1814 1361 1874 schen
1393 1814 1440 1874 dem
1478 1814 1727 1874 einnehmenden
1754 1815 1881 1875 Gesang
1908 1817 1992 1877 eines
2009 1817 2189 1877 Castraten,
2211 1817 2268 1877 und

1285 1852 1337 1912 dem
1386 1855 1509 1915 elenden
1548 1858 1705 1918 Geplerre
1734 1858 1819 1918 eines
1853 1864 2125 1924 Betteljungens.
2183 1864 2268 1924 Hier

1286 1895 1364 1955 wird
1389 1896 1458 1956 man
1488 1899 1531 1959 sich
1566 1900 1783 1960 vortreflichen
1808 1906 1989 1966 Unterricht
2010 1906 2097 1966 holen
2133 1912 2274 1972 können.

1286 1939 1354 1999 Die
1379 1940 1437 2000 IIte
1458 1942 1511 2002 von
1541 1945 1589 2005 der
1609 1948 1819 2008 Geometrie;
1864 1951 1913 2011 die
1933 1948 2006 2008 IIIte
2031 1951 2084 2011 von
2114 1953 2162 2013 der
2183 1954 2275 2014 Geo¬

1287 1986 1419 2046 graphie
1441 1986 1499 2046 und
1526 1990 1763 2050 Sternkunde;
1801 1993 1848 2053 die
1870 1993 1944 2053 IVte
1965 1994 2023 2054 von
2050 1996 2097 2056 der
2119 1999 2277 2059 Zeitrech¬

1283 2129 1415 2189 nöthige
1444 2127 1505 2187 auf
1528 2127 1555 2187 so
1588 2128 1654 2188 eine
1689 2130 1810 2190 leichte,
1838 2133 2038 2193 angenehme
2066 2135 2127 2195 und
2155 2139 2277 2199 gründ¬

1284 2178 1360 2238 liche
1383 2175 1438 2235 Art
1461 2176 1688 2236 vorgetragen,
1706 2180 1755 2240 daß
1783 2181 1850 2241 man
1878 2183 1960 2243 einem
2000 2184 2161 2244 Schüͤler,
2178 2189 2266 2249 wenn

1281 2226 1309 2286 er
1333 2222 1426 2282 diesen
1455 2226 1594 2286 Vortrag
1624 2229 1705 2289 nicht
1729 2230 1822 2290 faßt,
1846 2234 1921 2294 ganz
1950 2234 2177 2294 zuversichtlich
2206 2237 2264 2297 von

275 2300 369 2360 ganze
385 2294 479 2354 Werk
503 2289 636 2349 bestehet
653 2285 707 2345 aus
724 2282 770 2342 den
794 2282 935 2342 Arbeiten
960 2281 1014 2341 der
1030 2278 1242 2338 geschicktesten
1291 2273 1369 2333 allem
1409 2272 1589 2332 Studieren
1614 2279 1762 2339 abrathen
1787 2282 1888 2342 kann.
1928 2282 2006 2342 Die
2031 2282 2085 2342 Vte
2109 2285 2187 2345 giebt
2212 2285 2274 2345 Un=

1281 2321 1408 2381 terricht
1432 2320 1484 2380 von
1520 2323 1571 2383 der
1595 2327 1781 2387 Rhetorik,
1805 2332 1862 2392 und
1892 2336 2101 2396 Dichtkunst.
2148 2334 2270 2394 Dieses

1291 2369 1392 2429 Stück
1420 2367 1501 2427 wird
1529 2375 1625 2435 man,
1653 2378 1739 2438 wenn
1772 2381 1841 2441 man
1874 2384 1939 2444 auch
1967 2384 2068 2444 keinen
2097 2384 2252 2444 Unterrich

1288 2419 1409 2479 daraus
1432 2417 1514 2477 holen
1548 2423 1674 2483 wollte,
1697 2430 1824 2490 welchen
1858 2432 1923 2492 man
1957 2432 2017 2492 doch
2046 2432 2112 2492 sehr
2134 2432 2266 2492 reichlich

1292 2467 1405 2527 findet,
1418 2467 1550 2527 allemal
1569 2473 1622 2533 nur
1641 2476 1749 2536 wegen
1786 2479 1833 2539 der
1864 2476 2080 2536 ausgesuchten
2111 2476 2273 2536 Beispiele

1290 2515 1352 2575 aus
1372 2512 1522 2572 Rednern
1554 2521 1617 2581 und
1649 2527 1800 2587 Dichtern
1838 2526 1894 2586 mit
1920 2521 2032 2581 großem
2077 2525 2265 2585 Vergnugen

1292 2608 1337 2668 wo
1367 2608 1407 2668 ein
1436 2608 1459 2668 so
1483 2615 1604 2675 schöner
1628 2623 1685 2683 und
1714 2619 1876 2679 deutlicher
1894 2613 2026 2673 Vortrag
2057 2618 2206 2678 herrscht,
2218 2623 2270 2683 daß

1291 2658 1455 2718 mancher,
1478 2661 1529 2721 der
1558 2667 1585 2727 im
1620 2670 1767 2730 Zeichnen
1796 2661 1988 2721 Unterrichte
2017 2667 2123 2727 giebt,
2147 2667 2197 2727 sich
2226 2669 2265 2729 ein

1294 2706 1426 2766 Muster
1450 2713 1571 2773 daraus
1595 2718 1721 2778 nehmen
1751 2711 1843 2771 kann,
1867 2712 1930 2772 und
1954 2712 2000 2772 die
2024 2715 2151 2775 Kupfer
2169 2715 2226 2775 sind
2249 2716 2278 2776 so

1299 2756 1389 2816 wohl
1406 2760 1576 2820 gerathen,
1594 2768 1644 2828 daß
1673 2763 1734 2823 man
1763 2759 1831 2819 auch
1860 2757 2023 2817 hierinnen
2058 2760 2148 2820 wohl
2171 2760 2284 2820 zufrie¬

1299 2808 1357 2868 den
1384 2808 1441 2868 seyn
1468 2813 1565 2873 wird.
1611 2814 1727 2874 Dieser
1761 2805 1857 2865 Theil
1884 2808 1922 2868 ist
1943 2810 2000 2870 von
2040 2809 2124 2869 einem
2157 2811 2286 2871 Herrn,

2220 2861 2287 2921 der
