2479 3508
198 354 259 414 ist,
285 355 315 415 am
360 354 540 414 füglichsten
571 345 595 405 zu
627 340 764 400 Fidibus
789 341 820 401 zu
851 342 1075 402 gebrauchen;
1113 342 1199 402 wenn

206 402 289 462 nicht
313 404 360 464 der
379 395 617 455 Kupferstecher
641 386 664 446 in
695 388 742 448 den
772 387 801 447 30
826 391 1052 451 angebrachten
1082 390 1212 450 Vignet=

201 452 244 512 ten
276 451 364 511 mehr
396 443 496 503 Kunst
515 439 566 499 als
591 437 641 497 der
660 437 824 497 Verfasser
849 440 969 500 gezeigt
994 442 1095 502 hätte.
1133 439 1208 499 Ko¬

208 500 258 560 stet
281 498 303 558 in
332 491 564 551 vorbemeldten
588 486 791 546 Kanterschen
815 491 1121 551 Buchhandlungen
1144 491 1155 551 1
1173 491 1206 551 fl.

205 551 245 611 15
274 550 324 610 gr.

449 616 535 676 Die
567 616 668 676 reifen
708 622 951 682 Kornähren,

349 697 402 757 an
463 696 553 756 das
608 700 1041 760 Frauenzimmer.

299 781 382 841 Hier
413 781 479 841 seht
504 780 557 840 ihr
588 781 739 841 Schönen
781 781 848 841 euer
884 784 986 844 Bild.

253 852 311 912 So
345 854 428 914 grün
471 852 530 912 und
556 852 706 912 schlank,
733 854 757 914 so
791 855 858 915 zart
884 857 950 917 und
977 858 1076 918 mild,

1296 341 1358 401 Als
1390 342 1446 402 wir
1478 342 1535 402 seit
1561 342 1667 402 wenig
1699 350 1849 410 Monden
1887 352 2012 412 waren,

1293 416 1393 476 Seyd
1424 413 1476 473 ihr
1507 413 1536 473 in
1572 416 1660 476 euren
1696 419 1791 479 ersten
1827 422 1986 482 Jahren.

1292 488 1367 548 Wir
1399 488 1461 548 sind
1493 487 1543 547 der
1575 486 1682 546 Felder
1714 491 1851 551 schönste
1877 497 1977 557 Zier;

1285 560 1362 620 Der
1393 560 1523 620 Städte
1554 560 1678 620 liebster
1708 563 1875 623 Schmuck
1905 570 1970 630 seyd
2007 571 2089 631 ihr;

1293 634 1370 694 Nun
1407 631 1528 691 warten
1564 634 1624 694 wir
1650 634 1679 694 im
1728 637 1830 697 falben
1867 640 1981 700 Kleide

1291 706 1365 766 Der
1395 706 1487 766 Ehre
1511 706 1615 766 noch,
1639 708 1691 768 daß
1726 710 1795 770 man
1837 712 1894 772 uns
1930 715 2085 775 schneide.

1290 778 1361 838 Und
1392 778 1480 838 wenn
1517 781 1570 841 ihr
1601 783 1678 843 über
1708 784 1893 844 Gelbsucht
1918 786 2060 846 schreyt;

1293 852 1394 912 Dann
1435 852 1514 912 dann
1549 852 1588 912 ist
1618 855 1691 915 eure
1720 858 1924 918 Erndtezeit.

449 1025 640 1085 Berlin,
669 1025 722 1085 vom
775 1025 838 1085 21.
862 1025 954 1085 Aug.

242 1068 286 1128 Am
332 1076 544 1136 Sonnabend
568 1076 617 1136 des
646 1076 859 1136 Vormittags
882 1077 988 1137 kamen
1022 1076 1094 1136 Se.
1112 1077 1212 1137 Maj.

200 1119 245 1179 der
274 1123 382 1183 König
417 1126 444 1186 in
479 1127 684 1187 Begleitung
719 1127 793 1187 Sr.
822 1127 964 1187 Königl.
993 1127 1118 1187 Hoheit
1147 1127 1203 1187 des

201 1172 347 1232 Prinzen
380 1173 536 1233 Henrichs
570 1171 629 1231 von
662 1174 851 1234 Preussen,
878 1175 954 1235 Sr.
982 1175 1127 1235 Durchl.
1149 1175 1203 1235 des

195 1215 340 1275 Prinzen
371 1219 553 1279 Friedrichs
584 1216 634 1276 von
670 1219 922 1279 Braunschweig
953 1220 1013 1280 und
1039 1222 1205 1282 verschied¬

197 1264 254 1324 ner
278 1266 464 1326 Generals,
488 1264 546 1324 aus
580 1264 732 1324 Potsdam
771 1267 871 1327 alhier
896 1267 957 1327 an.
982 1267 1096 1327 Gegen
1120 1267 1206 1327 Mit¬

194 1309 243 1369 tag
273 1310 336 1370 war
362 1311 459 1371 grosse
480 1310 587 1370 Cour,
613 1312 721 1372 wobey
741 1312 790 1372 der
820 1311 913 1371 Graf
933 1312 987 1372 von
1017 1312 1203 1372 Bielinski,

195 1360 220 1420 so
247 1356 303 1416 wie
329 1356 360 1416 am
402 1357 583 1417 Sonntage
609 1357 660 1417 der
682 1359 779 1419 Fürst
801 1357 1007 1417 Dolgorucki
1034 1357 1204 1417 Höchstde¬

195 1404 360 1464 nenselben
386 1404 583 1464 vorgestellet
604 1404 634 1464 zu
661 1404 805 1464 werden,
821 1404 867 1464 die
884 1404 971 1464 Ehre
993 1403 1111 1463 genoß.
1137 1404 1178 1464 Am

195 1456 382 1516 Sonntage
407 1455 640 1515 Nachmittage
661 1455 793 1515 giengen
834 1455 1077 1515 obenbenannte
1103 1451 1208 1511 Prin¬

199 1506 247 1566 zen
281 1506 399 1566 voraus
427 1505 496 1565 nach
524 1503 708 1563 Schlesien,
735 1503 843 1563 wohin
876 1503 951 1563 Se.
979 1503 1119 1563 Majest.
1147 1500 1195 1560 der

197 1557 304 1617 König
333 1557 355 1617 in
384 1557 435 1617 der
458 1556 567 1616 Nacht
590 1554 726 1614 folgten.

480 1607 683 1667 London,
706 1605 763 1665 den
797 1603 836 1663 7.
859 1603 955 1663 Aug.

236 1658 332 1718 Herr
355 1657 434 1717 Pitt
452 1658 508 1718 hat
531 1657 554 1717 in
594 1658 678 1718 einer
707 1655 826 1715 neulich
866 1653 1053 1713 gepflognen
1088 1650 1206 1710 Confe¬

196 1709 289 1769 rence
312 1709 355 1769 die
383 1709 677 1769 Nothwendigkeit
699 1708 748 1768 der
771 1706 1037 1766 Wiederruffung
1071 1706 1120 1766 der
1143 1702 1186 1762 Cy

199 1760 322 1820 deracte
343 1762 569 1822 nachdrücklich
596 1760 811 1820 vorgestellet.
858 1757 935 1817 Von
966 1757 1120 1817 Jamaica
1142 1756 1208 1816 ver¬

196 1808 318 1868 nimmt
337 1808 431 1868 man,
455 1808 509 1868 daß
537 1808 627 1868 unter
655 1805 768 1865 andern
800 1804 1063 1864 Fortificationen
1096 1802 1199 1862 woran

190 1850 412 1910 gegenwärtig
440 1852 466 1912 in
494 1849 544 1909 der
567 1849 703 1909 Havana
735 1845 916 1905 gearbeitet
935 1843 1034 1903 wird,
1067 1844 1125 1904 alle
1148 1842 1211 1902 Zu¬

198 1900 300 1960 gänge
324 1897 351 1957 zu
385 1896 431 1956 der
455 1894 609 1954 Citadelle
637 1891 697 1951 und
721 1890 772 1950 den
801 1888 917 1948 andern
955 1887 1211 1947 Vestungswer¬

195 1948 244 2008 ken
275 1944 442 2004 verstopft,
467 1942 528 2002 und
554 1942 583 2002 zu
614 1938 659 1998 dem
701 1934 786 1994 Ende
801 1933 1074 1993 ausserordentlich
1100 1933 1210 1993 große,

195 1999 260 2059 mit
280 1996 365 2056 Eisen
396 1990 477 2050 stark
503 1987 704 2047 verbundene
730 1984 785 2044 und
816 1984 876 2044 mit
907 1981 1018 2041 langen
1054 1978 1194 2038 spitzigen

194 2048 328 2108 Nägeln
354 2039 525 2099 versehene
546 2036 670 2096 Pfahle
686 2031 711 2091 in
738 2034 789 2094 den
816 2030 929 2090 Grund
950 2030 1105 2090 getrieben
1131 2027 1203 2087 wer¬

199 2095 274 2155 den,
307 2093 344 2153 um
398 2088 463 2148 eine
496 2085 733 2145 Fortschaffung
766 2084 819 2144 der
847 2082 998 2142 schweren
1037 2079 1203 2139 Artillerie

198 2141 254 2201 von
286 2139 332 2199 der
358 2136 430 2196 See
446 2136 626 2196 unmöglich
653 2136 678 2196 zu
709 2134 859 2194 machen,
886 2133 942 2193 und
968 2133 998 2193 es
1025 2130 1081 2190 sind
1107 2130 1200 2190 unter

195 2190 247 2250 der
275 2187 469 2247 Anführung
502 2187 585 2247 eines
612 2187 739 2247 kürzlich
766 2186 824 2246 aus
851 2184 1003 2244 Spanien
1030 2181 1204 2241 angelang¬

191 2239 240 2299 ten
279 2240 511 2300 Irländischen
551 2234 799 2294 Ingenieurs,
838 2234 993 2294 Namens
1032 2231 1203 2291 Marelly,

198 2288 310 2348 20000
347 2288 480 2348 Bäume
507 2288 537 2348 zu
568 2282 665 2342 diesem
707 2282 882 2342 Endzweck
908 2282 1036 2342 gefället
1057 2279 1201 2339 worden.

200 2337 271 2397 Dem
313 2336 477 2396 künftigen
509 2330 709 2390 Parlament
725 2330 802 2390 wird
828 2333 895 2393 eine
921 2330 1106 2390 Bittschrift
1132 2327 1204 2387 vor¬

188 2390 293 2450 gelegt
319 2390 471 2450 werden,
502 2384 543 2444 um
589 2384 639 2444 den
675 2381 827 2441 Fremden
864 2384 889 2444 in
925 2378 1122 2438 Westindien
1163 2375 1188 2435 zu

200 2435 406 2495 verwehren,
428 2436 486 2496 daß
513 2435 550 2495 sie
572 2430 656 2490 keine
678 2429 810 2489 Negers
842 2433 900 2493 aus
928 2429 1038 2489 irgend
1070 2426 1197 2486 einigen

195 2482 370 2542 brittischen
402 2482 556 2542 Colonien
588 2479 624 2539 an
660 2476 711 2536 den
748 2482 975 2542 afrikanischen
1012 2473 1130 2533 Küsten
1157 2472 1193 2532 an

199 2533 247 2593 sich
280 2530 416 2590 handeln
449 2533 563 2593 sollen.
634 2525 682 2585 Zu
716 2531 949 2591 Aufbringung
993 2524 1047 2584 von
1080 2521 1193 2581 40000

195 2578 413 2638 Seesoldaten
440 2578 476 2638 ist
498 2578 550 2638 der
572 2572 699 2632 Befehl
716 2579 949 2639 ausgefertigt.
997 2569 1045 2629 Es
1072 2572 1108 2632 ist
1130 2569 1204 2629 neu¬

195 2632 246 2692 lich
283 2628 324 2688 ein
361 2627 479 2687 grosser
511 2623 671 2683 Klumpen
708 2622 790 2682 Erz,
821 2629 950 2689 welcher
987 2620 1199 2680 verschiedene

201 2676 477 2736 Silbertheilchen
505 2673 532 2733 in
560 2670 609 2730 sich
637 2670 664 2730 zu
693 2670 786 2730 halten
814 2676 957 2736 scheinet,
980 2673 1040 2733 aus
1063 2670 1189 2730 Florida

197 2730 346 2790 gebracht
370 2724 427 2784 und
462 2724 549 2784 einem
602 2718 879 2778 Münzwaradein
914 2724 966 2784 zum
1012 2718 1185 2778 Probieren

196 2781 396 2841 übergeben.
444 2770 556 2830 Außer
580 2769 674 2829 denen
704 2769 786 2829 durch
817 2771 863 2831 die
882 2774 999 2834 Herren
1029 2772 1182 2832 Harrison

197 2832 256 2892 und
286 2829 423 2889 Irwine
453 2822 643 2882 erfundenen
673 2820 887 2880 Maschinen,
924 2823 976 2883 die
1001 2824 1107 2884 Länge
1138 2820 1190 2880 des

201 2885 338 2945 Meeres
363 2883 387 2943 zu
418 2876 598 2936 bestimmen
629 2873 682 2933 hat
701 2873 785 2933 Herr
810 2873 888 2933 Bell
912 2876 966 2936 aus
991 2876 1135 2936 Carlisle
1160 2873 1195 2933 ei=

1239 1025 1280 1085 ne
1304 1025 1398 1085 andre
1422 1027 1475 1087 zum
1523 1027 1658 1087 Stande
1688 1030 1853 1090 gebracht,
1877 1031 1924 1091 die
1948 1029 2018 1089 man
2055 1028 2083 1088 zu
2114 1025 2237 1085 Wasser

1245 1076 1303 1136 und
1330 1076 1430 1136 Lande
1463 1079 1653 1139 gebrauchen
1691 1082 1797 1142 kann,
1829 1081 1940 1141 welche
1972 1079 2019 1139 sich
2057 1078 2152 1138 Jahr
2184 1076 2242 1136 und

1250 1125 1315 1185 Tag
1338 1124 1420 1184 keine
1448 1129 1609 1189 Secunde
1637 1130 1830 1190 verändert.
1875 1125 1924 1185 Er
1952 1127 2013 1187 hat
2036 1127 2085 1187 sich
2119 1127 2240 1187 folglich

1242 1175 1493 1235 vorgenommen
1522 1175 1573 1235 den
1611 1175 1666 1235 vom
1714 1177 1919 1237 Parlament
1942 1175 1998 1235 von
2036 1172 2143 1232 20000
2181 1172 2250 1232 Pf.

1245 1222 1361 1282 Sterl.
1383 1222 1499 1282 darauf
1520 1221 1658 1281 gesetzten
1690 1222 1790 1282 Preis
1823 1224 1875 1284 für
1912 1222 1992 1282 diese
2003 1219 2145 1279 wichtige
2172 1218 2251 1278 Ent¬

1236 1273 1370 1333 deckung
1395 1270 1423 1330 zu
1453 1267 1660 1327 reclamiren.

1516 1310 1649 1370 Lyon,
1673 1312 1730 1372 vom
1777 1313 1840 1373 29.
1864 1315 1951 1375 Jul.

1286 1354 1419 1414 Gestern
1451 1357 1502 1417 gab
1528 1357 1595 1417 man
1616 1360 1677 1420 hier
1698 1358 1744 1418 den
1771 1360 2039 1420 Taschenspielern
2070 1360 2137 1420 eine
2153 1357 2240 1417 nach¬

1237 1404 1413 1464 drückliche
1433 1404 1574 1464 Lection.
1625 1407 1726 1467 Neun
1747 1407 1842 1467 dieser
1858 1407 2140 1467 Betrugsgesellen
2166 1407 2251 1467 wur¬

1237 1450 1283 1510 den
1314 1452 1345 1512 an
1376 1452 1443 1512 eben
1470 1452 1495 1512 so
1526 1452 1603 1512 viele
1630 1455 1785 1515 Pranger
1806 1455 1940 1515 gestellt.
1966 1453 2085 1513 Dieses
2111 1455 2240 1515 Schau¬

1238 1501 1311 1561 spiel
1338 1501 1401 1561 war
1423 1500 1475 1560 für
1496 1503 1554 1563 alle
1576 1503 1707 1563 ehrliche
1734 1505 1824 1565 Leute
1846 1503 2024 1563 ergötzend,
2046 1503 2109 1563 und
2131 1504 2220 1564 inson

1234 1548 1357 1608 derheit
1384 1550 1435 1610 den
1482 1553 1694 1613 Hausvätern
1736 1554 1844 1614 welche
1876 1554 2000 1614 Kinder
2026 1554 2155 1614 haben,
2192 1554 2238 1614 die

1237 1601 1422 1661 dergleichen
1465 1602 1676 1662 Betrügerey
1703 1604 1882 1664 ausgesetzt
1915 1602 2010 1662 sind,
2047 1602 2116 1662 sehr
2148 1604 2243 1664 ange¬

1235 1652 1353 1712 nehm.
1399 1652 1556 1712 Dasselbe
1592 1655 1795 1715 Schauspiel
1818 1653 1874 1713 soll
1897 1652 1970 1712 noch
1999 1654 2015 1714 2
2050 1652 2140 1712 Tage
2169 1652 2247 1712 wie¬

1239 1704 1381 1764 derholet
1403 1703 1545 1763 werden,
1567 1705 1624 1765 und
1651 1706 1698 1766 die
1720 1706 1857 1766 Acteurs
1889 1706 2010 1766 werden
2048 1705 2142 1765 dabey
2180 1703 2243 1763 die¬

1235 1757 1330 1817 selben
1363 1757 1452 1817 seyn.
1501 1757 1644 1817 Alsdenn
1677 1758 1756 1818 wird
1783 1760 1852 1820 man
1884 1757 1974 1817 ihnen
2007 1757 2049 1817 die
2076 1757 2235 1817 Galeeren

1238 1805 1419 1865 anweisen,
1442 1805 1480 1865 um
1520 1805 1652 1865 daselbst
1669 1805 1724 1865 das
1752 1805 1929 1865 Nachspiel
1947 1807 2167 1867 vorzustellen.

1472 1846 1698 1906 Lissabon,
1724 1849 1778 1909 vom
1829 1850 1889 1910 10.
1920 1852 2000 1912 Jul.

1284 1888 1479 1948 Vorgestern
1505 1889 1561 1949 gab
1592 1891 1644 1951 der
1665 1891 1736 1951 Hof
1758 1894 1875 1954 wieder
1907 1894 1953 1954 ein
1985 1897 2236 1957 Stiergefechte.

1233 1930 1306 1990 Die
1331 1933 1577 1993 Prinzessinnen
1602 1936 1730 1996 Donna
1755 1941 1873 2001 Maria
1898 1941 1991 2001 Anna
2021 1942 2084 2002 und
2110 1944 2232 2004 Donna

1237 1981 1352 2041 Maria
1378 1978 1555 2038 Benedicta
1580 1984 1681 2044 hatten
1712 1984 1782 2044 beym
1823 1987 2055 2047 Zurückkehren
2091 1990 2146 2050 das
2172 1993 2237 2053 Un¬

1232 2028 1347 2088 glück,
1368 2025 1584 2085 umgeworfen
1620 2030 1650 2090 zu
1685 2031 1832 2091 werden.
1883 2034 1953 2094 Die
1984 2034 2094 2094 erstere
2125 2039 2215 2099 bekam

1237 2079 1285 2139 gar
1313 2076 1410 2136 keinen
1443 2076 1616 2136 Schaden,
1633 2079 1681 2139 die
1704 2082 1800 2142 andre
1823 2079 1915 2139 aber,
1932 2083 2039 2143 welche
2062 2085 2126 2145 sehr
2143 2087 2223 2147 schön

1234 2129 1286 2189 ist,
1302 2124 1503 2184 verwundete
1524 2126 1571 2186 sich
1598 2127 1629 2187 an
1667 2130 1719 2190 der
1741 2130 1830 2190 Nase
1857 2133 1920 2193 und
1947 2133 1984 2193 an
2016 2136 2063 2196 der
2090 2137 2232 2197 Stirne,

1229 2176 1285 2236 so,
1314 2176 1365 2236 daß
1399 2172 1455 2232 das
1485 2178 1626 2238 Gesichte
1650 2181 1735 2241 ganz
1764 2181 1865 2241 blutig
1900 2186 2008 2246 ward.
2060 2187 2144 2247 Man
2179 2188 2235 2248 hat

1232 2226 1325 2286 ihnen
1354 2223 1412 2283 seit
1436 2224 1534 2284 diesem
1576 2231 1686 2291 Zufall
1709 2234 1871 2294 zweymal
1901 2237 1954 2297 zur
1977 2237 2058 2297 Ader
2088 2237 2238 2297 gelaßen,

1241 2276 1297 2336 und
1321 2270 1433 2330 hoffet,
1445 2270 1501 2330 daß
1530 2278 1665 2338 derselbe
1688 2282 1789 2342 weder
1812 2286 1896 2346 Jhro
1925 2288 2077 2348 Hoheiten
2101 2288 2230 2348 Schön=

1236 2324 1303 2384 heit
1321 2322 1389 2382 noch
1418 2324 1627 2384 Gesundheit
1645 2333 1764 2393 schaden
1793 2336 1911 2396 werde.

1346 2372 1474 2432 Auszug
1503 2376 1586 2436 eines
1609 2381 1742 2441 Briefes
1776 2387 1832 2447 aus
1855 2389 2105 2449 Williamsburg

1455 2420 1481 2480 in
1514 2430 1715 2490 Virginien,
1738 2436 1792 2496 den
1825 2437 1884 2497 22.
1901 2437 2009 2497 May.

1287 2467 1353 2527 Die
1374 2469 1539 2529 Indianer
1560 2479 1660 2539 tödten
1694 2484 1773 2544 viele
1794 2483 2000 2543 Colonisten,
2014 2482 2073 2542 und
2100 2479 2219 2539 machen

1238 2520 1348 2580 täglich
1375 2521 1589 2581 Gefangene.
1616 2533 1785 2593 Ungefähr
1812 2530 1863 2590 vor
1883 2530 1889 2590 8
1916 2528 2019 2588 Tagen
2040 2528 2163 2588 wurden
2190 2531 2215 2591 an

1237 2569 1285 2629 den
1317 2567 1470 2627 Granzen
1502 2573 1550 2633 von
1582 2583 1723 2643 Augusta
1749 2581 1822 2641 über
1841 2581 1877 2641 40
1909 2578 2068 2638 Personen
2100 2578 2155 2638 von
2180 2582 2235 2642 ih=

1231 2617 1284 2677 nen
1315 2617 1490 2677 ermordet.
1539 2629 1617 2689 Den
1648 2631 1738 2691 18ten
1769 2629 1860 2689 dieses
1891 2628 2023 2688 begaben
2054 2628 2132 2688 diese
2151 2630 2235 2690 Wil=

1236 2665 1283 2725 den
1319 2664 1365 2724 sich
1390 2664 1460 2724 nach
1490 2673 1573 2733 einem
1615 2679 1721 2739 Platze
1745 2676 1868 2736 welcher
1893 2673 1904 2733 7
1935 2676 2052 2736 Meilen
2082 2677 2135 2737 von
2159 2680 2223 2740 hier

1233 2717 1328 2777 liegt,
1357 2717 1413 2777 und
1442 2727 1668 2787 bemächtigten
1703 2727 1754 2787 sich
1789 2724 1839 2784 der
1862 2724 1941 2784 Frau
1975 2727 2032 2787 und
2055 2727 2071 2787 4
2100 2727 2218 2787 Kinder

1229 2766 1339 2826 eines,
1366 2769 1519 2829 Namens
1546 2778 1646 2838 Day.
1705 2774 1768 2834 Als
1795 2772 1832 2832 am
1880 2772 2043 2832 folgenden
2076 2775 2213 2835 Morgen

1226 2819 1241 2879 4
1274 2818 1427 2878 Familien
1464 2823 1522 2883 mit
1549 2826 1713 2886 beladenen
1740 2819 1882 2879 Pferden
1920 2823 1988 2883 nach
2021 2823 2105 2883 einem
2143 2823 2226 2883 Fort

1230 2870 1386 2930 giengen,
1416 2879 1671 2939 überrumpelten
1706 2873 1741 2933 sie
1764 2873 1956 2933 dieselbige,
1986 2873 2118 2933 tödteten
2154 2873 2234 2933 eini=

2162 2935 2226 2995 ge,
