2479 3508
613 1225 731 1285 73tes
780 1227 937 1287 Stück.
1010 1228 1231 1288 Freytag,
1280 1225 1343 1285 den
1391 1225 1469 1285 12.
1502 1221 1691 1281 October
1732 1222 1882 1282 1764.

494 1324 694 1384 Einladung
732 1324 810 1384 aufs
835 1323 944 1383 Land,

425 1406 477 1466 an
539 1399 722 1459 meinen
784 1399 1005 1459 Freund,

559 1473 633 1533 nach
670 1470 717 1530 dem
760 1472 875 1532 Horaz.

296 1650 340 1710 der
367 1651 398 1711 du
424 1649 488 1709 mit
508 1646 565 1706 mir
591 1644 636 1704 wo
656 1643 783 1703 Waffen
811 1643 848 1703 um
894 1641 951 1701 uns
978 1643 1131 1703 klungen,

209 1700 406 1760 Dem
449 1697 543 1757 Tode
565 1698 612 1758 oft
634 1697 777 1757 entgegen
811 1697 934 1757 gingst,

217 1754 286 1814 Und
326 1757 415 1817 wenn
461 1754 499 1814 um
551 1752 794 1812 Friedrichs
833 1748 993 1808 Scheitel
1020 1749 1128 1809 Siege
1154 1745 1230 1805 Lor¬

722 1801 812 1861 beern
841 1802 1029 1862 schlungen,

217 1849 302 1909 Auch
324 1846 481 1906 Lorbeern
505 1845 568 1905 mit
583 1844 776 1904 empfingst,

253 1917 333 1977 Der
360 1912 503 1972 Freunde
531 1909 637 1969 Erster
659 1908 717 1968 auf
739 1906 792 1966 der
814 1906 936 1966 Freude
958 1903 1165 1963 Schwingen

215 1967 315 2027 Flohn
349 1964 438 2024 lange
466 1959 555 2019 Tage
578 1957 711 2017 doppelt
728 1954 855 2014 schnell,

222 2023 287 2083 Und
324 2017 414 2077 wenn
444 2010 511 2070 mit
536 2008 595 2068 uns
632 2005 819 2065 vertraulich
850 2005 982 2065 Scherz
1013 2002 1072 2062 und
1097 1999 1217 2059 Musen

718 2055 857 2115 gingen,

220 2120 305 2180 War
325 2114 397 2174 stets
424 2111 469 2171 der
496 2109 647 2169 Himmel
661 2108 746 2168 hell.

256 2193 330 2253 Die
358 2187 596 2247 Freundschaft
631 2184 761 2244 schlung
810 2181 843 2241 um
905 2181 993 2241 unser
1035 2175 1211 2235 Weinglas

721 2229 908 2289 Myrthen,

217 2294 324 2354 Wenn
354 2288 507 2348 Ungarns
530 2283 655 2343 Balsam
695 2279 745 2339 ihm
785 2281 932 2341 entstieg,

212 2348 282 2408 Und
315 2343 405 2403 wenn
438 2339 501 2399 wir
528 2336 631 2396 heilge
657 2330 766 2390 Eichen
799 2330 895 2390 Hand
928 2330 953 2390 in
986 2327 1083 2387 Hand
1115 2324 1224 2384 durch¬

708 2378 840 2438 irrten,

207 2441 382 2501 Vergaßen
415 2435 471 2495 wir
497 2435 552 2495 den
584 2432 703 2492 Krieg.

257 2509 355 2569 Dort
379 2512 495 2572 stürmt
513 2507 553 2567 ich
577 2502 640 2562 mit
658 2504 856 2564 verschanzte
874 2502 966 2562 Höhn
996 2497 1047 2557 des
1065 2497 1227 2557 Feindes,

629 2551 684 2611 das
713 2551 795 2611 Herz
818 2554 912 2614 dacht
935 2550 1018 2610 dich,

216 2563 293 2623 Das
325 2562 391 2622 Aug
422 2559 470 2619 sah
501 2557 537 2617 sie

218 2613 284 2673 Und
312 2608 429 2668 segnete
457 2607 506 2667 den
535 2599 784 2659 kummervollen
813 2604 951 2664 Wunsch
980 2599 1030 2659 des
1053 2596 1218 2656 Freundes

216 2665 302 2725 Fürs
329 2654 516 2714 Vaterland
543 2652 602 2712 und
629 2649 725 2709 mich.

266 2736 310 2796 An
343 2731 425 2791 jenem
465 2724 534 2784 Tag
562 2724 612 2784 des
639 2724 824 2784 Kampfes,
851 2728 889 2788 da
915 2727 959 2787 die
986 2724 1107 2784 Menge

216 2790 289 2850 Den
321 2782 425 2842 Muth
457 2775 506 2835 der
525 2773 660 2833 kleinern
691 2772 778 2832 Zahl
797 2773 932 2833 bestritt,

215 2844 286 2904 Und
313 2837 365 2897 von
398 2832 443 2892 der
470 2826 561 2886 Höhe
588 2823 797 2883 eingebildter
824 2829 1131 2889 Siegs=Gepränge

212 2897 261 2957 Jn
292 2891 371 2951 einen
403 2881 562 2941 Abgrund
588 2876 679 2936 glitt.

1313 1294 1390 1354 Wie
1416 1294 1488 1354 bebt
1509 1293 1550 1353 ich
1576 1289 1606 1349 da
1633 1288 1684 1348 für
1705 1290 1761 1350 dich
1793 1290 1802 1350 —
1854 1288 1921 1348 doch
1947 1294 2019 1354 nach
2045 1294 2096 1354 dem
2138 1294 2266 1354 Streite

1265 1344 1380 1404 Kamst
1406 1342 1436 1402 du
1462 1339 1517 1399 vom
1563 1338 1674 1398 Staub
1705 1336 1755 1396 des
1781 1337 1917 1397 Streits
1943 1339 2078 1399 bedeckt,

1266 1387 1427 1447 Schliefst
1449 1387 1540 1447 unter
1563 1387 1660 1447 kaltem
1693 1387 1843 1447 Himmel
1855 1387 1886 1447 an
1914 1387 1963 1447 des
1985 1390 2146 1450 Freundes
2168 1390 2265 1450 Seite

1257 1434 1331 1494 Vom
1377 1434 1520 1494 Morgen
1550 1435 1635 1495 nicht
1659 1434 1802 1494 geweckt.

1316 1507 1375 1567 Ich
1400 1509 1441 1569 sah
1472 1509 1527 1569 sein
1557 1509 1641 1569 Licht
1661 1509 1726 1569 dein
1751 1509 1902 1569 schlafend
1933 1509 2023 1569 Auge
2048 1510 2180 1570 färben,

1255 1560 1325 1620 Und
1351 1557 1457 1617 dachte
1488 1557 1497 1617 —
1559 1557 1629 1617 noch
1661 1557 1751 1617 denkt
1772 1557 1797 1617 es
1823 1557 1903 1617 mein
1929 1557 2030 1617 Herz.

1759 1605 1786 1665 so
1814 1605 1886 1665 todt
1914 1603 1925 1663 —
1987 1607 2064 1667 denn
2098 1610 2148 1670 laß
2182 1610 2259 1670 mich

1254 1610 1346 1670 Liegt
1377 1609 1458 1669 einst
1482 1608 1563 1668 mein
1599 1608 1727 1668 Freund

1758 1656 1817 1716 mit
1838 1655 1884 1715 ihm
1931 1655 2070 1715 sterben,

1259 1715 1330 1775 Ohn
1364 1713 1409 1773 ihn
1444 1715 1476 1775 ist
1496 1711 1587 1771 Leben
1622 1711 1798 1771 Schmerz.

1316 1790 1389 1850 Ins
1414 1790 1593 1850 Vaterland
1618 1790 1679 1850 rief
1698 1790 1815 1850 endlich
1841 1789 1901 1849 uns
1928 1790 1976 1850 der
2001 1790 2130 1850 Friede,

1260 1834 1307 1894 Es
1336 1834 1403 1894 war
1423 1834 1476 1894 der
1500 1834 1716 1894 Schwerdter
1741 1834 1919 1894 Blutdurst
1934 1834 2010 1894 satt,

1260 1874 1329 1934 Die
1345 1876 1515 1936 Menschen
1546 1876 1646 1936 waren
1677 1876 1727 1936 des
1747 1881 2139 1941 Verwüstungkummers
2160 1885 2270 1945 müde,

1258 1921 1337 1981 Wie
1359 1921 1412 1981 von
1445 1921 1492 1981 dem
1535 1921 1689 1981 Harnisch
1716 1921 1795 1981 matt

1306 1990 1396 2050 Doch
1425 1993 1544 2053 drücken
1578 1993 1662 2053 deine
1686 1993 1860 2053 Schultern
1889 1995 1962 2055 noch
1991 1996 2036 2056 die
2059 1999 2206 2059 Waffen,

1253 2043 1381 2103 Bereit
1397 2043 1450 2103 zur
1477 2042 1583 2102 Fahrt
1600 2038 1674 2098 aufs
1702 2040 1797 2100 wilde
1824 2040 1919 2100 Meer

1256 2097 1345 2157 Mag
1376 2091 1520 2151 Mavors
1545 2090 1593 2150 dir
1617 2088 1792 2148 belohnend
1823 2091 1894 2151 neue
1919 2093 2021 2153 Orden
2052 2095 2202 2155 schaffen.

1260 2148 1319 2208 Jch
1343 2144 1408 2204 trag
1438 2141 1485 2201 den
1515 2142 1597 2202 Helm
1639 2142 1716 2202 nicht
1740 2140 1846 2200 mehr.

1305 2217 1405 2277 Dank
1430 2214 1470 2274 sey
1495 2216 1541 2276 dem
1584 2219 1738 2279 Himmel
1756 2220 1808 2280 für
1828 2220 1874 2280 die
1898 2223 1993 2283 stillre
2011 2223 2188 2283 Wohnung

1256 2265 1321 2325 Für
1344 2267 1437 2327 Blut
1454 2266 1514 2326 und
1542 2270 1690 2330 manchen
1724 2270 1888 2330 Schmerz
1911 2273 1955 2333 ein
1983 2272 2053 2332 Zoll

1256 2318 1382 2378 Erhielt
1407 2315 1473 2375 doch
1498 2317 1565 2377 jetzt
1584 2321 1637 2381 von
1668 2321 1716 2381 ihm
1759 2321 1838 2381 mein
1863 2322 1965 2382 Opfer
1984 2324 2039 2384 zur
2058 2324 2257 2384 Belohnung

1255 2369 1327 2429 Des
1358 2366 1521 2426 Freundes
1546 2372 1710 2432 daurhaft
1722 2372 1849 2432 Wohl!

1305 2440 1443 2500 Komm,
1461 2440 1507 2500 laß
1536 2443 1593 2503 uns
1618 2445 1692 2505 früh
1716 2446 1768 2506 der
1792 2449 1889 2509 Ruhe
1913 2446 2034 2506 Schatz
2052 2444 2225 2504 genießen,

1251 2494 1330 2554 Der
1353 2491 1461 2551 Abend
1490 2493 1558 2553 hölt
1581 2497 1740 2557 vielleicht
1758 2497 1814 2557 das
1843 2494 1934 2554 Grab

1259 2540 1325 2600 Die
1342 2541 1474 2601 Wälder
1492 2544 1569 2604 haut
1592 2548 1658 2608 man
1680 2548 1713 2608 um
1759 2544 1763 2604 —
1819 2544 1868 2604 die
1880 2542 2007 2602 Blume
2025 2539 2113 2599 stiller
2130 2539 2251 2599 Wiesen

1265 2593 1400 2653 Blüht,
1424 2593 1514 2653 welkt
1545 2595 1560 2655 —
1622 2599 1682 2659 und
1713 2594 1788 2654 fällt
1812 2593 1880 2653 auch
1903 2592 1932 2652 ab

1305 2661 1378 2721 Den
1401 2665 1526 2725 Weisen
1555 2671 1657 2731 macht
1675 2667 1726 2727 der
1744 2664 1988 2724 Sonnenschein
2023 2667 2102 2727 nicht
2120 2667 2267 2727 trunken,

1251 2714 1319 2774 Und
1349 2715 1405 2775 kein
1434 2719 1537 2779 Orcan
1567 2722 1664 2782 raubt
1688 2717 1785 2777 seinen
1820 2712 1917 2772 Muth

1255 2766 1333 2826 Die
1359 2767 1580 2827 überspannte
1607 2770 1762 2830 Hofnung
1796 2764 1925 2824 springt

2019 2769 2046 2829 zu
2088 2766 2183 2826 schlaf
2211 2766 2258 2826 ge=

1757 2816 1869 2876 sunken

1257 2868 1386 2928 Erliegt
1406 2870 1444 2930 sie
1464 2872 1490 2932 in
1523 2874 1567 2934 der
1594 2870 1710 2930 Fluth.

2177 2912 2260 2972 Die
