2479 3508
663 347 836 407 Lemgo.

291 395 390 455 „Der
424 398 562 458 deutsche
585 395 817 455 Kundschafter
851 395 934 455 eines
968 395 1056 455 durch
1085 393 1256 453 Westpha¬

242 443 310 503 „len
353 451 416 511 und
449 446 697 506 Niedersachsen
729 444 888 504 reisenden
925 443 1168 503 Engländers,
1190 442 1247 502 aus

243 491 318 551 „der
351 497 491 557 zweyten
525 497 671 557 Londner
704 496 861 556 Ausgabe
888 491 948 551 von
981 492 1067 552 1740
1106 491 1257 551 übersetzt

235 540 324 600 „von
352 547 393 607 U.
415 546 462 606 dem
505 545 669 605 Verfasser
696 544 743 604 des
770 543 1024 603 Cameralisten,
1051 545 1129 605 8vo,
1157 542 1172 602 1
1199 541 1257 601 Al¬

238 592 387 652 „phabet
416 594 456 654 15
492 592 629 652 Bogen.

666 587 803 647 Der
835 592 1031 652 Uebersetzer
1068 592 1157 652 giebt
1190 589 1242 649 den

245 646 440 706 Thomas
472 646 678 706 Lediard,
699 642 751 702 der
779 643 847 703 ums
874 640 968 700 Jahr
990 638 1079 698 1727
1116 637 1163 697 als
1190 637 1258 697 Ge¬

247 694 580 754 sandschaftssekretär
623 694 675 754 bey
718 691 771 751 dem
819 688 1157 748 Großbritannischen
1190 685 1263 745 Ge¬

241 745 400 805 sandten,
422 744 474 804 dem
517 743 623 803 Ritter
650 739 794 799 Cyrill
810 739 916 799 Wich
943 739 969 799 in
1002 736 1246 796 Niedersachsen

246 795 271 855 zu
303 793 484 853 Halleburg
515 791 681 851 gestanden
718 789 779 849 und
811 789 899 849 durch
925 786 1034 846 Naval
1050 786 1195 846 Hystory
1221 781 1257 841 of

242 840 390 900 England
417 843 475 903 und
502 842 592 902 durch
619 837 671 897 the
693 837 751 897 life
778 837 809 897 of
831 837 926 897 Duke
953 835 984 895 of
1006 834 1249 894 Marlborough

237 891 380 951 bekannt
397 890 460 950 ist,
482 891 534 951 für
567 891 619 951 den
657 888 784 948 wahren
816 885 981 945 Verfasser
1013 886 1108 946 dieser
1135 880 1257 940 Briefe

245 942 334 1002 aus,
361 939 392 999 ob
430 939 461 999 er
488 938 540 998 sich
572 939 667 999 gleich
699 939 730 999 zu
767 936 930 996 verstecken
963 934 1073 994 sucht,
1105 933 1168 993 und
1205 930 1252 990 der

250 987 398 1047 englische
426 987 658 1047 Herausgeber
686 987 757 1047 hält
785 984 823 1044 sie
852 983 901 1043 für
929 982 1039 1042 wahre
1067 982 1254 1042 aufrichtige

246 1035 459 1095 Urschriften.
512 1033 584 1093 Sie
611 1031 667 1091 sind
694 1031 730 1091 an
762 1031 808 1091 der
830 1028 918 1088 Zahl
939 1028 1028 1088 acht
1054 1031 1132 1091 und
1158 1025 1267 1085 vier¬

242 1088 333 1148 zig,
361 1084 419 1144 und
442 1080 538 1140 geben
571 1076 749 1136 historische
772 1077 831 1137 und
858 1076 1139 1136 chorographische
1156 1074 1263 1134 Nach¬

241 1135 354 1195 richten
386 1130 438 1190 von
470 1130 521 1190 den
553 1127 699 1187 Städten
730 1127 912 1187 Münster,
940 1124 1173 1184 Paderborn,
1195 1123 1267 1183 Os¬

252 1184 410 1244 nabrück,
433 1181 596 1241 Minden,
625 1176 794 1236 Bremen,
818 1175 992 1235 Hamburg
1015 1175 1060 1235 (in
1089 1173 1127 1233 28
1162 1172 1263 1232 Brie¬

251 1234 338 1294 sen,)
356 1231 560 1291 Glückstadt,
583 1228 804 1288 Tönningen,
822 1224 1110 1284 Friedrichsstadt,
1122 1219 1265 1279 Schles¬

246 1282 338 1342 wig,
371 1282 512 1342 Stade,
545 1279 659 1339 Lübeck
692 1278 751 1338 und
791 1276 948 1336 Rostock,
981 1273 1078 1333 theils
1112 1270 1182 1330 was
1215 1268 1263 1328 die

248 1333 380 1393 Oerter,
409 1333 503 1393 theils
531 1330 575 1390 die
598 1327 808 1387 Einwohner
831 1327 959 1387 betrift.
1009 1324 1064 1384 So
1093 1323 1153 1383 wie
1171 1321 1253 1381 schon

248 1381 329 1441 diese
351 1379 628 1439 Beschreibungen
662 1375 721 1435 mit
743 1378 884 1438 Anmuth
923 1375 1075 1435 abgefaßt
1103 1375 1189 1435 sind:
1228 1372 1254 1432 so

249 1428 392 1488 ertheilen
424 1428 519 1488 ihnen
552 1428 600 1488 der
622 1428 786 1488 satyrische
807 1425 913 1485 Witz,
941 1425 993 1485 der
1015 1422 1062 1482 hin
1100 1422 1158 1482 und
1185 1422 1264 1482 wie¬

247 1479 303 1539 der
330 1479 504 1539 herrschet,
536 1478 592 1538 und
618 1479 664 1539 die
690 1473 1179 1533 Partikulairbegebenheiten,
1211 1470 1257 1530 die

247 1530 390 1590 erzählet
417 1527 571 1587 werden,
604 1527 678 1587 noch
711 1525 800 1585 mehr
833 1524 1136 1584 Annehmlichkeit.
1201 1523 1253 1583 In

247 1578 370 1638 einigen
407 1578 546 1638 Briefen
583 1576 644 1636 sind
676 1575 737 1635 aus
770 1575 821 1635 dem
873 1572 1146 1632 Hamburgischen
1183 1569 1260 1629 Pa¬

240 1622 436 1682 trioten,
466 1623 514 1683 der
539 1625 610 1685 nach
639 1622 687 1682 der
712 1619 861 1679 Vorrede
885 1619 976 1679 unter
1005 1619 1077 1679 allen
1107 1616 1265 1676 Wochen¬

248 1670 390 1730 schriften
421 1673 469 1733 dem
514 1670 681 1730 englischen
716 1667 887 1727 Zuschauer
918 1666 956 1726 am
1001 1664 1143 1724 nächsten
1178 1664 1261 1724 kom¬

254 1717 319 1777 men
348 1715 426 1775 soll,
465 1714 534 1774 eine
563 1713 763 1773 allegorische
791 1707 983 1767 Erzählung
1016 1708 1062 1768 als
1096 1706 1151 1766 von
1189 1706 1239 1766 dem

258 1755 720 1815 Verstandesthermometer,
742 1751 795 1811 dem
844 1750 1063 1810 Probierstein
1099 1748 1151 1808 der
1183 1748 1266 1808 Auf¬

257 1808 449 1868 richtigkeit,
478 1805 539 1865 und
562 1805 618 1865 von
647 1802 692 1862 der
715 1798 986 1858 philosophischen
1015 1798 1099 1858 Uhr,
1122 1796 1172 1856 die
1196 1795 1263 1855 Be¬

256 1858 436 1918 schreibung
471 1857 521 1917 des
556 1855 691 1915 Reiches
726 1851 878 1911 Pathia,
913 1851 974 1911 und
1003 1849 1252 1909 ausserordentli

256 1909 321 1969 cher
344 1911 587 1971 Mahlereyen,
621 1907 693 1967 doch
721 1906 787 1966 frey
821 1903 992 1963 übersetzt,
1015 1903 1263 1963 eingeflochten.

264 1960 507 2020 Insbesondere
529 1960 586 2020 hat
609 1960 666 2020 uns
693 1957 735 2017 die
763 1954 942 2014 Geschichte
969 1954 1021 2014 vom
1064 1954 1249 2014 sogenanten

255 2011 405 2071 stummen
436 2008 632 2068 Weltweisen
663 2008 687 2068 im
728 2008 819 2068 14ten
854 2005 899 2065 bis
930 2005 1025 2065 17ten
1061 2002 1176 2062 Briefe
1207 2001 1257 2061 ar¬

247 2061 321 2121 tig;
343 2061 374 2121 so
396 2060 459 2120 wie
481 2058 528 2118 die
551 2058 726 2118 Nachricht
748 2055 800 2115 vom
839 2055 933 2115 Ende
955 2053 1003 2113 des
1025 2049 1264 2109 Cabinetsekre¬

254 2111 320 2171 tärs
352 2108 398 2168 des
429 2107 538 2167 Baron
569 2106 683 2166 Görz,
714 2104 771 2164 von
797 2103 911 2163 Hagen
937 2101 993 2161 S.
1009 2103 1092 2163 192.
1118 2100 1179 2160 und
1206 2099 1257 2159 die

261 2160 316 2220 vom
361 2158 516 2218 gelehrten
544 2154 754 2214 Lübeckischen
783 2149 909 2209 Kinde,
932 2151 1142 2211 Christian
1171 2148 1264 2208 Hei¬

255 2208 381 2268 neke,
419 2208 444 2268 im
493 2205 604 2265 45sten
641 2200 763 2260 Briefe
800 2199 1022 2259 merkwürdig
1060 2199 1260 2259 geschienen.

264 2255 328 2315 Uns
361 2249 474 2309 gefällt
501 2249 572 2309 auch
610 2248 669 2308 sein
702 2246 837 2306 Urtheil
865 2246 918 2306 bey
957 2249 1178 2309 Gelegenheit
1206 2244 1254 2304 der

255 2303 460 2363 Nachricht,
487 2297 541 2357 von
579 2296 628 2356 der
661 2294 774 2354 großen
807 2297 937 2357 Anzahl
954 2298 1186 2358 Säugammen
1224 2294 1251 2354 in

258 2351 457 2411 Hamburg,
485 2344 538 2404 (30
577 2342 662 2402 Br.)
696 2341 754 2401 von
793 2344 846 2404 den
884 2348 1067 2408 Müttern,
1100 2345 1148 2405 die
1181 2344 1251 2404 ihre

256 2402 380 2462 Kinder
403 2397 460 2457 auf
484 2395 546 2455 eine
569 2391 689 2451 fremde
706 2390 814 2450 Wiese
837 2393 859 2453 in
901 2396 945 2456 die
969 2396 1083 2456 Weide
1112 2393 1259 2453 schicken.

257 2451 326 2511 Und
352 2449 420 2509 was
446 2445 578 2505 meynen
616 2438 703 2498 unsre
729 2437 810 2497 Leser
836 2443 936 2503 dazu,
969 2444 1056 2504 wenn
1094 2443 1144 2503 der
1170 2443 1257 2503 Ver¬

256 2501 346 2561 fasser
369 2500 413 2560 die
437 2496 577 2556 liebliche
606 2488 798 2548 italienische
821 2491 967 2551 Sprache
1002 2494 1064 2554 mit
1087 2492 1137 2552 der
1166 2491 1261 2551 deut¬

254 2549 329 2609 schen
362 2549 416 2609 bey
449 2548 503 2608 den
530 2545 639 2605 Opern
672 2536 867 2596 vergleicht,
900 2540 959 2600 und
993 2542 1052 2602 S.
1069 2543 1133 2603 125
1166 2539 1258 2599 sagt:

252 2596 325 2656 Die
354 2599 575 2659 hochdeutsche
604 2590 763 2650 Sprache
786 2584 825 2644 ist
848 2587 876 2647 so
905 2593 1132 2653 übelklingend
1161 2592 1262 2652 nicht,

251 2648 305 2708 daß
333 2648 375 2708 ein
414 2646 588 2706 geschickter
616 2641 772 2701 deutscher
805 2634 963 2694 Dichter,
991 2641 1120 2701 welcher
1148 2641 1250 2701 etwas

252 2694 312 2754 von
345 2694 400 2754 der
434 2694 544 2754 Musik
572 2694 738 2754 versteht,
766 2682 854 2742 nicht
882 2682 965 2742 sollte
993 2686 1108 2746 Worte
1131 2688 1258 2748 finden,

252 2745 300 2805 die
322 2745 402 2805 recht
425 2742 582 2802 eigentlich
610 2742 679 2802 dazu
707 2733 896 2793 stimmten,
925 2733 951 2793 so
973 2736 1027 2796 gut
1044 2736 1092 2796 als
1125 2736 1173 2796 die
1201 2739 1260 2799 ita¬

248 2796 442 2856 lienischen,
476 2793 535 2853 und
568 2793 606 2853 ich
639 2790 768 2850 fordere
796 2782 882 2842 einen
921 2784 1089 2844 Italiener
1117 2787 1257 2847 heraus,

248 2844 312 2904 mir
335 2845 361 2905 im
400 2844 574 2904 Deutschen
607 2839 868 2899 härterlautende
896 2829 988 2889 Töne
1010 2834 1036 2894 zu
1065 2835 1189 2895 zeigen,
1206 2835 1249 2895 als

246 2895 293 2955 ich
323 2897 370 2957 ihm
418 2897 441 2957 in
483 2895 577 2955 seiner
608 2890 868 2950 Muttersprache
899 2882 1004 2942 weisen
1041 2885 1141 2945 kann.
1183 2885 1259 2945 Ko¬

1292 346 1343 406 stet
1385 342 1419 402 in
1471 345 1714 405 vorbemeldten
1773 345 1987 405 Kanterschen
2039 348 2305 408 Buchhandlun=

1286 394 1343 454 gen
1378 392 1395 452 2
1430 392 1470 452 fl.

1618 443 1971 503 Brandenburg.

1338 487 1411 547 Bey
1449 491 1497 551 J.
1516 488 1578 548 W.
1597 491 1695 551 Halle
1721 491 1782 551 und
1813 496 1861 556 J.
1881 494 1936 554 S.
1961 493 2059 553 Halle
2091 490 2127 550 ist
2153 488 2214 548 aus
2245 491 2300 551 der

1292 539 1402 599 Presse
1424 539 1640 599 gekommen:
1674 536 1768 596 ”Die
1797 542 1946 602 Pflicht,
1969 544 2040 604 kurz
2069 545 2101 605 zu
2136 540 2307 600 predigen,

1293 589 1503 649 „untersucht
1519 587 1573 647 von
1606 588 1713 648 Joh.
1730 592 1907 652 Ditmar
1930 592 2183 652 Schmitzer,
2194 591 2301 651 Insp.

1306 634 1376 694 'und
1404 637 1501 697 Past.
1523 637 1550 697 zu
1577 637 1773 697 Wilsnock,
1795 640 1881 700 8vo.
1936 640 2039 700 Diese
2072 641 2212 701 Schrift
2240 637 2310 697 ver¬

1291 688 1399 748 dienet
1429 685 1511 745 nicht
1537 685 1600 745 nur
1625 688 1684 748 von
1719 689 1904 749 denjenigen
1944 690 2057 750 gelesen
2092 691 2121 751 zu
2156 691 2302 751 werden,

1295 736 1344 796 die
1364 736 1413 796 sich
1443 733 1492 793 dem
1532 736 1763 796 Predigtamte
1788 736 1955 796 widmen,
1981 739 2109 799 sondern
2144 739 2212 799 auch
2242 740 2296 800 von

1294 784 1420 844 denen,
1448 784 1495 844 die
1527 783 1601 843 über
1634 786 1798 846 Prediger
1830 786 1888 846 und
1920 786 2100 846 Predigten
2132 789 2296 849 gründlich

1295 834 1449 894 urtheilen
1481 831 1610 891 wollen.
1662 833 1740 893 Der
1761 834 1849 894 Herr
1870 834 2035 894 Verfasser
2057 834 2114 894 hat
2135 837 2217 897 einer
2238 838 2295 898 von

1299 882 1393 942 seinen
1426 882 1584 942 Pflichten
1611 882 1721 942 reiflich
1748 883 1980 943 nachgedacht,
2007 885 2070 945 und
2097 885 2165 945 was
2192 885 2223 945 er
2244 888 2296 948 zur

1295 933 1464 993 nützlichen
1501 930 1687 990 Ausübung
1724 930 1878 990 derselben
1920 933 2095 993 brauchbar
2127 937 2307 997 gefunden.

1296 978 1368 1038 auch
1394 979 1419 1039 zu
1451 981 1584 1041 anderer
1611 977 1801 1037 Belehrung
1827 978 1940 1038 allhier
1962 981 2162 1041 entworfen.
2204 987 2291 1047 Man

1295 1025 1373 1085 kann
1408 1028 1470 1088 also
1504 1028 1583 1088 diese
1606 1025 1719 1085 Bogen
1754 1024 1991 1084 einigermaßen
2031 1030 2076 1090 als
2110 1031 2178 1091 eine
2207 1034 2302 1094 kurze

1301 1073 1494 1133 Anweisung
1526 1076 1557 1136 zu
1595 1073 1775 1133 predigen,
1814 1070 1888 1130 oder
1914 1070 1963 1130 als
1995 1074 2082 1134 einen
2114 1079 2300 1139 Unterricht

1299 1121 1355 1181 von
1387 1121 1432 1181 der
1454 1123 1660 1183 Eigenschaft
1681 1121 1742 1181 und
1769 1121 2011 1181 nothwendigen
2043 1124 2300 1184 Beschaffenheit

1296 1172 1497 1232 erbaulicher
1524 1172 1704 1232 Predigten
1741 1172 1896 1232 ansehen.
1969 1171 2067 1231 Denn
2114 1169 2145 1229 es
2176 1172 2295 1232 werden

1299 1219 1452 1279 daainnen
1479 1219 1537 1279 fast
1559 1219 1616 1279 alle
1638 1219 1759 1279 Regeln
1786 1222 1844 1282 und
1871 1222 2109 1282 Vorstellungen
2142 1222 2310 1282 berühret,

1297 1270 1340 1330 die
1369 1270 1445 1330 dazu
1479 1270 1640 1330 gehören.
1708 1270 1779 1330 Der
1813 1270 1895 1330 Herr
1924 1273 2090 1333 Verfasser
2119 1274 2224 1334 suchet
2252 1273 2296 1333 die

1300 1324 1407 1384 Kürze
1436 1321 1520 1381 einer
1549 1321 1689 1381 Predigt
1718 1321 1802 1381 nicht
1831 1321 1853 1381 in
1893 1324 1943 1384 dem
1983 1327 2112 1387 Maaße
2147 1327 2197 1387 der
2220 1327 2304 1387 Zeit,

1295 1372 1425 1432 sondern
1463 1372 1490 1432 in
1524 1372 1578 1432 der
1606 1372 1736 1432 Absicht
1764 1371 1818 1431 des
1845 1375 2030 1435 Vortrages
2074 1375 2140 1435 und
2168 1375 2221 1435 den
2260 1377 2308 1437 be¬

1296 1422 1451 1482 quemsten
1483 1422 1648 1482 Mitteln,
1680 1421 1720 1481 sie
1737 1422 1767 1482 zu
1800 1422 1980 1482 erreichen;
2017 1422 2079 1482 wie
2111 1424 2177 1484 man
2214 1425 2291 1485 denn

1294 1470 1324 1530 in
1361 1470 1448 1530 einer
1480 1470 1722 1530 Viertelstunde
1749 1470 1795 1530 oft
1822 1470 1893 1530 sehr
1920 1473 2023 1533 lang,
2054 1473 2116 1533 und
2153 1473 2178 1533 in
2215 1473 2302 1533 einer

1298 1521 1440 1581 Stunde
1466 1521 1524 1581 und
1549 1518 1686 1578 darüber
1716 1518 1883 1578 ungemein
1918 1521 1992 1581 kurz
2022 1521 2169 1581 predigen
2209 1524 2306 1584 kann.

1302 1572 1409 1632 Seine
1431 1569 1652 1629 Abhandlung
1680 1569 1799 1629 besteht
1821 1569 1880 1629 also
1908 1569 1966 1629 aus
2005 1571 2112 1631 dreyen
2145 1572 2301 1632 Theilen.

1303 1621 1347 1681 In
1378 1619 1428 1679 dem
1468 1619 1558 1679 ersten
1589 1616 1669 1676 wird
1689 1616 1890 1676 ausführlich
1926 1619 2151 1679 untersuchet,
2177 1620 2302 1680 worin¬

1298 1664 1352 1724 nen
1383 1664 1428 1724 die
1449 1664 1554 1724 Kürze
1585 1661 1670 1721 einer
1696 1661 1842 1721 Predigt
1867 1661 2028 1721 eigentlich
2059 1664 2194 1724 besteht.
2245 1667 2295 1727 In

1301 1706 1352 1766 dem
1391 1703 1523 1763 zweyten
1553 1703 1672 1763 werden
1703 1703 1749 1763 die
1771 1703 1911 1763 Gründe
1933 1703 2146 1763 angeführet,
2164 1707 2292 1767 woraus

1303 1747 1351 1807 sich
1380 1747 1427 1807 die
1452 1746 1754 1806 Verbindlichkeit,
1783 1748 1854 1808 kurz
1884 1748 1913 1808 zu
1947 1748 2124 1808 predigen,
2153 1751 2296 1811 erweisen

1295 1798 1385 1858 läßt;
1414 1799 1476 1859 und
1505 1796 1532 1856 in
1568 1796 1618 1856 dem
1670 1797 1783 1857 dritten
1818 1799 1908 1859 giebt
1938 1799 1982 1859 der
2011 1801 2102 1861 Herr
2120 1805 2295 1865 Inspector

1302 1850 1346 1910 die
1368 1851 1489 1911 Mittel
1507 1849 1572 1909 an,
1601 1849 1744 1909 wodurch
1766 1849 1821 1909 das
1849 1852 2053 1912 Bestreben,
2076 1855 2147 1915 kurz
2175 1858 2202 1918 zu
2236 1859 2302 1919 pre¬

1294 1903 1415 1963 digen,
1437 1903 1584 1963 erlanget
1606 1901 1664 1961 und
1691 1901 1849 1961 befördert
1871 1903 1992 1963 werden
2019 1906 2141 1966 könne.
2189 1906 2299 1966 Kostet

1296 1951 1322 2011 in
1360 1954 1412 2014 der
1434 1954 1645 2014 Kanterschen
1672 1954 1936 2014 Buchhandlung
1969 1957 2111 2017 allhier,
2138 1957 2196 2017 wie
2223 1958 2291 2018 auch

1298 2003 1325 2063 in
1354 2002 1474 2062 Elbing
1503 2003 1560 2063 und
1589 2002 1703 2062 Mitau
1738 2002 1749 2062 1
1773 2002 1812 2062 fl.

1655 2049 1932 2109 Amsterdam.

1346 2090 1406 2150 "Le
1428 2097 1527 2157 genie
1550 2094 1588 2154 de
1616 2097 1643 2157 la
1672 2094 1787 2154 langue
1821 2098 2008 2158 françoise,
2037 2100 2152 2160 extrait
2180 2100 2213 2160 du
2247 2100 2296 2160 di-

1311 2144 1506 2204 ctionnaire
1527 2142 1563 2202 de
1584 2142 1784 2202 l'academie
1811 2145 1996 2205 françoise,
2028 2148 2068 2208 de
2095 2150 2125 2210 la
2151 2151 2295 2211 quatriè-

1312 2191 1371 2251 me
1402 2192 1522 2252 edition
1558 2190 1668 2250 1762.
1694 2191 1709 2251 &
1755 2190 1810 2250 des
1836 2191 2006 2251 meilleurs
2037 2196 2187 2256 auteurs,
2213 2202 2298 2262 8vo,

1323 2240 1432 2300 1764,
1461 2239 1565 2299 Tom.
1577 2237 1609 2297 1.
1637 2237 1654 2297 1
1677 2240 1836 2300 Alphabet
1859 2240 1869 2300 2
1898 2240 1958 2300 und
1981 2242 1997 2302 1
2020 2243 2129 2303 halben
2158 2245 2295 2305 Bogen.

1300 2291 1426 2351 "Tom.
1444 2291 1482 2351 2.
1505 2288 1520 2348 1
1549 2288 1709 2348 Alphabet
1732 2288 1742 2348 5
1771 2288 1930 2348 Bogen.”
1992 2286 2080 2346 Eine
2108 2289 2135 2349 so
2164 2291 2296 2351 beliebte

1307 2342 1477 2402 Sprache,
1506 2336 1561 2396 und
1589 2333 1639 2393 die
1656 2336 1711 2396 das
1740 2339 1961 2399 Geheimniß,
1984 2336 2033 2396 sich
2056 2339 2294 2399 unentbehrlich

1298 2398 1329 2458 zu
1356 2391 1510 2451 machen,
1542 2387 1568 2447 so
1601 2387 1659 2447 gut
1686 2390 1871 2450 verstanden
1909 2387 1988 2447 hat,
2021 2387 2068 2447 als
2101 2389 2148 2449 die
2175 2391 2302 2451 franzö¬

1302 2441 1410 2501 sische,
1435 2437 1549 2497 scheint
1581 2435 1616 2495 um
1666 2436 1696 2496 so
1733 2436 1799 2496 viel
1830 2438 1944 2498 größre
1976 2437 2145 2497 Sorgfalt
2170 2441 2218 2501 für
2249 2443 2297 2503 die

1301 2490 1497 2550 Richtigkeit
1515 2483 1566 2543 bey
1590 2482 1676 2542 ihrer
1694 2487 1878 2547 Erlernung
1902 2488 1930 2548 zu
1960 2486 2110 2546 fordern.
2162 2491 2300 2551 Gegen¬

1295 2539 1448 2599 wartiges
1471 2533 1709 2593 Wörterbuch,
1733 2538 1863 2598 welches
1887 2536 1948 2596 aus
1972 2536 2022 2596 dem
2063 2540 2204 2600 großen,
2228 2542 2284 2602 von

1298 2590 1347 2650 der
1376 2584 1596 2644 französischen
1637 2584 1807 2644 Akademie
1836 2584 2107 2644 veranstalteten,
2141 2593 2301 2653 ausgezo¬

1298 2640 1349 2700 gen
1385 2635 1545 2695 worden,
1576 2632 1617 2692 ist
1643 2633 1668 2693 zu
1710 2635 1808 2695 diesem
1855 2635 2045 2695 Endzwecke
2071 2641 2210 2701 überaus
2246 2640 2297 2700 be¬

1299 2685 1373 2745 quem
1414 2683 1474 2743 und
1500 2679 1701 2739 brauchbar,
1726 2685 1786 2745 und
1818 2685 1963 2745 verdient
1989 2685 2064 2745 allen
2094 2688 2285 2748 Liebhabern

1294 2734 1391 2794 dieser
1412 2730 1566 2790 Sprache
1587 2730 1762 2790 empfohlen
1804 2733 1829 2793 zu
1865 2733 2019 2793 werden,
2051 2733 2138 2793 wenn
2174 2736 2210 2796 sie
2241 2732 2292 2792 zu¬

1296 2784 1359 2844 mal
1381 2779 1465 2839 durch
1492 2775 1598 2835 weiter
1625 2781 1831 2841 Entfernung
1853 2781 1879 2841 in
1906 2781 2022 2841 größre
2039 2781 2166 2841 Gefahr
2187 2781 2293 2841 gesetzt

1298 2832 1382 2892 sind,
1409 2826 1461 2886 von
1488 2826 1572 2886 jener
1599 2832 1795 2892 Richtigkeit
1817 2832 2065 2892 abzukommen.
2113 2829 2187 2889 Der
2208 2829 2298 2889 Aus¬

1297 2884 1343 2944 zug
1372 2880 1406 2940 ist
1430 2876 1499 2936 aber
1523 2879 1610 2939 nicht
1628 2882 1650 2942 in
1686 2882 1738 2942 der
1761 2882 1883 2942 Absicht
1912 2882 2103 2942 verfertigt,
2127 2876 2162 2936 um
2203 2878 2294 2938 über=

2183 2933 2288 2993 haupt
