2479 3508
236 334 351 394 Helfte
371 330 460 390 mehr
473 329 531 389 ist,
558 327 602 387 als
622 327 737 387 jemals
764 327 795 387 zu
815 327 866 387 der
886 324 949 384 Zeit
976 324 1008 384 da
1028 324 1059 384 sie
1079 324 1104 384 in
1131 324 1258 384 franzö¬

241 383 346 443 sischen
372 378 508 438 Händen
544 374 670 434 waren,
696 374 817 434 daraus
848 373 989 433 erhalten
1020 372 1146 432 würde.
1172 374 1247 434 Von

241 434 292 494 dem
339 428 581 488 Wallfischfang
612 425 642 485 an
674 425 725 485 den
757 422 869 482 Küsten
901 422 957 482 von
978 422 1158 482 Labrador,
1174 421 1251 481 Ter¬

243 480 273 540 re
299 479 412 539 neuwe
433 478 494 538 und
521 475 675 535 Hudsons
696 473 788 533 Bay,
814 473 989 533 verspricht
1010 473 1081 533 man
1108 473 1154 533 sich
1175 473 1246 533 auch

242 530 360 590 anjetzo
388 527 436 587 die
452 527 571 587 grösten
604 525 793 585 Vortheile,
821 524 879 584 und
907 524 972 584 man
1010 524 1047 584 ist
1075 524 1253 584 versichert,

236 581 289 641 daß
322 578 492 638 demselben
530 575 556 635 in
589 575 641 635 der
669 575 813 635 nächsten
851 574 1176 634 Parlamentsitzung
1209 571 1256 631 be¬

243 630 359 690 sondre
381 625 656 685 Gerechtigkeiten
700 624 763 684 und
795 622 975 682 Freiheiten
1014 622 1135 682 werden
1168 619 1262 679 zuge¬

252 679 370 739 standen
401 676 545 736 werden.
597 670 684 730 Was
711 673 798 733 hiezu
835 670 870 730 am
923 670 1046 730 meisten
1077 670 1247 730 Hoffnung

249 730 368 790 macht,
391 727 441 787 ist,
470 727 521 787 daß
555 724 617 784 alda
646 724 753 784 jüngst
771 722 816 782 41
839 721 935 781 große
958 720 1139 780 Wallfische
1162 718 1252 778 durch

250 778 472 838 Avanturiers
498 772 653 832 gefangen
680 771 803 831 worden
835 771 917 831 sind.
970 772 1047 832 Wie
1073 769 1140 829 noch
1166 769 1243 829 beym

245 828 402 888 Abgehen
442 825 495 885 der
523 816 610 876 Post
638 821 817 881 verlautet,
840 819 866 879 so
894 819 1008 879 dürfte
1041 821 1068 881 in
1113 816 1253 876 wenigen

249 877 361 937 Tagen
390 873 459 933 eine
481 872 622 932 Königl.
639 873 741 933 Jacht
763 870 834 930 nach
861 870 1002 930 Holland
1024 870 1186 930 abgehen,
1208 867 1240 927 um

248 927 322 987 Se.
339 924 545 984 Hochfürstl.
567 921 710 981 Durchl.
732 921 784 981 den
811 921 1018 981 regierenden
1050 921 1172 981 Herzog
1199 915 1257 975 von

259 974 664 1034 Meklenburg=Strelitz
689 970 825 1030 herüber
849 969 878 1029 zu
903 969 1039 1029 hohlen.

475 1029 735 1089 Neapolis,
757 1025 810 1085 den
849 1025 908 1085 16.
936 1025 1027 1085 Aug.

295 1084 353 1144 In
380 1079 433 1139 den
465 1076 480 1136 6
507 1076 597 1136 ersten
629 1076 793 1136 Monaten
820 1070 921 1130 dieses
948 1073 1075 1133 Jahres
1112 1072 1176 1132 sind
1208 1069 1276 1129 hie¬

254 1134 358 1194 selbst,
375 1130 446 1190 nach
474 1127 557 1187 einer
585 1124 745 1184 Angabe,
779 1121 828 1181 die
856 1121 927 1181 sehr
956 1121 1066 1181 richtig
1100 1121 1166 1181 seyn
1199 1120 1271 1180 soll,

253 1184 373 1244 19707
407 1176 578 1236 Menschen
606 1174 765 1234 gestorben
794 1172 854 1232 und
888 1173 981 1233 4493
1015 1172 1169 1232 geboren,
1202 1168 1263 1228 und

255 1234 276 1294 in
310 1231 359 1291 den
388 1229 504 1289 andern
538 1225 665 1285 Plätzen
699 1225 748 1285 des
765 1222 881 1282 Reichs
909 1223 969 1283 sind
998 1221 1136 1281 116973
1159 1220 1274 1280 gestor=

254 1285 307 1345 ben
341 1285 400 1345 und
427 1280 514 1340 9346
547 1273 704 1333 geboren.

494 1327 720 1387 Lissabon,
755 1324 807 1384 den
848 1324 905 1384 14.
935 1324 1027 1384 Aug.

303 1381 351 1441 Am
400 1379 578 1439 Mittwoch
605 1375 648 1435 ist
670 1374 718 1434 die
746 1374 886 1434 Escadre
924 1372 978 1432 des
1005 1372 1156 1432 Herzogs
1200 1372 1259 1432 von

254 1431 434 1491 Braganza
465 1428 521 1488 von
553 1425 609 1485 dem
656 1424 748 1484 Tago
780 1421 805 1481 in
847 1419 924 1479 See
955 1422 1140 1482 gegangen.
1192 1419 1264 1479 Sie

253 1482 363 1542 besteht
386 1476 413 1536 in
442 1476 452 1536 2
481 1473 726 1533 Kriegsschiffen
761 1473 815 1533 von
844 1473 882 1533 74
911 1470 971 1530 und
994 1472 1033 1532 50
1067 1472 1122 1532 und
1151 1470 1161 1530 2
1190 1472 1273 1532 Fre=

250 1530 357 1590 gatten
389 1527 445 1587 von
482 1524 517 1584 36
554 1524 738 1584 Kanonen.
806 1522 878 1582 Aus
909 1518 986 1578 Goa
1018 1520 1079 1580 hat
1110 1521 1182 1581 man
1218 1519 1264 1579 die

243 1578 414 1638 Zeitung,
448 1574 503 1634 daß
537 1573 631 1633 unser
660 1572 804 1632 dortiger
838 1572 1015 1632 Vicekönig
1049 1572 1148 1632 große
1177 1569 1265 1629 Vor¬

250 1630 345 1690 theile
372 1625 445 1685 über
467 1623 514 1683 die
541 1622 709 1682 Indianer
736 1619 873 1679 erhalten
916 1619 926 1679 2
958 1619 1010 1679 von
1037 1619 1126 1679 ihren
1159 1619 1253 1679 Forts

252 1676 402 1736 erobert,
433 1672 493 1732 und
524 1670 720 1730 verschiedne
756 1667 852 1727 kleine
888 1667 1053 1727 feindliche
1079 1664 1265 1724 Fahrzeuge

253 1722 350 1782 theils
377 1717 572 1777 verbrannt,
588 1715 685 1775 theils
706 1712 731 1772 in
763 1711 809 1771 den
845 1711 963 1771 Grund
990 1710 1143 1770 gebohret
1165 1709 1262 1769 habe.

473 1766 735 1826 Warschau,
761 1763 812 1823 den
853 1763 913 1823 20.
944 1761 1055 1821 Sept.

306 1821 459 1881 Nachdem
507 1817 554 1877 der
584 1817 654 1877 Hr.
685 1814 843 1874 Woywod
874 1813 932 1873 von
962 1814 1044 1874 Kiow
1086 1813 1174 1873 Graf
1199 1811 1269 1871 Po¬

251 1876 335 1936 tocki
353 1875 407 1935 sich
438 1873 474 1933 am
523 1870 613 1930 14ten
650 1867 752 1927 dieses
783 1866 836 1926 bey
867 1867 939 1927 Sr.
964 1867 1103 1927 Königl.
1121 1866 1266 1926 Majest.

255 1927 466 1987 beurlaubet,
494 1924 555 1984 und
584 1922 650 1982 nach
678 1921 856 1981 Anrufung
879 1918 1007 1978 GOttes
1036 1921 1091 1981 zum
1130 1918 1252 1978 Zeugen

258 1980 337 2040 seine
359 1979 422 2039 und
443 1975 543 2035 seiner
570 1972 708 2032 Familie
729 1971 914 2031 beständige
942 1969 1052 2029 Treue
1079 1969 1136 2029 und
1169 1966 1269 2026 Erge¬

258 2028 385 2088 benheit
406 2025 607 2085 contestiret,
634 2021 702 2081 auch
740 2020 798 2080 von
835 2020 909 2080 Sr.
936 2020 1036 2080 Maj.
1058 2020 1105 2080 die
1132 2017 1269 2077 Gegen¬

258 2077 473 2137 versicherung
502 2073 673 2133 erhalten,
696 2068 756 2128 wie
785 2067 967 2127 allerhöchst
990 2068 1161 2128 Dieselben
1189 2067 1261 2127 Ihn

259 2127 354 2187 denen
381 2124 507 2184 Fürsten
539 2120 772 2180 Czartorysken
804 2118 1026 2178 gleichschätzen
1058 2115 1211 2175 werden,
1238 2113 1263 2173 so

258 2178 288 2238 ist
310 2174 449 2234 derselbe
470 2172 537 2232 noch
568 2172 599 2232 an
630 2169 697 2229 eben
729 2166 821 2226 diesem
868 2168 956 2228 Tage
977 2166 1007 2226 ad
1034 2166 1168 2226 propria
1199 2165 1266 2225 ver¬

255 2226 364 2286 reiset.
426 2220 531 2280 Viele
554 2217 725 2277 pollnische
759 2216 819 2276 und
864 2217 1052 2277 lithauische
1081 2211 1274 2271 Herrschaf¬

258 2270 306 2330 ten
339 2270 436 2330 haben
469 2267 517 2327 sich
545 2264 701 2324 ebenfalls
723 2262 804 2322 schon
832 2264 901 2324 nach
929 2267 1036 2327 Hause
1059 2264 1220 2324 verfüget,
1237 2262 1258 2322 so

264 2321 319 2381 daß
347 2318 396 2378 sich
424 2315 484 2375 nur
508 2315 573 2375 noch
602 2313 722 2373 wenige
751 2312 861 2372 allhier
884 2315 1050 2375 befinden.
1106 2312 1166 2372 Als
1194 2312 1265 2372 Sr.

269 2370 362 2430 Maj.
391 2365 484 2425 heute
518 2360 572 2420 vor
601 2360 611 2420 8
650 2362 760 2422 Tagen
800 2362 843 2422 die
872 2366 976 2426 Pacta
1010 2363 1180 2423 Conventa
1214 2360 1269 2420 be¬

266 2420 442 2480 schworen,
462 2412 527 2472 und
553 2409 599 2469 bey
626 2408 697 2468 Sr.
717 2408 860 2468 Durchl.
874 2414 926 2474 dem
966 2415 1089 2475 Fürsten
1123 2408 1266 2468 Primas

259 2472 317 2532 das
349 2465 603 2525 Mittagsmahl
630 2458 872 2518 eingenommen
904 2464 1047 2524 hatten,
1084 2458 1258 2518 regulirten

261 2521 451 2581 allerhöchst
486 2511 636 2571 dieselben
666 2506 909 2566 hochgedachten
932 2512 1060 2572 Fürsten
1095 2510 1140 2570 für
1170 2509 1256 2569 dessen

264 2570 457 2630 wåhrendem
506 2559 711 2619 Interregno
750 2557 889 2617 gehabte
917 2563 1165 2623 Bemühungen
1203 2560 1267 2620 mit

266 2621 350 2681 einem
393 2616 603 2676 Brillantuen
630 2605 740 2665 Ringe
767 2605 851 2665 2000
878 2613 1025 2673 Ducaten
1052 2611 1173 2671 werth.
1200 2608 1268 2668 Ob=

267 2670 351 2730 gleich
380 2664 459 2724 schon
488 2664 544 2724 fast
567 2663 623 2723 alle
646 2657 770 2717 Herren
799 2656 986 2716 Senatores
1020 2661 1076 2721 und
1111 2658 1269 2718 Ministri

268 2721 318 2781 zur
341 2714 443 2774 Union
477 2712 647 2772 getreten,
670 2708 732 2768 und
761 2703 834 2763 Sr.
851 2706 953 2766 Maj.
976 2711 1026 2771 für
1055 2706 1145 2766 ihren
1180 2709 1276 2769 recht¬

266 2766 409 2826 mäßigen
446 2761 549 2821 König
574 2760 730 2820 erkannt;
761 2754 790 2814 so
827 2754 966 2814 befinden
1003 2757 1056 2817 sich
1094 2757 1159 2817 doch
1196 2757 1268 2817 noch

267 2817 385 2877 einige,
409 2813 453 2873 die
477 2809 505 2869 es
534 2811 595 2871 mit
619 2811 692 2871 Sr.
710 2806 811 2866 Maj.
829 2802 891 2862 und
925 2803 975 2863 der
999 2808 1163 2868 Republik
1192 2808 1276 2868 nicht

269 2867 371 2927 halten
400 2861 530 2921 wollen.
581 2858 632 2918 Es
656 2859 695 2919 ist
712 2856 831 2916 dahero
860 2849 910 2909 von
946 2852 1013 2912 Sr.
1036 2858 1183 2918 Durchl.
1207 2858 1257 2918 dem

264 2918 393 2978 Fürsten
429 2909 954 2969 General=Kronregimentario
984 2905 1030 2965 die
1055 2909 1160 2969 Ordre
1190 2909 1219 2969 an
1249 2906 1266 2966 2

1295 325 1509 385 Regimenter
1532 328 1717 388 Cavallerie
1741 330 1874 390 nämlich
1903 324 1955 384 das
1985 327 2129 387 Gräflich
2159 332 2309 392 Potocki¬

1289 374 1348 434 sche
1379 374 1439 434 und
1470 374 1505 434 an
1546 377 1601 437 das
1632 379 1950 439 Wielopolskische,
1981 374 2046 434 wie
2077 377 2147 437 auch
2183 377 2217 437 an
2258 382 2293 442 10

1294 422 1473 482 pohlnische
1495 424 1626 484 Fahnen
1658 428 1837 488 ergangen,
1859 431 1895 491 um
1938 428 1990 488 ins
2017 428 2222 488 Cracauische
2238 427 2301 487 Bi¬

1297 471 1456 531 schofthum
1493 474 1519 534 zu
1550 475 1767 535 marschiren,
1793 479 1855 539 und
1882 479 1938 539 aus
1964 479 2156 539 demselben,
2182 476 2306 536 sowohl

1295 521 1362 581 ihre
1391 524 1543 584 Löhnung
1571 524 1616 584 als
1651 527 1718 587 auch
1747 530 1893 590 Fourage
1933 532 1989 592 für
2018 532 2085 592 ihre
2108 528 2231 588 Pferde
2260 529 2294 589 zu

1297 572 1425 632 ziehen.
1462 572 1507 632 Am
1550 577 1745 637 verwichnen
1777 578 1957 638 Sonntage
1983 582 2133 642 befanden
2164 578 2210 638 sich
2236 576 2308 636 Sr.

1300 619 1400 679 Maj.
1422 619 1512 679 nebst
1539 622 1633 682 denen
1676 628 1744 688 hier
1782 628 2041 688 gegenwärtigen
2073 631 2200 691 Herren
2237 628 2300 688 und

1302 667 1429 727 Damen
1459 670 1513 730 auf
1539 673 1626 733 einem
1666 676 1755 736 Ball
1780 678 1838 738 und
1868 679 2010 739 Soupee
2036 680 2064 740 im
2104 679 2306 739 Ujasdower

1303 719 1449 779 Palais,
1476 721 1503 781 so
1536 721 1589 781 der
1611 726 1708 786 Russ.
1730 727 1903 787 Gesandte
1930 727 2027 787 Fürst
2049 729 2178 789 Repnin
2217 729 2308 789 gege¬

1294 766 1376 826 ben,
1402 769 1459 829 und
1491 771 1630 831 besagtes
1656 775 1774 835 Palais
1802 775 1940 835 prächtig
1967 778 2169 838 illuminiren
2195 778 2308 838 laßen.

1299 818 1490 878 Vorgestern
1521 822 1692 882 geruheten
1724 822 1795 882 Sr.
1817 828 1961 888 Durchl.
1983 828 2039 888 das
2071 828 2215 888 Soupee
2246 829 2298 889 bey

1296 867 1350 927 der
1380 867 1522 927 Wittwe
1552 870 1605 930 des
1641 873 1862 933 verstorbenen
1902 879 2093 939 lithauschen
2133 879 2310 939 Kammer¬

1300 915 1392 975 herrn
1423 918 1546 978 Grafen
1578 920 1634 980 von
1665 924 1814 984 Mniszek
1835 929 2097 989 einzunehmen,
2123 929 2184 989 und
2211 930 2303 990 heute

1302 966 1493 1026 Vormittag
1524 969 1694 1029 verfügten
1731 971 1777 1031 sich
1814 974 1891 1034 Sr.
1912 977 2015 1037 Maj.
2042 979 2222 1039 außerhalb
2254 980 2305 1040 der

1308 1011 1438 1071 Stadt,
1464 1016 1594 1076 besahen
1625 1016 1680 1076 das
1711 1016 1736 1076 im
1777 1017 1872 1077 Felde
1903 1024 2049 1084 stehende
2070 1028 2311 1088 Kron=Artille=

1299 1061 1540 1121 rieregiment,
1566 1064 1624 1124 und
1655 1064 1708 1124 das
1738 1064 1837 1124 Russ.
1852 1068 1975 1128 Lager,
2000 1070 2059 1130 und
2094 1073 2237 1133 kehreten
2277 1073 2306 1133 zu

1308 1109 1457 1169 Mittage
1478 1112 1518 1172 ein
1560 1112 1611 1172 bey
1637 1115 1714 1175 Sr.
1735 1115 1879 1175 Durchl.
1905 1117 1956 1177 dem
1998 1117 2126 1177 Fürsten
2152 1119 2311 1179 Woywo¬

1305 1157 1357 1217 den
1390 1160 1442 1220 von
1469 1161 1648 1221 Rußland.
1696 1166 1833 1226 Gestern
1870 1166 1907 1226 ist
1934 1167 1992 1227 auf
2019 1171 2124 1231 Ordre
2151 1169 2203 1229 des
2230 1169 2314 1229 Für¬

1308 1209 1360 1269 sten
1393 1213 1721 1273 Cronregimentarii
1748 1216 1800 1276 das
1827 1219 2007 1279 Regiment
2029 1222 2224 1282 Infanterie
2251 1219 2304 1279 des

1299 1261 1588 1321 Kronfeldherrn,
1621 1265 1647 1325 so
1675 1267 1794 1327 allhier
1823 1270 1882 1330 aus
1916 1273 2040 1333 Cracau
2085 1273 2313 1333 eingetroffen,

1305 1311 1376 1371 nach
1408 1312 1588 1372 Bialistock
1599 1320 1799 1380 marschiret,
1830 1321 1922 1381 allwo
1954 1321 2005 1381 der
2036 1322 2139 1382 Sage
2170 1323 2237 1383 nach
2273 1323 2298 1383 in

1306 1363 1416 1423 kurzen
1451 1363 1501 1423 der
1537 1366 1627 1426 Herr
1652 1372 1813 1432 Castellan
1849 1370 1904 1430 von
1945 1370 2065 1430 Cracau
2106 1373 2170 1433 und
2201 1372 2311 1432 Kron¬

1305 1413 1531 1473 großfeldherr
1557 1416 1711 1476 eintreffen
1743 1419 1815 1479 soll.
1862 1418 2000 1478 Gestern
2032 1422 2145 1482 wurde
2171 1421 2243 1481 auch
2274 1421 2299 1481 in

1305 1461 1400 1521 denen
1436 1464 1582 1524 Königl.
1603 1470 1768 1530 Zimmern
1810 1470 1860 1530 die
1886 1470 2087 1530 Ordination
2128 1470 2314 1530 abgelesen,

1303 1510 1364 1570 wie
1386 1512 1431 1572 die
1458 1514 1597 1574 Königl.
1618 1521 1891 1581 Kammerherren
1918 1521 1989 1581 ihre
2011 1521 2150 1581 Dienste
2176 1523 2206 1583 zu
2243 1521 2310 1581 ver¬

1302 1560 1415 1620 richten
1448 1563 1567 1623 haben.
1616 1568 1697 1628 Sr.
1719 1569 1822 1629 Maj.
1844 1571 1941 1631 geben
1974 1572 2087 1632 täglich
2120 1572 2174 1632 von
2207 1572 2223 1632 9
2256 1572 2309 1632 bis

1306 1610 1345 1670 11
1371 1610 1436 1670 Uhr
1461 1613 1647 1673 Audienze,
1673 1618 1733 1678 und
1769 1616 1864 1676 haben
1905 1619 1935 1679 zu
1970 1620 2302 1680 verschiednenmalen

1305 1658 1516 1718 verschiedene
1541 1662 1665 1722 Herren
1690 1664 1882 1724 Senatores
1911 1667 1969 1727 und
1998 1667 2156 1727 Minister
2181 1670 2233 1730 zur
2253 1670 2315 1730 Ta¬

1303 1704 1347 1764 fel
1368 1702 1526 1762 gezogen.

1482 1748 1872 1808 Constantinopel,
1897 1748 1947 1808 den
1989 1749 2024 1809 1.
2049 1754 2140 1814 Aug.

1356 1790 1426 1850 Die
1451 1793 1574 1853 Pforte
1604 1796 1662 1856 hat
1687 1799 1739 1859 dem
1787 1797 1916 1857 Fürsten
1953 1802 2141 1862 Radziwill
2160 1805 2318 1865 Woywo¬

1305 1846 1356 1906 den
1385 1846 1441 1906 von
1470 1846 1577 1906 Wilda
1606 1851 1662 1911 alle
1685 1852 1899 1912 Sicherheit,
1911 1852 2035 1912 sowohl
2059 1855 2103 1915 für
2127 1858 2205 1918 seine
2229 1858 2318 1918 Per¬

1307 1900 1348 1960 son
1381 1900 1428 1960 als
1455 1899 1534 1959 seine
1556 1901 1667 1961 Güter
1694 1903 1751 1963 und
1778 1903 1921 1963 Gefolge
1943 1908 2122 1968 bewilligt,
2150 1912 2208 1972 und
2235 1912 2303 1972 man

1310 1951 1408 2011 hört,
1433 1950 1486 2010 daß
1516 1950 1545 2010 er
1570 1953 1594 2013 in
1624 1954 1672 2014 der
1702 1956 1839 2016 Moldau
1874 1954 1932 2014 mit
1952 1957 2040 2017 1200
2070 1960 2231 2020 Personen
2261 1962 2319 2022 an=

1309 2002 1484 2062 gekommen
1516 1999 1577 2059 sey.
1630 2002 1701 2062 Der
1728 2005 1862 2065 Oberste
1888 2006 1939 2066 von
1971 2008 2224 2068 Stanckiewitz,
2245 2011 2317 2071 Re¬

1307 2051 1407 2111 sident
1423 2049 1476 2109 des
1503 2050 1624 2110 Grafen
1657 2052 1820 2112 Branicki
1837 2052 1979 2112 befindet
2001 2055 2048 2115 sich
2075 2056 2144 2116 noch
2181 2058 2319 2118 allhier,

1309 2098 1369 2158 und
1398 2097 1448 2157 der
1481 2098 1536 2158 vom
1584 2100 1723 2160 Primas
1761 2101 1820 2161 und
1849 2103 1899 2163 der
1932 2106 2165 2166 conföderirten
2202 2106 2318 2166 Repu¬

1307 2149 1367 2209 blik
1395 2145 1595 2205 abgeschickte
1617 2148 1783 2208 Gesandte
1806 2153 1877 2213 muß
1906 2154 1955 2214 sich
1989 2154 2039 2214 bis
2067 2157 2122 2217 zur
2145 2160 2250 2220 Wahl
2278 2159 2322 2219 ei¬

1304 2200 1358 2260 nes
1384 2199 1480 2259 neuen
1510 2199 1636 2259 Königs
1662 2200 1732 2260 noch
1758 2202 1788 2262 an
1824 2202 1873 2262 den
1904 2205 2050 2265 Grenzen
2081 2208 2267 2268 aufhalten.

1614 2294 2009 2354 AVERTISSEMENT.

1357 2345 1433 2405 Bey
1467 2342 1522 2402 dem
1566 2345 1720 2405 Verleger
1754 2348 1853 2408 dieser
1887 2348 2019 2408 Zeitung
2052 2348 2090 2408 ist
2119 2351 2146 2411 zu
2179 2351 2317 2411 haben:

1309 2396 1430 2456 Briefe
1457 2392 1541 2452 über
1568 2390 1615 2450 die
1642 2396 1767 2456 neueste
1789 2399 1936 2459 Moral,
1969 2397 2052 2457 1ster
2079 2402 2210 2462 Band,
2237 2405 2305 2465 2tes

1311 2449 1368 2509 und
1397 2446 1467 2506 3tes
1491 2440 1617 2500 Stück,
1635 2443 1675 2503 8.
1705 2446 1832 2506 Rostock
1862 2447 1971 2507 1764,
1995 2449 2035 2509 12
2059 2449 2110 2509 gr.
2145 2453 2232 2513 Carl
2256 2455 2307 2515 von

1305 2495 1541 2555 Drontheim,
1572 2488 1612 2548 ein
1647 2497 1872 2557 Trauerspiel,
1896 2497 1936 2557 8,
1960 2497 2063 2557 Berl.
2082 2500 2168 2560 765,
2192 2506 2232 2566 15
2267 2506 2318 2566 gr.

1319 2544 1510 2604 Thomsons
1528 2536 1667 2596 Herbst,
1685 2545 1719 2605 8.
1738 2546 1841 2606 Zürich
1868 2548 1981 2608 1764.
2008 2546 2024 2606 1
2051 2548 2085 2608 fl.
2104 2550 2120 2610 3
2147 2553 2199 2613 gr.
2226 2554 2312 2614 Eng=

1307 2596 1395 2656 lische
1419 2587 1697 2647 Spaziergänge,
1716 2599 1756 2659 8,
1781 2596 1821 2656 12
1846 2599 1898 2659 gr.
1947 2596 2159 2656 Dissertation
2189 2601 2236 2661 sur
2260 2601 2312 2661 l'e-

1313 2644 1415 2704 poque
1443 2641 1475 2701 de
1497 2638 1524 2698 la
1546 2638 1707 2698 Puissance
1730 2643 1919 2703 souveraine
1947 2643 1995 2703 des
2012 2646 2103 2706 papes
2126 2646 2184 2706 qui
2196 2649 2206 2709 á
2228 2646 2314 2706 rem-

1313 2692 1399 2752 porté
1426 2691 1453 2751 le
1480 2685 1551 2745 prix
1584 2688 1719 2748 proposé
1752 2697 1805 2757 par
1833 2697 1848 2757 l
1865 2694 2032 2754 academie
2060 2697 2201 2757 royale,
2223 2701 2271 2761 4,
2293 2697 2309 2757 a

1312 2742 1419 2802 Berlin
1443 2736 1550 2796 1764.
1562 2737 1601 2797 24
1624 2739 1674 2799 gr.

1362 2803 1419 2863 Da
1445 2802 1502 2862 mit
1528 2804 1622 2864 diesem
1664 2811 1768 2871 Stück
1800 2811 1841 2871 ein
1883 2814 1977 2874 neues
2003 2814 2154 2874 Quartal
2176 2811 2326 2871 angehet,

1313 2855 1339 2915 so
1362 2852 1483 2912 werden
1511 2852 1560 2912 die
1578 2857 1665 2917 resp.
1688 2858 1925 2918 Interessenten
1959 2863 2096 2923 ersuchet
2124 2861 2195 2921 ihre
2224 2861 2317 2921 Prä¬

1308 2903 1549 2963 nummeration
1580 2907 1638 2967 mit
1663 2912 1693 2972 2.
1708 2912 1762 2972 Fl.
1782 2912 2023 2972 einzuschicken.
