2479 3508
166 342 342 402 vortreflich
370 335 478 395 laßen.
527 324 615 384 Aber
636 320 655 380 in
690 318 771 378 einem
813 318 1030 378 ernsthaften,
1045 315 1105 375 wie
1119 315 1166 375 die

164 389 454 449 Verwandlungen
486 371 572 431 ihrer
598 366 833 426 Bestimmung
865 366 932 426 nach
964 368 1026 428 seyn
1063 366 1174 426 sollen,

168 435 206 495 ist
226 439 263 499 sie
290 434 353 494 sehr
380 421 572 481 ungeschickt
599 413 804 473 angebracht.
856 413 958 473 Unsre
984 413 1170 473 lächerliche

162 485 366 545 übertriebne
392 468 565 528 Ehrfurcht
585 464 640 524 für
659 464 708 524 die
721 464 807 524 Alten
840 467 944 527 macht
964 467 1025 527 uns
1050 462 1161 522 immer

160 536 258 596 gegen
291 527 363 587 ihre
384 516 495 576 Fehler
522 513 640 573 blind;
674 513 732 573 und
766 515 891 575 obschon
931 515 1042 575 Ovid
1069 512 1167 572 dafür

162 580 298 640 bekannt
317 570 372 630 ist,
404 566 459 626 daß
497 563 528 623 er
553 563 602 623 oft
634 563 733 623 seinen
759 563 845 623 Witz
870 563 925 623 zur
945 565 1062 625 Unzeit
1088 560 1168 620 aus¬

156 626 287 686 kramt,
306 622 335 682 so
360 614 437 674 weis
462 613 503 673 ich
534 613 605 673 mich
635 613 707 673 doch
738 615 797 675 auf
821 613 929 673 keinen
959 612 1156 672 Philologen

1206 315 1236 375 zu
1262 315 1427 375 besinnen,
1453 315 1501 375 der
1521 315 1576 375 das
1601 317 1792 377 Lächerliche
1817 318 1909 378 dieser
1934 319 2045 379 Stelle
2064 321 2217 381 empfun¬

1210 364 1261 424 den
1296 365 1400 425 hätte.

1262 410 1374 470 Sehen
1406 410 1500 470 Sie,
1526 410 1607 470 mein
1639 411 1751 471 Herr,
1783 413 1839 473 das
1871 416 1940 476 war
1966 417 2059 477 Ihre
2085 414 2209 474 Strafe

1202 462 1280 522 alle.
1329 459 1498 519 Vergehen
1529 458 1601 518 Sie
1621 458 1669 518 sich
1700 458 1729 518 ja
1760 461 1845 521 nicht
1876 464 1990 524 mehr,
2022 464 2124 524 damit
2143 465 2215 525 Sie

1210 512 1257 572 sich
1287 512 1369 572 keine
1400 509 1553 569 schärfere
1583 509 1778 569 verdienen.
1826 513 2003 573 Empfelen
2039 515 2110 575 Sie
2134 515 2210 575 mich

1201 560 1320 620 unsern
1346 560 1534 620 Freunden.
1586 560 1648 620 Ich
1674 560 1723 620 bin
1756 562 1793 622 u.
1813 563 1837 623 s.
1850 563 1900 623 w.

1218 613 1256 673 Am
1291 613 1588 673 Bartholomäustage.

207 687 257 747 Jn
284 682 328 742 der
354 676 476 736 vorigen
502 676 630 736 Zeitung
663 673 695 733 ist
715 674 765 734 der
785 676 881 736 Preis
907 676 964 736 von
997 676 1035 736 Le
1055 673 1151 733 genie
1171 670 1203 730 de
1223 670 1248 730 la
1268 670 1389 730 langue
1409 670 1569 730 françoise
1589 670 1659 730 statt
1679 673 1691 733 1
1718 673 1756 733 fl.
1776 675 1788 735 4
1814 676 1852 736 fl.
1872 678 1910 738 15
1930 677 1981 737 gr.
2001 679 2032 739 zu
2052 680 2192 740 ändern.

423 820 578 880 Wien,
621 822 674 882 den
716 822 758 882 4.
794 822 889 882 Aug.

211 876 282 936 Den
313 871 403 931 21ten
434 872 518 932 Jul.
537 870 633 930 haben
664 870 736 930 Se.
755 870 924 930 Römisch.
937 870 1075 930 Königl.
1088 867 1172 927 Ma=

155 927 232 987 jest.
255 924 309 984 mit
332 922 381 982 dem
431 921 635 981 Erzherzoge
664 918 796 978 Leopold
825 918 885 978 und
919 918 968 978 dem
1012 918 1155 978 Prinzen

165 975 278 1035 Albert
301 972 357 1032 von
386 974 550 1034 Sachsen,
568 974 595 1034 in
624 973 675 1033 den
704 969 924 1029 Bergwerken
959 969 986 1029 zu
1027 969 1167 1029 Schem¬

160 1027 226 1087 nitz
254 1026 281 1086 in
327 1025 592 1085 Bergkleidern,
631 1023 703 1083 nach
737 1019 903 1079 andächtig
937 1016 1164 1076 gesprochenen

162 1079 355 1139 Berggebet
378 1076 399 1136 in
432 1076 480 1136 den
508 1073 751 1133 unterirdischen
784 1072 962 1132 Gebäuden
990 1067 1054 1127 eine
1071 1070 1173 1130 Stre¬

151 1128 197 1188 cke
224 1130 275 1190 von
307 1127 395 1187 1217
426 1124 566 1184 Klaftern
598 1121 775 1181 befahren,
791 1121 858 1181 auch
885 1121 931 1181 die
952 1121 1175 1181 unvergleich¬

162 1180 239 1240 liche
267 1176 421 1236 Hellische
449 1169 742 1229 Wassermaschine
770 1169 896 1229 besehen
930 1169 990 1229 und
1030 1169 1079 1229 sich
1118 1168 1167 1228 die

160 1222 348 1282 Erklärung
376 1216 515 1276 darüber
537 1214 593 1274 von
632 1213 681 1273 dem
726 1213 875 1273 Kaiserl.
899 1214 1042 1274 Königl.
1065 1216 1170 1276 Ober¬

162 1267 400 1327 kunstmeister,
422 1261 525 1321 Herrn
552 1261 643 1321 Hell,
661 1259 752 1319 selbst
769 1260 866 1320 geben
894 1258 1008 1318 lassen.
1068 1258 1159 1318 Zwey

155 1315 302 1375 hundert
322 1309 667 1369 Waschwerksknaben
702 1305 848 1365 meistens
879 1303 938 1363 von
973 1300 987 1360 8
1022 1303 1070 1363 bis
1105 1303 1168 1363 10.

164 1363 293 1423 Jahren
321 1357 455 1417 machten
494 1357 585 1417 dabey
613 1357 671 1417 mit
694 1354 779 1414 ihren
818 1353 1087 1413 Grubenlichtern
1126 1351 1168 1411 ei¬

154 1415 213 1475 nen
245 1410 390 1470 Aufzug.

413 1455 621 1515 Leipzig,
660 1452 716 1512 den
749 1449 786 1509 4.
818 1449 906 1509 Aug.

204 1506 351 1566 Neulich
380 1506 424 1566 als
448 1503 549 1563 alhier
573 1503 640 1563 eben
669 1500 782 1560 großer
811 1497 980 1557 Markttag
1015 1494 1099 1554 war,
1123 1494 1156 1554 ist

157 1560 405 1620 nachstehendes
433 1553 562 1613 seltenes
590 1551 746 1611 Beyspiel
762 1550 794 1610 an
827 1545 908 1605 einem
946 1543 1151 1603 vorsetzlichen

152 1610 325 1670 Betrüger
354 1605 539 1665 ausgeübet
567 1602 718 1662 worden.
786 1598 960 1658 Christoph
1000 1596 1161 1656 Friedrich

157 1714 205 1774 ein
233 1712 437 1772 vorsetzlicher
465 1706 773 1766 Banqueroutierer
796 1703 1000 1763 Vormittags
1033 1700 1087 1760 von
1120 1699 1152 1759 10

161 1765 213 1825 bis
238 1763 331 1823 gegen
361 1762 396 1822 12
420 1760 484 1820 Uhr
508 1757 542 1817 am
578 1757 737 1817 Pranger
761 1754 814 1814 vor
838 1754 890 1814 dem
920 1752 1113 1812 Rathhause
1132 1751 1155 1811 in

159 1808 244 1868 einem
285 1805 394 1865 gelben
421 1802 489 1862 Hut
507 1802 702 1862 paradiren.
753 1802 897 1862 Hernach
929 1799 1015 1859 ward
1047 1799 1078 1859 er
1106 1801 1164 1861 auf

157 1852 213 1912 den
241 1849 469 1909 Vestungsbau
498 1846 567 1906 nach
595 1843 745 1903 Dresden
773 1840 941 1900 geführet,
960 1840 1006 1900 wo
1030 1840 1080 1900 ihm
1114 1840 1155 1900 ein

153 1900 325 1960 Beineisen
355 1894 412 1954 von
446 1891 484 1951 20
523 1885 638 1945 Pfund
673 1886 710 1946 ist
735 1884 989 1944 angeschmiedet
1014 1882 1138 1942 worden

158 2001 217 2061 mit
242 1996 362 2056 Wasser
393 1991 453 2051 und
478 1987 593 2047 Brodt
605 1984 617 2044 6
660 1984 768 2044 Jahre
799 1981 870 2041 lang
902 1978 1059 2038 beköstigt
1083 1978 1161 2038 wer¬

156 2051 213 2111 den
239 2048 315 2108 soll.

380 2085 448 2145 Aus
480 2085 529 2145 der
555 2085 673 2145 Pfalz,
705 2082 760 2142 vom
805 2079 842 2139 2.
861 2079 948 2139 Aug.

204 2136 280 2196 Den
309 2137 452 2197 Jesuiten
481 2136 508 2196 in
536 2136 585 2196 der
613 2133 730 2193 Pfalz,
752 2130 979 2190 insbesondere
1002 2127 1090 2187 denen
1118 2124 1151 2184 zu

153 2193 351 2253 Heidelberg
374 2187 412 2247 ist
429 2187 472 2247 ein
501 2186 594 2246 neues
622 2184 760 2244 Unglück
777 2181 942 2241 begegnet.
992 2177 1152 2237 Manhat

155 2246 204 2306 seit
227 2240 322 2300 vielen
351 2239 478 2299 Jahren
507 2234 535 2294 in
569 2231 618 2291 den
653 2231 781 2291 Forsten
821 2231 887 2291 eine
911 2229 1022 2289 starcke
1051 2224 1162 2284 Wild¬

151 2294 297 2354 dieberey
322 2290 494 2350 bemerket,
510 2282 615 2342 wovon
646 2279 712 2339 man
743 2282 808 2342 aber
824 2280 925 2340 nichts
946 2278 1132 2338 herausbrin

151 2347 210 2407 gen
238 2342 378 2402 können.
422 2336 503 2396 Der
526 2330 688 2390 Verdacht
705 2328 759 2388 fiel
776 2332 889 2392 endlich
917 2326 970 2386 auf
993 2326 1036 2386 die
1064 2324 1155 2384 Heil.

152 2393 276 2453 Väter,
293 2390 331 2450 da
360 2390 397 2450 sie
419 2387 473 2447 der
501 2378 697 2438 zahlreichen
736 2381 894 2441 Jugend,
917 2375 1026 2435 welche
1053 2372 1091 2432 sie
1119 2372 1145 2432 in

152 2437 385 2497 Information
418 2434 474 2494 und
502 2431 580 2491 Kost
608 2426 724 2486 haben,
747 2429 796 2489 das
824 2429 918 2489 ganze
941 2425 1035 2485 Jahr
1058 2420 1146 2480 durch

151 2489 214 2549 fast
236 2485 330 2545 nichts
358 2485 405 2545 als
427 2479 601 2539 stinkendes
623 2473 802 2533 Wildprett
814 2479 866 2539 von
893 2473 1046 2533 allerhand
1068 2467 1152 2527 Gat=

152 2537 230 2597 tung
258 2533 405 2593 gereicht,
422 2532 479 2592 und
506 2527 543 2587 sie
559 2521 691 2581 dadurch
718 2527 813 2587 krank
840 2524 998 2584 gemacht.
1052 2518 1152 2578 Hier¬

155 2587 257 2647 nächst
280 2582 388 2642 wurde
411 2578 478 2638 auch
507 2572 672 2632 erfahren,
695 2575 745 2635 daß
775 2577 814 2637 sie
832 2576 882 2636 bey
911 2572 990 2632 einem
1042 2566 1154 2626 gewis¬

156 2640 197 2700 sen
227 2630 421 2690 catholischen
451 2620 670 2680 Fleischhauer
694 2623 753 2683 alle
777 2626 871 2686 Arten
901 2620 953 2680 von
972 2617 1148 2677 Wildprett

149 2687 238 2747 gegen
269 2673 614 2733 Ochsen=Hammel=
639 2669 698 2729 und
729 2673 916 2733 Kalbfleisch
947 2669 1140 2729 vertauscht.
1183 2667 1237 2727 daß
1268 2667 1334 2727 man
1358 2667 1425 2727 allen
1456 2675 1516 2735 hier
1540 2676 1775 2736 aufgebrachten
1801 2670 1939 2730 Pferden
1964 2673 2006 2733 die
2019 2676 2187 2736 Schwän=

151 2739 239 2799 Man
269 2729 340 2789 fand
364 2724 488 2784 ferner,
506 2723 553 2783 daß
584 2721 618 2781 sie
643 2718 666 2778 in
696 2718 778 2778 einem
815 2723 1051 2783 Gartenhaus,
1069 2718 1092 2778 so
1111 2718 1145 2778 sie

151 2793 237 2853 nahe
263 2785 294 2845 am
332 2778 444 2838 Walde
471 2772 564 2832 bauen
596 2769 708 2829 lassen,
721 2769 783 2829 und
809 2768 872 2828 mit
898 2774 985 2834 ihrem
1029 2769 1154 2829 Semi=

155 2841 250 2901 nario
269 2829 449 2889 Connexion
474 2823 575 2883 hatte,
588 2821 683 2881 sowol
702 2821 738 2881 ein
762 2823 984 2883 Wildschwein
1009 2823 1050 2883 als
1075 2819 1141 2879 auch

148 2891 219 2951 roth
246 2884 423 2944 Wildprett
444 2879 529 2939 durch
556 2876 640 2936 ihren
674 2873 759 2933 Koch
786 2876 923 2936 zerlegen
950 2879 1055 2939 lassen.
1076 2876 1147 2936 Der

1206 819 1288 879 Koch
1318 819 1423 879 wurde
1448 819 1535 879 nebst
1560 819 1594 879 36
1624 820 1647 880 im
1695 822 1871 882 Protocoll
1896 822 2095 882 angezeigten
2131 823 2213 883 Per¬

1203 869 1313 929 sonen,
1340 867 1551 927 eingezogen.
1610 870 1699 930 Man
1737 873 1842 933 erfuhr
1874 870 1990 930 daraus
2023 870 2080 930 daß
2112 873 2206 933 dieser

1199 918 1339 978 Handel
1362 918 1475 978 bereits
1508 918 1589 978 über
1616 916 1654 976 20
1698 921 1790 981 Jahr
1818 919 1975 979 getrieben
2013 920 2072 980 und
2106 921 2213 981 einige

1200 969 1289 1029 1000
1322 966 1427 1026 Stück
1460 967 1644 1027 Wildprett
1666 972 1846 1032 entwendet
1868 969 2015 1029 worden.
2069 972 2148 1032 Vor
2175 975 2217 1035 et¬

1199 1017 1250 1077 wa
1279 1016 1289 1076 3
1313 1016 1448 1076 Wochen
1483 1020 1590 1080 erfuhr
1613 1019 1709 1079 man,
1738 1022 1794 1082 daß
1829 1019 1856 1079 in
1891 1021 1941 1081 dem
1994 1017 2089 1077 Stift
2118 1022 2213 1082 Neu¬

1199 1069 1279 1129 burg
1307 1068 1415 1128 Feuer
1443 1070 1546 1130 wäre,
1568 1072 1649 1132 alwo
1682 1073 1731 1133 die
1758 1073 1855 1133 Heil.
1884 1070 1991 1130 Väter
2019 1072 2084 1132 eine
2112 1075 2208 1135 grosse

1199 1118 1331 1178 Menge
1354 1116 1465 1176 Stroh
1493 1123 1659 1183 anzuͤnden
1687 1121 1797 1181 lassen.
1848 1118 1897 1178 Es
1931 1121 2058 1181 breitete
2081 1121 2130 1181 sich
2164 1124 2213 1184 zu¬

1204 1170 1295 1230 gleich
1328 1169 1354 1229 in
1393 1170 1473 1230 ganz
1501 1169 1695 1229 Heidelberg
1728 1169 1770 1229 ein
1814 1169 2025 1229 unleidlicher
2052 1169 2203 1229 Gestanck

1197 1216 1280 1276 aus,
1296 1217 1424 1277 welcher
1449 1216 1473 1276 zu
1504 1215 1552 1275 der
1577 1216 1809 1276 Vermuthung
1840 1216 1943 1276 Anlaß
1963 1213 2036 1273 gab,
2057 1213 2106 1273 daß
2131 1216 2200 1276 man

1203 1261 1293 1321 unter
1318 1263 1369 1323 dem
1415 1261 1520 1321 Stroh
1551 1261 1621 1321 eine
1642 1264 1737 1324 große
1768 1261 1899 1321 Menge
1924 1258 2116 1318 Wildhäute
2141 1262 2211 1322 ver¬

1195 1309 1335 1369 brennen
1371 1306 1486 1366 lassen.

1394 1350 1681 1410 Amsterdam,
1718 1354 1766 1414 den
1802 1354 1836 1414 4.
1859 1354 1999 1414 August.

1242 1393 1325 1453 Das
1350 1399 1695 1459 Handlungscomtoir
1714 1399 1762 1459 der
1787 1399 1961 1459 Gebrüder
1987 1404 2143 1464 Neuville
2162 1406 2204 1466 ist

1191 1446 1358 1506 nunmehr
1380 1449 1476 1509 völlig
1504 1449 1530 1509 in
1563 1449 1724 1509 Ordnung
1757 1449 1924 1509 gebracht.
1967 1450 2064 1510 Ihre
2091 1452 2199 1512 Gläu¬

1188 1496 1274 1556 biger
1308 1497 1443 1557 erhalten
1471 1494 1530 1554 fast
1553 1495 1607 1555 auf
1629 1497 1666 1557 80
1694 1497 1748 1557 pro
1776 1496 1857 1556 Cent
1880 1497 1933 1557 von
1967 1497 2053 1557 ihren
2081 1500 2200 1560 Forde¬

1185 1545 1335 1605 rungen.
1388 1545 1465 1605 Der
1492 1545 1590 1605 ältere
1606 1545 1694 1605 Herr
1715 1545 1876 1605 Neuville
1903 1548 1996 1608 fangt
2022 1548 2136 1608 wieder
2163 1553 2193 1613 an

1192 1596 1236 1656 die
1254 1596 1356 1656 Börse
1374 1596 1401 1656 zu
1425 1598 1589 1658 besuchen,
1601 1597 1657 1657 und
1680 1596 1754 1656 seine
1772 1596 1948 1656 Handlung
1965 1599 2039 1659 geht
2057 1601 2198 1661 beynahe

155 1661 272 1721 Dieße
298 1659 395 1719 muste
416 1658 487 1718 nach
514 1653 702 1713 vollführten
735 1649 1080 1709 Inquisitionsproceß
1107 1645 1151 1705 als
1198 1648 1269 1708 eben
1296 1649 1321 1709 so
1341 1649 1484 1709 glücklich
1511 1647 1556 1707 als
1582 1649 1634 1709 vor
1654 1649 1705 1709 dem
1745 1647 1862 1707 Stoß,
1882 1648 1934 1708 den
1960 1649 1999 1709 sie
2019 1650 2201 1710 ohnlängst

1191 1700 1310 1760 erlitte,
1327 1702 1403 1762 fort.
1452 1700 1529 1760 Dem
1573 1700 1774 1760 Vernehmen
1808 1700 1878 1760 nach
1906 1702 1993 1762 sollen
2026 1700 2075 1760 die
2097 1703 2205 1763 Activ¬

1200 1754 1332 1814 schulden
1367 1752 1459 1812 dieser
1483 1752 1598 1812 beyden
1628 1754 1818 1814 Kaufleute,
1836 1754 1910 1814 ihre
1934 1754 2193 1814 Paßivschulden

1199 1805 1268 1865 noch
1295 1805 1326 1865 um
1371 1803 1524 1863 1500000
1563 1803 1601 1863 fl.
1621 1804 1831 1864 übersteigen.

1477 1846 1647 1906 Paris,
1673 1848 1723 1908 den
1764 1849 1798 1909 3.
1824 1852 1914 1912 Aug.

1237 1885 1318 1945 Wir
1350 1888 1443 1948 haben
1481 1889 1600 1949 Briefe
1625 1888 1681 1948 von
1720 1891 1769 1951 der
1802 1894 1895 1954 Küste
1920 1894 1982 1954 von
2014 1894 2201 1954 Coroman¬

156 1951 217 2011 und
239 1948 286 2008 mo
315 1944 342 2004 er
363 1942 418 2002 bey
446 1936 729 1996 bekandtermassen
764 1930 833 1990 sehr
854 1930 1006 1990 schweren
1041 1929 1158 1989 Arbeit
1193 1930 1241 1990 del
1262 1930 1317 1990 vom
1359 1933 1449 1993 20ten
1484 1934 1566 1994 Dec.
1588 1936 1697 1996 welche
1719 1937 1864 1997 melden,
1885 1939 1940 1999 daß
1968 1939 1995 1999 ob
2030 1942 2119 2002 zwar
2148 1944 2195 2004 die

1185 1978 1381 2038 Engländer
1403 1979 1465 2039 ihre
1492 1981 1619 2041 Sachen
1651 1983 1703 2043 auf
1731 1984 1777 2044 der
1800 1984 1900 2044 Küste
1921 1986 1973 2046 von
2012 1990 2185 2050 Bengalen

1188 2028 1215 2088 in
1248 2028 1328 2088 einen
1356 2028 1442 2088 guten
1475 2026 1588 2086 Stand
1622 2031 1816 2091 hergestellet
1838 2031 1962 2091 hätten,
1985 2034 2022 2094 sie
2050 2036 2119 2096 doch
2152 2039 2179 2099 in

1191 2076 1329 2136 Absehen
1357 2075 1412 2135 auf
1440 2075 1490 2135 den
1518 2076 1700 2136 landwärts
1729 2079 1945 2139 einliegenden
1984 2082 2084 2142 Platz
2112 2085 2194 2145 Ma¬

1191 2127 1262 2187 dera
1285 2124 1368 2184 nicht
1385 2124 1451 2184 sehr
1473 2127 1612 2187 glücklich
1640 2127 1772 2187 gewesen
1801 2130 1928 2190 wären,
1951 2133 2039 2193 indem
2089 2133 2183 2193 dessen

1191 2175 1389 2235 Besatzung,
1406 2175 1450 2235 die
1472 2175 1499 2235 in
1528 2178 1588 2238 200
1616 2180 1786 2240 Franzosen
1820 2181 1874 2241 und
1903 2181 1963 2241 600
1991 2184 2178 2244 Indianern

1186 2226 1379 2286 bestanden,
1396 2223 1441 2283 sich
1470 2223 1492 2283 so
1516 2226 1623 2286 tapfer
1647 2231 1823 2291 gewehret,
1846 2233 1903 2293 daß
1932 2231 1976 2291 die
2000 2234 2187 2294 Engländer

1188 2273 1237 2333 sich
1266 2270 1453 2330 genöthiget
1476 2274 1598 2334 gesehen
1626 2280 1731 2340 hatten
1765 2282 1814 2342 die
1837 2283 2047 2343 Belagerung
2081 2285 2191 2345 aufzu¬

1186 2326 1309 2386 heben.
1356 2321 1428 2381 Der
1452 2323 1548 2383 Graf
1565 2326 1621 2386 von
1655 2333 1830 2393 Lauragais
1866 2333 1927 2393 hat
1950 2336 2040 2396 durch
2069 2336 2193 2396 chymi¬

1188 2375 1250 2435 sche
1267 2369 1426 2429 Versuche
1449 2372 1493 2432 die
1517 2378 1629 2438 wahre
1647 2384 1964 2444 Zusammensetzung
1999 2384 2055 2444 des
2084 2384 2190 2444 chine¬

1185 2424 1287 2484 sischen
1321 2421 1380 2481 und
1408 2425 1602 2485 japanischen
1636 2435 1841 2495 Porcellains
1874 2432 2026 2492 entdeckt,
2048 2432 2113 2492 und
2135 2433 2194 2493 sol¬

1180 2471 1252 2531 ches
1280 2468 1325 2528 der
1346 2470 1452 2530 Acade
1466 2472 1519 2532 nie
1540 2477 1593 2537 der
1613 2485 1867 2545 Wissenschaften
1894 2482 1946 2542 den
1974 2480 2066 2540 30ten
2094 2482 2186 2542 Jun.

1188 2525 1239 2585 zur
1268 2518 1507 2578 Untersuchung
1536 2529 1734 2589 vorgeleget.

1468 2578 1667 2638 London,
1690 2581 1741 2641 den
1778 2578 1814 2638 3.
1844 2578 1924 2638 Aug.

1235 2614 1279 2674 Es
1305 2614 1343 2674 ist
1363 2616 1471 2676 bisher
1491 2626 1535 2686 die
1555 2629 1779 2689 Gewohnheit
1806 2623 1824 2683 in
1857 2626 2004 2686 England
2030 2626 2183 2686 gewesen,

1181 2721 1213 2781 ze
1236 2716 1462 2776 abgeschnitten
1496 2727 1567 2787 hat,
1585 2727 1645 2787 und
1673 2722 1750 2782 zwar
1778 2721 1834 2781 aus
1862 2721 1911 2781 der
1939 2721 2088 2781 Ursache,
2105 2724 2182 2784 weil

1180 2769 1239 2829 sie,
1256 2769 1315 2829 wie
1337 2769 1407 2829 man
1440 2772 1505 2832 sagt
1533 2777 1597 2837 mit
1625 2772 1673 2832 dem
1723 2769 1814 2829 Alter
1842 2769 1912 2829 ihre
1940 2771 2053 2831 Haare
2081 2772 2172 2832 fallen

1176 2820 1317 2880 liessen,
1369 2824 1499 2884 welches
1551 2826 1596 2886 ein
1642 2820 1795 2880 heßliches
1841 2819 1988 2879 Ansehen
2029 2821 2176 2881 machte;

1184 2873 1299 2933 folglich
1332 2872 1403 2932 sahe
1430 2875 1500 2935 man
1533 2879 1604 2939 hier
1630 2874 1719 2934 selten
1759 2873 1797 2933 ein
1837 2870 1958 2930 Pferd,
1992 2870 2049 2930 das
2082 2870 2172 2930 einen

2014 2921 2179 2981 Schweif
