2479 3508
146 312 229 372 einer
256 312 359 372 Seite
380 309 438 369 hat
452 304 490 364 sie
510 300 613 360 recht.
646 294 750 354 Diese
770 294 1016 354 Eigenschaften
1043 292 1159 352 müssen

147 364 199 424 den
229 362 350 422 Grund
374 356 461 416 ihres
492 348 689 408 Charakters
713 345 941 405 ausmachen;
965 345 1058 405 allein
1087 342 1157 402 eben

148 412 226 472 diese
251 405 518 465 Eigenschaften,
537 397 561 457 so
586 396 737 456 schätzbar
763 395 798 455 sie
823 398 895 458 auch
926 395 1005 455 sind,
1036 392 1157 452 werden

153 461 315 521 dennoch,
341 453 428 513 wenn
460 450 498 510 sie
517 448 598 508 nicht
624 449 711 509 durch
743 449 805 509 eine
831 445 1075 505 Abschattirung
1101 442 1156 502 von

1200 294 1426 354 Ungleichheit
1450 291 1583 351 erhoben
1618 297 1769 357 werden,
1804 297 1908 357 gewiß
1944 297 1990 357 die
2020 297 2112 357 Liebe
2142 300 2216 360 aus¬

1200 343 1344 403 löschen,
1381 342 1438 402 und
1474 340 1525 400 den
1567 344 1730 404 tödtlichen
1771 343 1852 403 Gift
1883 347 1934 407 der
1958 347 2057 407 besten
2087 351 2214 411 Herzen

1199 394 1316 454 Unlust
1339 392 1399 452 und
1428 389 1628 449 Langeweile
1651 392 1930 452 herbeybringen.

1417 440 1507 500 (Der
1533 440 1695 500 Beschluß
1722 446 1806 506 folgt
1833 446 1993 506 kunftig.)

392 607 583 667 Altona,
621 610 676 670 den
719 613 756 673 5.
794 610 917 670 Octob.

196 658 275 718 Wie
298 658 360 718 wir
383 658 439 718 von
468 658 548 718 Zelle
571 661 792 721 vernehmen,
821 663 883 723 sind
906 660 996 720 Ihro
1020 658 1161 718 Königl.

136 712 269 772 Hoheit
292 712 341 772 die
364 712 447 772 Frau
475 709 714 769 Erbprinzessin
754 710 809 770 von
843 709 1065 769 Hessencassel
1088 708 1149 768 und

142 759 235 819 Dero
262 760 407 820 Durchl.
423 759 579 819 Gemahl
600 759 646 819 den
684 759 756 819 2ten
793 757 891 817 dieses
918 757 1151 817 Nachmittags

143 810 181 870 um
221 810 237 870 5
260 808 326 868 Uhr
354 805 410 865 auf
433 806 482 866 der
505 807 705 867 Poststation
733 806 866 866 Bergen
900 807 961 867 und
990 807 1022 867 um
1056 807 1067 867 8
1089 807 1155 867 Uhr

139 865 168 925 zu
197 861 279 921 Zelle
303 858 355 918 bey
385 855 519 915 höchstem
561 855 736 915 Wohlseyn
766 855 994 915 eingetroffen.

387 906 587 966 Leipzig,
623 906 682 966 den
718 906 781 966 29.
806 906 923 966 Sept.

193 960 349 1020 Nachdem
391 957 442 1017 des
467 957 559 1017 Hrn.
571 957 850 1017 Administrators
874 957 927 1017 der
945 953 1159 1013 Chur=Sach=

146 1011 190 1071 sen
225 1010 366 1070 Königl.
384 1010 508 1070 Hoheit
526 1009 588 1069 mit
606 1007 769 1067 äußerstem
810 1004 991 1064 Misfallen
1026 1007 1166 1067 verneh¬

140 1060 214 1120 men
241 1061 389 1121 müssen,
416 1060 666 1120 welchergestalt
687 1058 735 1118 die
762 1058 846 1118 durch
874 1056 968 1116 Dero
990 1057 1080 1117 Hrn.
1097 1054 1165 1114 Va¬

136 1112 202 1172 ters
236 1112 385 1172 Königl.
414 1110 519 1170 Maj.
542 1109 591 1169 ins
625 1109 709 1169 Land
737 1109 870 1169 erlaßne
904 1109 1087 1169 Mandaten
1127 1104 1154 1164 so

141 1162 216 1222 hoch
254 1160 411 1220 verpönte
445 1157 601 1217 Ausfuhr
634 1154 688 1214 der
727 1155 845 1215 weißen
884 1157 997 1217 Erde,
1036 1155 1160 1215 sowohl

140 1209 337 1269 währenden
364 1207 524 1267 Krieges,
551 1204 598 1264 als
624 1202 691 1262 auch
718 1203 790 1263 noch
817 1206 884 1266 jetzo
911 1204 1056 1264 heimlich
1088 1203 1165 1263 sort¬

137 1303 329 1363 ersetzlicher
345 1300 480 1360 Schade
501 1299 672 1359 zugezogen
704 1297 834 1357 werde;
860 1298 886 1358 so
913 1297 1011 1357 haben
1033 1294 1162 1354 Höchst=

134 1351 272 1411 dieselbe
299 1348 325 1408 zu
358 1348 539 1408 Steurung
577 1345 672 1405 dieses
705 1345 891 1405 schädlichen
929 1345 987 1405 und
1019 1340 1157 1400 strafba¬

129 1399 182 1459 ren
214 1395 502 1455 Unternehmens,
523 1394 688 1454 jüngsthin
721 1393 768 1453 für
784 1395 896 1455 nöthig
918 1393 1088 1453 ermessen,
1110 1388 1157 1448 er¬

137 1498 255 1558 neuren
292 1494 353 1554 und
390 1491 658 1551 einzuschärfen,
711 1491 783 1551 auch
819 1491 845 1551 zu
881 1491 932 1551 dem
980 1487 1072 1547 Ende
1098 1484 1144 1544 die

137 1547 230 1607 darin
256 1542 427 1602 geordnete
464 1541 525 1601 und
552 1539 733 1599 festgesetzte
759 1539 898 1599 Strafen
930 1536 1142 1596 ausdrücklich

134 1601 166 1661 zu
198 1593 443 1653 wiederholen,
465 1592 630 1652 nämlich;
657 1588 715 1648 daß
742 1590 800 1650 alle
828 1590 886 1650 und
908 1587 1003 1647 jede,
1030 1585 1147 1645 welche

135 1646 296 1706 entweder
325 1643 520 1703 dergleichen
560 1643 665 1703 weiße
694 1640 777 1700 Erde
817 1638 906 1698 selbst
934 1637 1152 1697 ausgeführt,

136 1696 211 1756 öder
235 1699 304 1759 doch
328 1699 404 1759 dazu
434 1697 514 1757 Rath
544 1694 602 1754 und
632 1694 783 1754 Anschlag
807 1694 970 1754 gegeben,
994 1691 1057 1751 mit
1081 1688 1133 1748 dem

138 1751 293 1811 Strange
322 1751 378 1811 vom
417 1748 511 1808 Leben
541 1748 596 1808 zum
635 1748 724 1808 Tode
759 1748 930 1808 gebracht,
965 1745 1143 1805 diejenigen

141 1800 245 1860 aber,
268 1800 405 1860 welche,
434 1799 466 1859 ob
489 1799 527 1859 sie
550 1798 632 1858 schon
666 1796 765 1856 davon
799 1796 1025 1856 Wissenschaft
1047 1794 1152 1854 getra¬

136 1843 221 1903 gen,
250 1842 384 1902 dennoch
414 1840 456 1900 die
481 1840 633 1900 schuldige
658 1837 796 1897 Anzeige
821 1837 902 1897 nicht
917 1834 1060 1894 gethan,
1094 1833 1156 1893 im¬

133 1889 266 1949 gleichen
301 1885 478 1945 diejenigen
513 1882 715 1942 Personen,
750 1879 863 1939 welche
894 1880 1006 1940 sonsten
1042 1879 1140 1939 dabey

134 1939 194 1999 auf
220 1936 285 1996 eine
321 1933 392 1993 oder
423 1930 468 1990 die
499 1930 594 1990 andre
625 1928 686 1988 Art
712 1927 939 1987 concurriret,
976 1927 1046 1987 nach
1077 1926 1152 1986 Be¬

146 1987 349 2047 schaffenheit
372 1981 559 2041 dergleichen
588 1978 854 2038 Theilnehmung
888 1978 916 2038 an
950 1975 1137 2035 dergleichen

135 2034 369 2094 Verbrechen,
392 2028 457 2088 mit
485 2026 534 2086 dem
578 2028 708 2088 Verlust
731 2025 764 2085 an
797 2028 911 2088 Ehre,
944 2025 1043 2085 Haab
1081 2025 1141 2085 und

138 2088 218 2148 Gut
246 2083 317 2143 oder
350 2079 420 2139 auch
453 2079 512 2139 mit
545 2079 789 2139 empfindlicher
823 2079 953 2139 Leibes=
992 2075 1051 2135 und
1084 2076 1154 2136 Ve¬

138 2135 375 2195 stungsstrafe,
415 2127 505 2187 ohne
534 2130 641 2190 einige
670 2130 918 2190 Begnadigung
947 2127 1121 2187 angesehen

136 2186 224 2246 nicht
241 2183 368 2243 minder
391 2179 445 2239 auf
469 2179 534 2239 eben
573 2181 622 2241 die
657 2179 717 2239 Art
745 2183 839 2243 gegen
878 2181 922 2241 die
955 2178 1149 2238 Fuhrleute,

128 2234 239 2294 welche
268 2234 323 2294 für
351 2231 529 2291 Rechnung
564 2229 697 2289 anderer
725 2231 892 2291 solcherley
926 2229 1026 2289 weiße
1049 2229 1149 2289 Erde,

138 2286 170 2346 es
198 2287 235 2347 sey
268 2284 349 2344 deren
382 2280 446 2340 viel
463 2279 539 2339 oder
561 2276 664 2336 wenig
686 2277 870 2337 wissentlich
903 2280 1000 2340 außer
1023 2277 1141 2337 Landes

137 2340 168 2400 zu
195 2336 368 2396 verführen
395 2333 445 2393 sich
472 2327 696 2387 unterstehen,
736 2332 935 2392 verfahren,
969 2330 1038 2390 auch
1078 2329 1147 2389 dar¬

135 2387 233 2447 neben
276 2387 349 2447 ihre
387 2382 509 2442 Wagen
553 2378 614 2438 und
645 2381 767 2441 Pferde
805 2383 983 2443 confisciret
1008 2378 1130 2438 werden

134 2435 251 2495 sollen.

362 2474 602 2534 Dresden,
628 2473 677 2533 den
710 2476 772 2536 25.
798 2479 911 2539 Sept.

180 2527 258 2587 Die
282 2527 462 2587 Bergleute
485 2522 541 2582 von
570 2521 727 2581 Freyberg
756 2530 858 2590 haben
887 2524 1067 2584 angezeigt,
1079 2521 1135 2581 wie

135 2578 186 2638 sich
215 2578 242 2638 am
289 2578 379 2638 16ten
408 2575 538 2635 vorigen
567 2573 715 2633 Monats
738 2579 891 2639 August,
914 2577 947 2637 da
970 2575 1010 2635 sie
1033 2575 1055 2635 in
1090 2572 1134 2632 der

128 2624 588 2684 Küh=Schacht=Fundgrube
611 2623 650 2683 44
673 2626 805 2686 Fahrten
839 2623 1139 2683 niedergearbeitet,

134 2679 199 2739 eine
223 2677 246 2737 so
282 2673 382 2733 große
401 2670 579 2730 Erhebung
615 2670 673 2730 und
704 2676 959 2736 Erschütterung
995 2673 1041 2733 des
1072 2670 1142 2730 Ge¬

128 2730 259 2790 bäudes
292 2724 430 2784 eräuget
463 2721 568 2781 habe,
608 2719 666 2779 daß
707 2719 738 2779 es
778 2727 877 2787 ihnen
910 2725 994 2785 nicht
1022 2721 1139 2781 anders

125 2780 371 2840 vorgekommen
397 2771 475 2831 sey,
501 2769 546 2829 als
573 2769 605 2829 ob
632 2769 709 2829 alles
736 2771 813 2831 habe
846 2775 1124 2835 zusammenfallen

123 2832 262 2892 wollen.
332 2824 437 2884 Diese
466 2820 745 2880 Erschütterung,
775 2823 891 2883 welche
927 2826 1077 2886 dieselben
1113 2821 1129 2881 1

121 2885 253 2945 Viertel
274 2880 329 2940 auf
351 2879 393 2939 11
421 2873 483 2933 Uhr
505 2873 532 2933 in
561 2873 608 2933 der
631 2873 741 2933 Nacht
763 2877 930 2937 verspüret
952 2879 1076 2939 haben,
1098 2877 1132 2937 ist

1191 605 1267 665 auch
1300 604 1360 664 von
1399 604 1447 664 den
1487 604 1721 664 Bergleuten,
1755 607 1804 667 die
1837 607 1913 667 oben
1952 606 1979 666 in
2018 606 2066 666 der
2100 610 2214 670 Fürste

1198 655 1373 715 gearbeitet
1395 655 1523 715 haben,
1551 655 1581 715 zu
1618 655 1752 715 gleicher
1773 656 1845 716 Zeit
1872 655 2037 715 bemerket
2059 657 2208 717 worden,

1196 706 1248 766 so,
1275 704 1333 764 daß
1360 706 1392 766 sie
1413 703 1567 763 geglaubt
1589 703 1716 763 haben,
1743 705 1796 765 der
1812 704 1944 764 Stollen
1972 703 2077 763 werde
2099 704 2210 764 herab¬

1201 754 1312 814 fallen.
1360 753 1444 813 Auch
1472 752 1498 812 in
1536 754 1588 814 der
1610 754 1721 814 Stadt
1754 754 1811 814 hat
1839 754 1907 814 man
1945 752 2008 812 eine
2030 754 2210 814 Erschütte¬

1195 804 1277 864 rung
1308 801 1623 861 wahrgenommen,
1650 804 1716 864 doch
1743 804 1778 864 ist
1800 801 1929 861 dadurch
1960 801 2125 861 Gottlob,
2152 801 2213 861 we¬

1194 855 1249 915 der
1266 852 1299 912 an
1333 852 1383 912 den
1411 852 1556 912 Häusern
1584 854 1655 914 noch
1684 855 1762 915 sonst
1790 855 1907 915 einiger
1935 852 2068 912 Schade
2097 852 2213 912 verur¬

1199 906 1302 966 sachet
1319 902 1466 962 worden.

1461 951 1610 1011 Wien,
1640 954 1697 1014 vom
1749 953 1812 1013 26.
1842 951 1956 1011 Sept.

1243 999 1313 1059 Die
1335 1004 1535 1064 Erneurung
1563 1004 1617 1064 des
1639 1002 1796 1062 Friedens
1824 1004 1888 1064 mit
1911 1002 1964 1062 der
1987 1001 2209 1061 Ottomanni¬

1194 1055 1272 1115 schen
1307 1055 1431 1115 Pforte
1460 1055 1516 1115 hat
1551 1055 1624 1115 ihre
1659 1055 1874 1115 vollkommne
1903 1055 2117 1115 Richtigkeit,
2140 1051 2202 1111 nur

1190 1106 1275 1166 weiß
1302 1105 1365 1165 man
1397 1106 1492 1166 nicht,
1508 1104 1566 1164 auf
1588 1103 1645 1163 wie
1667 1106 1778 1166 lange.

1405 1151 1715 1211 Maynstrom,
1736 1154 1796 1214 vom
1843 1153 1883 1213 2.
1909 1151 1990 1211 Oct.

1240 1201 1315 1261 Die
1337 1201 1548 1261 Nachrichten
1575 1198 1688 1258 welche
1711 1198 1775 1258 man
1813 1198 1872 1258 aus
1905 1196 2045 1256 Holland
2084 1196 2208 1256 erhält,

141 1255 331 1315 getrieben,
356 1252 488 1312 dadurch
518 1251 591 1311 aber
616 1249 665 1309 den
695 1251 826 1311 hiesigen
856 1252 978 1312 Landen
1018 1251 1061 1311 ein
1101 1251 1159 1311 un=
1194 1252 1316 1312 melden
1346 1249 1434 1309 unter
1459 1244 1575 1304 andern
1605 1245 1659 1305 daß
1694 1246 1738 1306 die
1763 1246 1889 1306 Kronen
1919 1241 2105 1301 Frankreich
2134 1243 2197 1303 und

1189 1297 1351 1357 Spanien
1381 1292 1469 1352 nebst
1490 1291 1612 1351 einigen
1648 1294 1864 1354 Souverains
1894 1289 1957 1349 von
1992 1291 2125 1351 Italien
2155 1290 2203 1350 da¬

1185 1345 1237 1405 hin
1270 1340 1593 1400 übereingekommen
1620 1342 1746 1402 wären,
1769 1342 1821 1402 den
1853 1339 2028 1399 Freystaat
2055 1339 2108 1399 von
2145 1339 2208 1399 Al¬

1185 1390 1254 1450 gier
1280 1389 1340 1449 und
1371 1390 1421 1450 die
1452 1390 1588 1450 übrigen
1628 1390 1850 1450 barbarischen
1891 1387 2037 1447 Staaten
2073 1387 2102 1447 an
2148 1389 2198 1449 der

137 1447 274 1507 wähnte
296 1443 465 1503 Mandate
486 1443 570 1503 durch
608 1443 650 1503 ein
687 1440 824 1500 anderes
857 1440 1009 1500 Mandat
1042 1440 1067 1500 zu
1105 1436 1152 1496 er=
1184 1439 1289 1499 Küste
1317 1437 1369 1497 von
1396 1437 1501 1497 Afrika
1533 1437 1559 1497 zu
1586 1439 1771 1499 bekriegen,
1798 1439 1855 1499 und
1877 1437 1924 1497 daß
1946 1437 2014 1497 man
2041 1435 2067 1495 zu
2094 1438 2204 1498 Theil¬

1180 1488 1350 1548 nehmung
1381 1486 1410 1546 an
1446 1485 1541 1545 diesem
1582 1488 1818 1548 Unternehmen
1849 1485 1894 1545 die
1914 1485 2110 1545 Seemächte
2135 1487 2200 1547 ein¬

1182 1538 1311 1598 geladen
1339 1536 1442 1596 habe,
1464 1535 1577 1595 welche
1599 1536 1669 1596 aber
1692 1536 1777 1596 ihres
1810 1536 1918 1596 eignen
1952 1535 2118 1595 Vortheils
2141 1538 2199 1598 we¬

1186 1589 1236 1649 gen
1271 1584 1441 1644 schwerlich
1464 1587 1566 1647 darein
1595 1587 1731 1647 willigen
1765 1586 1912 1646 dürften.

1405 1634 1682 1694 Hannover,
1713 1637 1770 1697 den
1813 1635 1854 1695 2.
1886 1635 1969 1695 Oct.

1234 1685 1301 1745 Die
1327 1688 1462 1748 rußische
1488 1688 1611 1748 Gräfin
1636 1689 1877 1749 Schuwalow,
1902 1688 2013 1748 welche
2044 1685 2093 1745 sich
2119 1685 2198 1745 eini¬

1190 1747 1225 1807 ge
1250 1745 1321 1805 Zeit
1347 1742 1370 1802 zu
1401 1742 1660 1802 Braunschweig
1685 1745 1890 1805 aufgehalten
1914 1741 1981 1801 hat,
2005 1741 2041 1801 ist
2060 1739 2108 1799 bey
2133 1738 2204 1798 Ho=

1188 1798 1219 1858 fe
1241 1795 1298 1855 mit
1331 1793 1415 1853 einem
1463 1795 1818 1855 Diamantenschmuck
1840 1793 2041 1853 erschienen,
2068 1793 2194 1853 welcher

1186 1835 1245 1895 von
1284 1837 1432 1897 Kennern
1472 1839 1530 1899 auf
1556 1840 1693 1900 400000
1733 1840 1836 1900 Rthl.
1861 1840 2028 1900 geschätzet
2053 1839 2205 1899 worden,

1184 1878 1288 1938 ausser
1313 1879 1403 1939 denen
1433 1882 1666 1942 Diamanten,
1696 1882 1724 1942 so
1763 1885 1849 1945 nicht
1878 1882 1906 1942 zu
1940 1882 2069 1942 schätzen
2112 1886 2198 1946 sind.

1185 1924 1360 1984 Nechstdem
1401 1927 1461 1987 hat
1482 1927 1517 1987 sie
1542 1927 1612 1987 auch
1638 1927 1724 1987 einen
1754 1927 1935 1987 Rubinen=
1961 1929 2021 1989 und
2052 1932 2197 1992 Schma¬

1175 1972 1441 2032 ragdenschmuck
1468 1972 1521 2032 von
1554 1975 1670 2035 grossem
1713 1975 1825 2035 Werth
1852 1978 1990 2038 gehabt.

1434 2023 1602 2083 Paris,
1636 2024 1689 2084 den
1733 2025 1799 2085 28.
1832 2025 1945 2085 Sept.

1239 2072 1376 2132 Johann
1407 2073 1575 2133 Philippe
1600 2073 1774 2133 Rameau,
1799 2076 1846 2136 der
1877 2076 2051 2136 berühmte
2082 2077 2196 2137 Musi¬

1185 2124 1241 2184 kus
1268 2119 1329 2179 und
1355 2121 1551 2181 Componist
1573 2124 1624 2184 von
1655 2124 1706 2184 der
1738 2127 2006 2187 Kammermusik
2033 2127 2084 2187 des
2120 2130 2192 2190 Kö¬

1182 2175 1277 2235 nigs,
1301 2172 1379 2232 starb
1403 2174 1504 2234 alhier
1533 2175 1584 2235 den
1618 2176 1708 2236 12ten
1743 2178 1839 2238 dieses
1868 2178 1896 2238 im
1942 2178 2055 2238 81sten
2089 2178 2185 2238 Jahr

1185 2223 1280 2283 seines
1307 2220 1434 2280 Alters.
1482 2226 1578 2286 Sein
1605 2229 1774 2289 Andenken
1807 2229 1977 2289 verdienet
1993 2228 2019 2288 in
2052 2229 2099 2289 der
2121 2229 2189 2289 Ge¬

1184 2270 1417 2330 schichtskunde
1442 2273 1490 2333 der
1515 2276 1623 2336 Musik
1648 2279 1731 2339 einen
1762 2282 1985 2342 vorzüglichen
2015 2278 2123 2338 Platz.

1415 2327 1695 2387 Versailles,
1719 2330 1776 2390 den
1811 2332 1851 2392 3.
1874 2327 1953 2387 Oct.

1232 2369 1318 2429 Man
1361 2369 1416 2429 hat
1448 2375 1496 2435 die
1528 2381 1780 2441 unangenehme
1812 2381 1990 2441 Nachricht
2021 2378 2181 2438 erhalten,

1179 2421 1236 2481 daß
1263 2420 1300 2480 ein
1327 2418 1442 2478 Schiff
1469 2425 1526 2485 von
1565 2430 1642 2490 St.
1662 2432 1835 2492 Domingo
1868 2428 1938 2488 nach
1971 2426 2176 2486 Bourdeaux

1178 2471 1316 2531 gehend,
1341 2472 1552 2532 verunglückt
1571 2479 1631 2539 sey,
1656 2480 1752 2540 dessen
1783 2479 1909 2539 Ladung
1940 2473 2000 2533 auf
2031 2473 2170 2533 500000

1177 2521 1283 2581 Livres
1314 2519 1463 2579 geschätzt
1487 2526 1581 2586 wird.
1654 2530 1772 2590 Durch
1797 2527 1879 2587 einen
1916 2522 2022 2582 Arrest
2041 2521 2094 2581 des
2119 2524 2183 2584 Kö¬

1174 2571 1263 2631 nigl.
1287 2571 1518 2631 Staatsraths
1542 2578 1583 2638 ist
1602 2578 1649 2638 dem
1691 2576 1797 2636 Herrn
1822 2573 1851 2633 du
1881 2574 1999 2634 Tillet,
2018 2575 2171 2635 Mitglied

1172 2620 1226 2680 der
1245 2617 1383 2677 Königl.
1402 2626 1578 2686 Akademie
1603 2629 1651 2689 der
1676 2620 1980 2680 Wissenschafften,
2011 2627 2180 2687 aufgetra¬

1172 2667 1226 2727 gen
1265 2668 1417 2728 worden,
1450 2677 1510 2737 zur
1543 2676 1734 2736 Festsetzung
1778 2670 1865 2730 eines
1903 2673 2170 2733 gleichförmigen

1172 2718 1276 2778 Fußes
1306 2718 1329 2778 in
1370 2719 1423 2779 den
1459 2727 1604 2787 Münzen
1646 2724 1697 2784 des
1727 2721 1850 2781 Reichs
1885 2721 1931 2781 die
1961 2724 2171 2784 Werkstätten

1173 2769 1226 2829 der
1249 2771 1444 2831 Schmelzer
1472 2777 1531 2837 und
1553 2773 1738 2833 Probierer
1760 2772 1787 2832 zu
1815 2769 1983 2829 besuchen,
2016 2772 2081 2832 und
2114 2773 2173 2833 das

1174 2820 1375 2880 Verhältniß
1406 2826 1452 2886 des
1477 2828 1607 2888 wahren
1637 2823 1773 2883 Werths
1798 2823 1851 2883 der
1875 2825 2017 2885 Metalle
2042 2823 2094 2883 auf
2119 2824 2171 2884 das

1175 2873 1348 2933 genaueste
1368 2876 1398 2936 zu
1423 2879 1628 2939 bestimmen.

2086 2927 2190 2987 Fon=
