2479 3508
212 360 278 420 dern
309 358 344 418 um
387 355 465 415 einer
490 350 514 410 in
545 348 593 408 der
618 345 684 405 Zeit
703 342 750 402 der
775 339 1005 399 Uebertretung
1036 342 1114 402 schon
1151 342 1199 402 ge¬

215 407 355 467 schehnen
382 392 631 452 Einwilligung.
677 385 760 445 Wir
781 386 895 446 koͤnnen
928 389 985 449 also
1012 392 1043 452 um
1082 390 1107 450 so
1134 389 1197 449 viel

211 453 336 513 leichter
364 446 397 506 ein
431 437 617 497 verborgnes
644 431 724 491 Gift
751 432 777 492 in
804 434 850 494 die
872 434 964 494 Welt
985 437 1144 497 bringen,
1165 437 1197 497 je

218 498 353 558 gewisser
381 485 503 545 dasselbe
524 482 604 542 schon
633 476 686 536 vor
707 479 761 539 der
783 482 917 542 Geburt
939 485 1033 545 seinen
1061 487 1142 547 Sitz
1163 485 1183 545 in

212 548 274 608 uns
297 536 484 596 genommen
513 530 614 590 hatte.

264 598 328 658 Auf
350 593 398 653 der
421 589 533 649 andern
561 592 679 652 Seite,
702 591 782 651 wenn
821 592 879 652 wir
912 592 987 652 diese
1010 592 1188 652 Hypothese

206 651 257 711 des
284 642 435 702 Denkens
461 637 544 697 nicht
560 637 762 697 annehmen.
810 640 893 700 Was
919 640 1023 700 wollen
1055 640 1112 700 wir
1133 639 1195 699 als¬

213 691 287 751 denn
314 688 366 748 von
393 685 482 745 denen
514 685 635 745 Seelen
662 686 772 746 sagen,
788 688 830 748 die
852 688 909 748 mit
931 688 1015 748 Adam
1052 688 1183 748 zugleich

201 737 382 797 existirten,
409 733 471 793 und
497 732 559 792 doch
596 733 653 793 erst
679 733 746 793 jetzt
762 736 825 796 mit
841 736 887 796 dem
929 736 1054 796 Körper
1075 736 1188 796 kleiner

209 783 331 843 Kinder
353 778 411 838 auf
427 778 474 838 die
496 778 586 838 Welt
603 779 761 839 kommen.
799 784 852 844 So
879 784 942 844 viel
958 784 1085 844 tausend
1107 784 1192 844 Jah¬

896 830 920 890 so
961 828 1026 888 viel
1057 828 1187 888 tausend

200 831 235 891 re
260 827 399 887 schliefen
435 825 504 885 oder
540 825 714 885 träumeten
749 828 788 888 sie

207 878 320 938 Jahre
342 873 396 933 sind
424 871 482 931 also
505 870 558 930 für
581 873 629 933 die
651 874 791 934 Existenz
813 874 915 934 freyer
938 876 1061 936 Geister
1089 873 1191 933 gewe¬

208 924 284 984 sen?
321 921 393 981 Und
424 921 512 981 wenn
554 924 595 984 ein
637 924 713 984 heut
740 924 895 984 gebornes
931 924 1019 984 Kind
1055 923 1179 983 morgen

208 971 319 1031 stirbt:
346 969 377 1029 so
404 969 499 1029 denkt
526 972 557 1032 es
590 972 658 1032 nach
690 972 796 1032 unserm
845 973 966 1033 System
1015 972 1077 1032 doch
1115 975 1183 1035 auch

207 1019 287 1079 ohne
309 1018 455 1078 Körper;
483 1022 564 1082 Was
597 1022 650 1082 für
673 1022 737 1082 eine
759 1022 889 1082 Ursache
906 1022 1013 1082 wollen
1041 1019 1100 1079 wir
1122 1022 1181 1082 uns

201 1067 264 1127 also
291 1070 459 1130 erfinden,
492 1072 528 1132 um
571 1073 597 1133 zu
634 1071 803 1131 läugnen,
836 1073 888 1133 daß
920 1070 951 1130 es
983 1070 1067 1130 nicht
1094 1072 1183 1132 unter

209 1121 362 1181 denselben
413 1121 606 1181 Umständen
656 1121 727 1181 auch
772 1121 832 1181 vor
878 1122 932 1182 der
966 1121 1103 1181 Geburt
1143 1124 1192 1184 ge¬

200 1169 292 1229 dacht
328 1167 432 1227 habe?

255 1222 337 1282 Was
371 1222 425 1282 wir
460 1222 531 1282 aber
559 1224 686 1284 gedacht
709 1226 835 1286 haben?
869 1228 896 1288 zu
930 1228 1057 1288 welcher
1085 1228 1195 1288 Repu¬

205 1270 266 1330 blik
288 1270 339 1330 von
366 1267 510 1327 Geistern
537 1267 598 1327 wir
619 1270 795 1330 gehörten?
827 1273 909 1333 Was
936 1273 987 1333 für
1008 1273 1189 1333 moralische

203 1315 393 1375 Endzwecke
419 1312 478 1372 wir
509 1312 589 1372 sonst
610 1315 730 1375 damals
761 1315 785 1375 in
821 1315 941 1375 Absicht
967 1315 1021 1375 des
1047 1318 1177 1378 Ganzen

198 1357 395 1417 ausgeführt
416 1357 544 1417 haben?
574 1357 672 1417 Diese
693 1360 805 1420 Fragen
835 1360 939 1420 wollen
969 1360 1028 1420 wir
1048 1360 1176 1420 alsdenn

200 1402 444 1462 beantworten,
466 1404 555 1464 wenn
589 1404 644 1464 wir
667 1404 756 1464 mehr
778 1404 844 1464 seyn
879 1406 1029 1466 werden,
1052 1407 1101 1467 als
1124 1407 1184 1467 wir

197 1457 266 1517 jetzt
292 1452 374 1512 sind.

250 1512 313 1572 Zum
350 1511 499 1571 Beschluß
529 1512 622 1572 dieser
644 1514 851 1574 Spekulation
881 1512 958 1572 kann
981 1512 1023 1572 ich
1046 1514 1088 1574 ein
1117 1512 1188 1572 klei¬

199 1561 250 1621 nes
279 1560 414 1620 Gedicht
443 1560 521 1620 eines
556 1560 640 1620 nicht
663 1560 878 1620 unbekannten
907 1563 1082 1623 Dichters,
1111 1562 1184 1622 wel¬

194 1611 254 1671 ches
283 1610 310 1670 in
338 1610 388 1670 der
411 1610 560 1670 Sprache
583 1610 633 1670 der
656 1610 789 1670 Satyre
812 1610 862 1670 den
890 1613 1023 1673 Zustand
1057 1611 1173 1671 einiger

203 1664 321 1724 Geister
351 1661 406 1721 vor
435 1663 484 1723 der
513 1661 647 1721 Geburt
669 1664 858 1724 beschreibt,
881 1664 950 1724 hier
972 1664 1134 1724 anfügen:

1002 1748 1076 1808 Tr.

428 1888 620 1948 Berlin,
654 1889 704 1949 den
747 1891 805 1951 28.
839 1890 922 1950 Jul.

239 1942 390 2002 Nachdem
434 1936 504 1996 Se.
521 1936 618 1996 Maj.
624 1935 672 1995 der
694 1933 818 1993 König,
835 1933 905 1993 Sr.
917 1936 992 1996 Exc.
1009 1936 1052 1996 dem
1090 1936 1176 1996 Hrn.

190 1993 320 2053 Friedr.
343 1987 456 2047 Wilh.
474 1981 524 2041 von
553 1981 688 2041 Borcke,
706 1980 813 2040 wirkl.
842 1981 1011 2041 geheimten
1040 1984 1175 2044 Etaats¬

194 2039 256 2099 und
296 2031 539 2091 Kriegesrath,
573 2025 850 2085 Vicepräsidenten
896 2031 958 2091 und
998 2028 1172 2088 dirigiren¬

198 2084 245 2144 den
281 2081 432 2141 Minister
468 2076 515 2136 bey
544 2076 591 2136 dem
634 2082 1158 2142 General=Oher=Finanz=Krie

190 2133 266 2193 ges=
281 2129 343 2189 und
365 2133 777 2193 Domainen=Directorio,
799 2142 847 2202 die
862 2145 988 2205 gebetne
1002 2139 1163 2199 Erlassung

208 2178 282 2238 hrer
302 2190 439 2250 Dienste
459 2190 483 2250 in
522 2192 653 2252 Gnaden
685 2193 861 2253 bewilligt,
880 2196 905 2256 so
937 2193 999 2253 sind
1031 2191 1168 2251 gedachte

191 2242 262 2302 Se.
280 2240 362 2300 Exc.
375 2242 445 2302 nach
469 2240 552 2300 ihren
582 2240 605 2300 in
630 2240 830 2300 Westphalen
861 2240 1014 2300 liegenden
1045 2238 1162 2298 Gütern

193 2295 414 2355 abgegangen.
462 2288 541 2348 Wie
563 2288 631 2348 man
658 2285 716 2345 aus
743 2287 890 2347 Potsdam
928 2283 1117 2343 vernimmt,
1144 2283 1164 2343 so

191 2342 286 2402 haben
310 2342 394 2402 Ihro
417 2340 553 2400 Königl.
565 2333 717 2393 Hoheiten
746 2333 791 2393 die
809 2336 921 2396 beyden
950 2333 1086 2393 Prinzen
1109 2330 1165 2390 von

195 2393 371 2453 Preussen,
394 2390 454 2450 und
477 2387 565 2447 Ihro
583 2381 770 2441 Durchl.die
793 2384 903 2444 beyden
943 2383 1080 2443 Prinzen
1108 2378 1163 2438 von

194 2436 469 2496 Braunschweig,
503 2435 552 2495 die
580 2429 818 2489 Durchlauchte
851 2431 1166 2491 Braunschweigsche

194 2481 408 2541 Herrschaften
437 2481 481 2541 bis
504 2473 746 2533 Brandenburg
775 2479 932 2539 begleitet.

280 2529 472 2589 Halmstadt
496 2527 523 2587 in
558 2521 762 2581 Schweden,
786 2526 842 2586 vom
889 2530 950 2590 14.
985 2524 1075 2584 Jun.

235 2578 315 2638 Hier
333 2578 373 2638 ist
391 2575 431 2635 ein
461 2573 576 2633 grosser
600 2569 745 2629 Mangel
769 2572 797 2632 an
838 2575 937 2635 Kalk,
961 2572 1012 2632 das
1047 2566 1162 2626 Schiff

189 2627 315 2687 welches
340 2625 405 2685 nach
430 2622 599 2682 Gothland
630 2615 786 2675 gewesen,
811 2620 847 2680 um
890 2622 1016 2682 welchen
1053 2617 1161 2677 herbey

186 2684 218 2744 zu
244 2677 371 2737 führen,
398 2670 436 2730 ist
456 2670 513 2730 leer
533 2664 634 2724 zurück
661 2664 859 2724 gekommen,
885 2670 942 2730 und
969 2668 1000 2728 da
1026 2667 1090 2727 man
1116 2664 1173 2724 kei¬

184 2731 235 2791 nen
268 2727 345 2787 Kalk
365 2721 422 2781 aus
448 2715 629 2775 Norwegen
656 2713 746 2773 holen
772 2718 862 2778 darf,
882 2718 914 2778 so
940 2719 1082 2779 befinden
1115 2715 1165 2775 sich

190 2779 236 2839 die
257 2775 455 2835 Einwohner
476 2767 661 2827 genöthigt,
688 2765 754 2825 ihre
775 2769 900 2829 Häuser
934 2772 993 2832 mit
1014 2769 1079 2829 Leim
1127 2768 1159 2828 zu

183 2832 311 2892 bauen.

1602 344 1858 404 Phantasie.

1292 386 1363 446 Nah
1391 386 1426 446 am
1473 386 1599 446 Chaos,
1618 385 1671 445 und
1700 392 1789 452 unter
1817 398 2034 458 dämmerndem
2071 401 2215 461 Himmel

1239 431 1306 491 Vom
1346 434 1523 494 lethäischem
1564 431 1643 491 Ufer
1667 438 1843 498 begränzt:

1234 479 1320 539 Liegt
1343 482 1393 542 der
1408 481 1618 541 Möglichkeit
1633 482 1727 542 Reich
1757 484 1778 544 in
1808 491 2068 551 schlummerndem
2113 498 2220 558 Leben,

1234 529 1381 589 Zwischen
1407 530 1535 590 Unding
1561 530 1618 590 und
1644 531 1836 591 Schöpfung
1863 542 2009 602 getheilt.

1284 584 1440 644 Traurig,
1457 586 1543 646 ihres
1571 586 1749 646 Geschicks,
1766 592 1819 652 von
1847 596 1949 656 fernen
1977 601 2100 661 Aeonen

1234 634 1316 694 Noch
1342 636 1425 696 nicht
1446 637 1575 697 kundig,
1591 637 1653 697 nur
1674 638 1839 698 traumend
1866 644 1984 704 davon,

1229 682 1388 742 Kämpfen
1415 684 1533 744 muthig
1560 685 1647 745 durch
1674 685 1834 745 Perioden
1870 692 1916 752 des
1943 694 2180 754 Schlummers

1231 731 1368 791 Seelen,
1390 730 1549 790 künftigen
1582 733 1703 793 Welten
1730 736 1905 796 bestimmt.

1276 784 1319 844 Im
1358 784 1557 844 aetherischen
1586 788 1674 848 Leib,
1691 792 1773 852 nicht
1791 797 1918 857 sichtbar
1946 799 1995 859 dem
2035 801 2189 861 Sehrohr

1225 831 1339 891 Bildet
1361 834 1551 894 Phantasus
1579 837 1703 897 Griffel
1720 840 1839 900 bereits

1228 876 1332 936 Ihren
1360 879 1504 939 künftgen
1533 882 1660 942 Beruf.
1710 888 1820 948 Gleich
1844 894 2032 954 gankelnden
2066 897 2209 957 Tänzern

1225 930 1290 990 Afft
1313 930 1363 990 dem
1403 930 1536 990 Stutzer
1559 933 1597 993 ein
1631 936 1887 996 Schmetterling
1915 945 2009 1005 nach.

1273 990 1387 1050 Ganze
1408 992 1571 1052 Schaaren
1600 997 1653 1057 von
1681 1001 1789 1061 jungen
1824 1007 2000 1067 hüpfenden
2021 1010 2204 1070 Stäubchen

1226 1039 1350 1099 Pfeifen
1379 1041 1502 1101 singend
1526 1046 1582 1106 auf
1600 1049 1752 1109 Blättern
1781 1054 1910 1114 herum,

1232 1088 1346 1148 Duften
1381 1094 1515 1154 Ambra,
1536 1097 1590 1157 und
1617 1099 1677 1159 sehn
1705 1099 1732 1159 im
1773 1105 1928 1165 einsamen
1956 1107 2070 1167 Teiche

1228 1144 1335 1204 Zarter
1362 1145 1495 1205 Mienen
1521 1148 1706 1208 cytherische
1726 1149 1859 1209 Macht.

1275 1204 1483 1264 Unzufrieden
1510 1204 1567 1264 mit
1588 1201 1659 1261 sich,
1673 1203 1698 1263 in
1725 1204 1822 1264 Felsen
1848 1210 2063 1270 verschlossen,

1221 1249 1348 1309 Haͤufen
1378 1249 1471 1309 andre
1491 1247 1540 1307 sich
1565 1246 1805 1306 schimmernden
1840 1252 1952 1312 Sand,

1225 1293 1338 1353 Sehen
1363 1291 1470 1351 Diebe
1490 1291 1514 1351 im
1555 1291 1696 1351 Traum,
1712 1294 1770 1354 und
1795 1297 1927 1357 fürchten
1957 1294 2138 1354 Gewitter,

1222 1335 1288 1395 Und
1315 1336 1543 1396 umklammern
1574 1336 1620 1396 den
1652 1338 1802 1398 neidlosen
1833 1342 1962 1402 Schatz.

1265 1390 1354 1450 Noch
1381 1389 1423 1449 ein
1450 1393 1576 1453 emsiger
1603 1393 1703 1453 Volk,
1714 1396 1740 1456 im
1783 1396 1920 1456 Tiefsinn
1947 1402 1999 1462 der
2021 1401 2115 1461 Eulen

1219 1434 1319 1494 Fliegt
1336 1437 1388 1497 ins
1416 1437 1505 1497 Thor
1527 1439 1580 1499 der
1602 1440 1787 1500 Erschafnen
1819 1445 1952 1505 hinein:

1216 1485 1304 1545 Zieht
1326 1485 1382 1545 und
1409 1485 1523 1545 dehnet
1545 1487 1592 1547 den
1624 1493 1874 1553 embryonischen
1901 1497 2020 1557 Finger

1225 1533 1320 1593 Stolz
1342 1533 1399 1593 und
1427 1536 1586 1596 gründlich
1613 1539 1665 1599 zur
1687 1542 1888 1602 Autorschaft
1911 1545 1989 1605 aus.

1254 1595 1318 1655 Und
1343 1593 1383 1653 die
1396 1596 1554 1656 Dummheit
1568 1599 1691 1659 schreibt
1709 1602 1756 1662 ihm
1792 1603 1833 1663 die
1845 1606 1957 1666 Losung
1976 1609 2022 1669 zum
2058 1610 2193 1670 Abschied

1220 1643 1304 1703 Geh'
1327 1645 1383 1705 und
1412 1646 1520 1706 schreib
1543 1648 1554 1708 —
1606 1649 1684 1709 bleib
1708 1652 1832 1712 kindisch
1861 1654 1923 1714 und
1946 1655 2042 1715 stirb!

1211 1697 1371 1757 Zahlreich
1394 1700 1504 1760 flieget
1521 1700 1548 1760 es
1571 1700 1648 1760 aus,
1665 1702 1726 1762 mit
1748 1706 1892 1766 Schellen
1926 1707 1980 1767 und
2009 1711 2124 1771 Federn
2147 1705 2163 1765 —

1221 1747 1309 1807 Geht
1328 1751 1386 1811 und
1410 1751 1558 1811 schreibet
1577 1754 1588 1814 —
1636 1754 1735 1814 bleibt
1754 1757 1878 1817 kindisch
1908 1760 1919 1820 —
1973 1766 2031 1826 und
2056 1763 2167 1823 stirbt!

1286 1897 1413 1957 Auszug
1453 1902 1532 1962 eines
1573 1908 1779 1968 Schreibens
1819 1917 1874 1977 aus
1907 1921 2017 1981 Paris
2042 1921 2097 1981 vom

1590 1955 1657 2015 9ten
1703 1958 1815 2018 Julii.

1255 1986 1324 2046 Der
1351 1990 1433 2050 Herr
1459 1993 1510 2053 von
1536 1999 1663 2059 Cluny,
1690 2005 1875 2065 Jutendant
1901 2008 1958 2068 von
1991 2011 2054 2071 St.
2074 2011 2195 2071 Domi=

1204 2034 1315 2094 nique,
1342 2038 1468 2098 welcher
1496 2043 1543 2103 sich
1565 2045 1633 2105 nach
1666 2049 1840 2109 erhaltener
1862 2052 2143 2112 Zurückberufung
2164 2060 2190 2120 zu

1211 2091 1335 2151 Schiffe
1358 2088 1511 2148 begeben,
1534 2091 1567 2151 um
1608 2094 1681 2154 nach
1704 2097 1891 2157 Frankreich
1920 2103 2027 2163 zurück
2062 2103 2089 2163 zu
2130 2106 2197 2166 keh¬

1204 2137 1281 2197 ren,
1323 2139 1405 2199 ward
1442 2139 1664 2199 unterwegens
1701 2145 1758 2205 von
1794 2147 1876 2207 einer
1908 2151 1991 2211 ganz
2017 2151 2187 2211 besondern

1211 2187 1389 2247 Krankheit
1407 2188 1597 2248 überfallen,
1621 2194 1730 2254 welche
1754 2198 1805 2258 die
1823 2199 2025 2259 Wundärzte
2049 2202 2111 2262 eine
2129 2205 2192 2265 Art

1206 2234 1257 2294 der
1281 2234 1355 2294 Pest
1373 2233 1402 2293 zu
1431 2233 1494 2293 seyn
1524 2240 1697 2300 glaubten;
1726 2246 1777 2306 das
1813 2247 1905 2307 ganze
1940 2249 2125 2309 Schiffvolk
2148 2253 2200 2313 ge=

1203 2282 1278 2342 rieth
1306 2282 1440 2342 darüber
1468 2282 1489 2342 in
1522 2292 1743 2352 Bestürzung,
1771 2297 1824 2357 aus
1852 2299 1965 2359 Furcht
1982 2300 2073 2360 davon
2101 2303 2197 2363 ange¬

1205 2328 1285 2388 steckt
1318 2330 1345 2390 zu
1383 2330 1523 2390 werden,
1557 2336 1605 2396 so,
1638 2341 1691 2401 daß
1725 2345 1762 2405 sie
1789 2348 1859 2408 nach
1893 2348 1973 2408 einem
2023 2353 2184 2413 gehaltnen

1205 2378 1281 2438 Rath
1315 2377 1365 2437 den
1394 2376 1515 2436 Schluß
1544 2386 1671 2446 faßten,
1700 2394 1749 2454 den
1778 2396 1866 2456 Hrn.
1883 2397 1939 2457 von
1972 2399 2072 2459 Cluny
2101 2399 2128 2459 in
2150 2400 2188 2460 die

1206 2428 1277 2488 See
1298 2427 1323 2487 zu
1350 2423 1493 2483 werfen;
1520 2434 1592 2494 man
1619 2440 1769 2500 kündigte
1789 2443 1953 2503 demselben
1980 2443 2116 2503 wirklich
2137 2446 2188 2506 das

1201 2473 1332 2533 Urtheil
1352 2473 1401 2533 an,
1427 2474 1489 2534 und
1515 2476 1540 2536 er
1565 2481 1627 2541 war
1653 2491 1866 2551 keinesweges
1899 2488 2029 2548 bestürzt
2043 2491 2192 2551 darüber,

1200 2521 1233 2581 er
1262 2521 1340 2581 lobte
1369 2522 1521 2582 hingegen
1562 2531 1623 2591 mit
1646 2536 1748 2596 vieler
1782 2536 2076 2596 Standhaftigkeit
2099 2539 2183 2599 ihren

1203 2569 1344 2629 gefaßten
1367 2572 1554 2632 Entschluß,
1583 2583 1639 2643 und
1668 2586 1718 2646 bat
1742 2584 1786 2644 sich
1810 2583 1866 2643 nur
1889 2581 1934 2641 die
1963 2584 2036 2644 Zeit
2059 2587 2115 2647 von
2144 2590 2183 2650 24

1203 2617 1354 2677 Stunden
1387 2619 1462 2679 aus,
1489 2624 1521 2684 um
1565 2630 1613 2690 sich
1641 2635 1689 2695 zum
1733 2629 1819 2689 Tode
1841 2629 1867 2689 zu
1901 2632 2062 2692 bereiten,
2084 2635 2181 2695 dieses

1200 2663 1284 2723 ward
1312 2664 1357 2724 ihm
1398 2670 1577 2730 bewilligt;
1601 2682 1674 2742 nach
1697 2679 1787 2739 diesem
1827 2676 1962 2736 forderte
1985 2679 2013 2739 er
2048 2682 2087 2742 ein
2121 2685 2194 2745 hal¬

1200 2712 1255 2772 bes
1283 2715 1383 2775 Maaß
1411 2725 1655 2785 Beandtwein,
1677 2726 1799 2786 welchen
1833 2722 1866 2782 er
1895 2728 2066 2788 einnahm,
2089 2730 2183 2790 dieses

1205 2763 1400 2823 verursachte
1428 2767 1475 2827 ihm
1530 2778 1654 2838 alsbald
1693 2775 1757 2835 eine
1790 2772 1963 2832 gewaltige
1997 2775 2099 2835 Hitze,
2132 2778 2185 2838 auf

1203 2817 1314 2877 welche
1341 2817 1380 2877 ein
1407 2820 1538 2880 hitziges
1558 2832 1668 2892 Fieber
1689 2823 1839 2883 erfolgte,
1860 2826 1919 2886 das
1946 2826 1997 2886 ihm
2038 2826 2090 2886 die
2117 2823 2188 2883 Po¬

2115 2879 2171 2939 cken
