2034 2755
427 973 1542 1047 6tes Stück. Montag, den 20. Februar. 1764.
396 1056 688 1139 Königsberg.
166 1112 979 1194 Preußen wünscht sick, vor Deutschland ein
114 1156 979 1232 daheres Recht den Herrn Professor Rammler
116 1192 983 1273 seinen Horatz nennen zu können. Wir schreiben
114 1239 981 1310 heut unsern Lesern ein kleines Muster ab und widmen
111 1286 987 1371 eo mit gütiger Genehmhaltung unserer Gelegenheits¬
114 1318 916 1411 sichter, der morgenden Hochzeit eines Freundes.
311 1426 768 1514 Ode an Hymen.
288 1523 830 1657 Tyäens und Cytherens Sohn
209 1637 743 1713 Im schönsten Rausch geboren,
205 1701 902 1801 Gott Hymen, der du dir zum Thron
200 1745 697 1855 Das Hochzeitbett erkohren:
299 1855 862 1967 Dir fleht der sorgenvolle Greiß:
201 1924 693 2017 O Stifter der Geschlechter,
205 1991 904 2092 Nimm, was ich nicht zu schützen weiß,
200 2060 779 2139 Nimm mir die größten Töchter.
302 2163 970 2258 Dir schmückt das fromme Mädchen sich
198 2214 667 2309 Bey seinem Morgenliede;
200 2287 814 2383 Der weise Jüngling hofft auf dich,
200 2347 683 2441 Des falschen Amors müde.
1191 1044 1724 1148 Dich rufen junge Wittwen an
1099 1103 1593 1185 Jm hochbetrübten Schleyer,
1103 1177 1727 1261 Im Flohr bekennt der Trauermann
1084 1246 1536 1322 Dir sein gewaltig Feuer.
1178 1325 1784 1432 Du, mehr als alle Götter werth
1087 1383 1622 1475 Dir flehen auch die Prinzen:
1097 1453 1637 1546 Erfülle, was der Krieg geleert,
1091 1522 1572 1618 Erfüll' uns die Provinzen!
1173 1586 1813 1680 O wenn dich noch ein Opferschmauß
1087 1670 1572 1756 Herab vom Himmel ziehet;
1094 1737 1731 1812 So komm in meines Leukons Haus,
1084 1794 1493 1894 Der am Altare knieet.
1171 1877 1858 1981 O komm! zwey Ring' an Einer Hand,
1084 1964 1647 2035 Und um die Schläfe Myrthen,
1087 2010 1748 2092 Und um den Arm ein goldnes Band,
1083 2089 1676 2175 Das Knie der Braut zu gürten;
1173 2172 1858 2258 Die, wann von Wein und Liebe voll
1084 2230 1569 2323 Ein Gast zu viel begehret,
1084 2301 1634 2387 Und sie doch etwas missen soll,
1081 2369 1601 2456 Am liebsten Band entbehret:
1773 2390 1860 2491 Die
