2479 3508
599 1202 723 1262 61tes
769 1206 937 1266 Stück.
992 1213 1222 1273 Freytag,

1259 1210 1325 1270 den
1377 1211 1450 1271 31.
1480 1210 1641 1270 August
1679 1213 1825 1273 1764.

591 1276 782 1336 Erfurt.

186 1318 335 1378 Der
351 1327 635 1387 Zinzendorfianer
658 1329 700 1389 als
730 1327 772 1387 ein
794 1327 979 1387 Verräther
1001 1330 1051 1390 der
1073 1327 1194 1387 Ortho¬

195 1368 210 1428 —
307 1375 424 1435 "doxie
451 1375 504 1435 aus
526 1378 627 1438 seinen
649 1375 938 1435 eigenthümlichen
965 1376 1178 1436 Lehrbüchern

184 1425 394 1485 „abgebildet
416 1425 471 1485 von
510 1422 554 1482 J.
582 1423 626 1483 C.
649 1422 825 1482 Löwen,
848 1425 935 1485 8vo,
964 1423 980 1483 5
1014 1422 1151 1482 Bogen.

175 1476 255 1536 Wer
289 1478 337 1538 die
359 1473 582 1533 Herrenhuter
615 1472 679 1532 bloß
713 1470 772 1530 aus
805 1471 1011 1531 Hörensagen
1050 1472 1185 1532 gekannt

178 1528 289 1588 hätte,
317 1526 379 1586 und
402 1524 451 1584 sich
480 1524 546 1584 doch
574 1523 624 1583 von
653 1521 741 1581 ihren
775 1521 1071 1581 eigenthümlichen
1100 1518 1194 1578 Lehr=

178 1580 270 1640 sätzen
298 1578 378 1638 einen
417 1578 524 1638 kurzen
552 1572 676 1632 Begrif
704 1573 828 1633 machen
867 1572 996 1632 wollte,
1018 1572 1104 1632 ohne
1132 1572 1180 1632 die

179 1631 291 1691 Mühe
315 1630 345 1690 zu
375 1628 499 1688 haben,
524 1625 719 1685 weitläuftig
750 1622 921 1682 Schriften
952 1624 1188 1684 nachzusehen,

181 1682 232 1742 dem
283 1682 401 1742 werden
436 1681 515 1741 diese
543 1679 685 1739 wenigen
719 1676 831 1736 Bogen
872 1676 1018 1736 nützliche
1042 1675 1182 1735 Dienste

173 1733 300 1793 leisten.
352 1730 427 1790 Sie
451 1733 514 1793 sind
544 1730 613 1790 eine
637 1728 694 1788 Art
723 1727 775 1787 von
810 1727 1071 1787 systematischein
1100 1727 1186 1787 Vor¬

177 1781 269 1841 trage
290 1781 336 1841 der
363 1779 641 1839 zinzendorfischen
667 1775 893 1835 Irrthümer,
920 1772 991 1832 nach
1023 1772 1074 1832 der
1106 1771 1188 1831 Rei¬

178 1825 214 1885 he
241 1822 286 1882 der
305 1822 603 1882 Glaubensartikel
622 1817 790 1877 geordnet.
840 1814 925 1874 Man
958 1817 1057 1877 findet
1076 1818 1102 1878 in
1130 1817 1179 1877 der

174 1873 284 1933 Kürze
313 1867 360 1927 die
390 1864 744 1924 abentheuerlichsten,
773 1858 988 1918 unsinnigsten
1027 1858 1175 1918 Einfalle

180 1921 262 1981 einer
294 1915 453 1975 niedrigen
490 1912 551 1972 und
583 1909 675 1969 rohen
712 1903 1031 1963 Einbildungskraft
1057 1903 1181 1963 gesam¬

177 1972 277 2032 melt,
304 1966 346 2026 die
373 1964 441 2024 noch
468 1960 557 2020 unter
579 1957 626 2017 der
648 1951 854 2011 Verachtung
875 1951 960 2011 sind.
992 1949 1065 2009 Der
1087 1948 1171 2008 Herr

181 2020 282 2080 Verf.
299 2014 462 2074 verdienet
484 2008 580 2068 Dank
603 2007 657 2067 für
690 2005 765 2065 seine
798 2002 1025 2062 aufgewandte
1048 1999 1176 2059 Muhe,

178 2072 214 2132 sie
246 2064 452 2124 aufzusuchen
495 2058 552 2118 und
590 2055 943 2115 zusammenzustellen.
1007 2048 1165 2108 Darinne

174 2116 248 2176 aber
280 2113 396 2173 können
439 2106 497 2166 wir
534 2106 634 2166 seiner
662 2104 836 2164 Meynung
868 2103 957 2163 nicht
990 2099 1175 2159 beytreten,

175 2164 257 2224 wenn
285 2163 313 2223 er
346 2161 423 2221 diese
441 2160 640 2220 Irrthümer
668 2157 718 2217 als
752 2156 796 2216 ein
830 2154 962 2214 Gericht
985 2148 1173 2208 betrachtet,

178 2217 233 2277 das
255 2211 355 2271 GOtt
372 2212 443 2272 über
472 2211 515 2271 die
538 2208 720 2268 lutherische
737 2205 848 2265 Kirche
870 2205 1048 2265 verhäͤnget
1070 2199 1164 2259 haben

176 2267 245 2327 soll.
274 2264 383 2324 Kostet
402 2261 424 2321 in
454 2258 505 2318 der
529 2255 731 2315 Kanterschen
755 2255 1020 2315 Buchhandlung
1043 2252 1170 2312 allhier,

177 2318 238 2378 wie
257 2318 325 2378 auch
350 2313 374 2373 in
406 2312 523 2372 Elbing
548 2306 604 2366 und
635 2303 746 2363 Mitau
777 2306 790 2366 9
821 2306 870 2366 gr.

391 2404 636 2464 Frankfurt
659 2399 723 2459 und
753 2403 940 2463 Leipzig.

226 2452 356 2512 "Kurze
374 2455 481 2515 scherz=
493 2450 555 2510 und
578 2446 748 2506 ernsthafte
766 2452 920 2512 Gedichte
943 2443 1027 2503 nebst
1046 2440 1158 2500 einigen

175 2500 369 2560 „Uebersetz=
397 2503 456 2563 und
484 2497 744 2557 Erzählungen,
766 2500 864 2560 denen
902 2494 972 2554 noch
1005 2491 1075 2551 eine
1098 2488 1162 2548 Ode

172 2544 254 2604 „zur
283 2551 514 2611 Widerlegung
548 2545 597 2605 der
625 2545 829 2605 Meynung:
869 2545 923 2605 daß
951 2539 1056 2599 GOtt
1078 2539 1166 2599 nicht

173 2596 274 2656 „ewig
297 2599 411 2659 strafe,
429 2599 485 2659 und
508 2595 570 2655 also
593 2593 638 2653 die
661 2597 899 2657 Verdammniß
924 2592 963 2652 ein
992 2589 1082 2649 Ende
1099 2585 1167 2645 hät=

171 2643 248 2703 "te,
273 2646 489 2706 beygefüget,
520 2641 713 2701 verfertiget
738 2643 791 2703 von
828 2646 875 2706 H.
894 2644 942 2704 H.
955 2641 997 2701 F.
1021 2638 1135 2698 1764.

172 2703 262 2763 Nach
291 2697 455 2757 gehöriger
478 2691 699 2751 Durchlesung
728 2692 783 2752 und
807 2694 959 2754 reiflicher
977 2685 1157 2745 Erwegung

175 2754 268 2814 dieses
302 2745 600 2805 hochansehnlichen
634 2739 738 2799 Titels
766 2745 876 2805 mußte
910 2743 943 2803 es
982 2741 1042 2801 uns
1076 2733 1169 2793 aller¬

171 2805 268 2865 dings
294 2796 496 2856 befremden,
521 2795 575 2855 daß
601 2793 643 2853 sich
675 2790 724 2850 der
749 2793 908 2853 Verfasser
939 2795 963 2855 in
994 2793 1043 2853 der
1056 2787 1166 2847 Zueig¬

172 2855 415 2915 nungsschrift,
444 2847 550 2907 welche
579 2847 714 2907 zugleich
749 2844 793 2904 die
816 2847 912 2907 Rolle
946 2847 996 2907 der
1020 2840 1160 2900 Vorrede

1234 1282 1311 1342 über
1330 1283 1378 1343 sich
1409 1282 1626 1342 genommen,
1651 1282 1941 1342 folgendergestalt
1967 1285 2038 1345 über
2075 1285 2154 1345 seine
2178 1285 2238 1345 Ar¬

1232 1327 1294 1387 beit
1317 1327 1457 1387 erklärt:

1290 1385 1327 1445 Es
1348 1387 1416 1447 zeigt
1438 1387 1475 1447 die
1496 1388 1575 1448 kleine
1602 1390 1707 1450 Schrift
1729 1390 1776 1450 mit
1797 1390 1924 1450 Grillen
1951 1390 2093 1450 angefüllt,

1256 1443 1315 1503 Daß
1340 1443 1369 1503 sie
1389 1443 1433 1503 zum
1468 1443 1634 1503 Zeitvertreib
1660 1443 1709 1503 nur
1729 1443 1812 1503 meine
1832 1446 1891 1506 Lust
1906 1445 2019 1505 gestillt;

1252 1500 1336 1560 Zwar
1355 1502 1425 1562 giebt
1449 1503 1476 1563 sie
1500 1503 1555 1563 auch
1580 1503 1682 1563 zugleich
1710 1500 1864 1560 verschieden
1888 1503 1911 1563 zu
1935 1503 2074 1563 erkennen,

1252 1560 1320 1620 Wäs
1341 1558 1394 1618 man
1419 1560 1458 1620 der
1478 1560 1586 1620 Christen
1616 1560 1709 1620 Pflicht
1729 1560 1772 1620 und
1793 1560 2019 1620 Glaubenspunct
2034 1560 2092 1620 kann
2117 1564 2230 1624 nennen,

1253 1618 1334 1678 Allein
1358 1618 1410 1678 was
1439 1619 1520 1679 macht
1540 1619 1573 1679 sie
1593 1618 1664 1678 aus?
1698 1616 1735 1676 Es
1765 1618 1893 1678 kommt
1913 1616 1970 1676 auf
1985 1616 2022 1676 sie
2042 1621 2152 1681 nichts
2176 1625 2228 1685 an,

1253 1679 1311 1739 Daß
1337 1679 1365 1739 sie
1391 1679 1454 1739 nur
1480 1677 1715 1737 Grillenwerk
1740 1678 1858 1738 demnach
1883 1676 1956 1736 wohl
1971 1678 2060 1738 heißen
2085 1680 2163 1740 kann.

1226 1773 1326 1833 Allein
1354 1772 1422 1832 wer
1450 1772 1536 1832 sollte
1564 1771 1659 1831 wohl
1680 1769 1794 1829 donken
1849 1769 1903 1829 daß
1937 1769 2024 1829 Herr
2053 1770 2099 1830 H.
2120 1772 2167 1832 H.
2188 1773 2227 1833 F.

1217 1819 1314 1879 wider
1347 1819 1396 1879 die
1423 1820 1509 1880 sonst
1532 1818 1770 1878 gewöhnlichen
1808 1818 1921 1878 Rechte
1949 1816 2003 1876 der
2025 1819 2165 1879 Poesie,
2193 1822 2219 1882 in

1220 1861 1330 1921 Versen
1366 1863 1512 1923 wahrer,
1538 1864 1588 1924 als
1613 1864 1638 1924 in
1669 1861 1769 1921 Prosa
1795 1864 1926 1924 geredet
1947 1864 2042 1924 habe.
2093 1869 2144 1929 In
2174 1870 2224 1930 der

1220 1903 1330 1963 That,
1357 1906 1414 1966 "es
1436 1906 1499 1966 sind
1526 1907 1609 1967 nicht
1631 1906 1746 1966 scherz=
1763 1906 1825 1966 und
1858 1906 2031 1966 ernsthafte
2052 1913 2226 1973 Gedichte,

1228 1948 1325 2008 nebst
1347 1951 1471 2011 einigen
1504 1951 1677 2011 Uebersetz=
1700 1951 1758 2011 und
1786 1954 2046 2014 Erzählungen"
2084 1961 2214 2021 sondern

1212 1999 1239 2059 es
1263 1999 1302 2059 ist
1319 2001 1642 2061 Grillenwerk,
1671 1999 1801 2059 welches
1830 1999 1875 2059 der
1899 1999 1989 2059 Herr
2012 2002 2125 2062 Reim=
2143 2012 2216 2072 oder

1218 2046 1465 2106 Grillenfänger
1488 2049 1603 2109 füglich
1632 2046 1719 2106 hätte
1736 2046 1846 2106 zurüͤck
1863 2048 2001 2108 behalten
2029 2053 2177 2113 köͤnnen¬

1215 2095 1285 2155 Der
1316 2094 1439 2154 Schluß
1476 2097 1575 2157 dieser
1605 2094 1765 2154 Zuschrift
1789 2097 1824 2157 ist
1855 2097 2037 2157 possirlich,
2062 2101 2138 2161 weil
2162 2106 2214 2166 der

1212 2145 1374 2205 Verfasser
1404 2144 1455 2204 bey
1492 2148 1666 2208 demselben
1701 2148 1788 2208 einen
1824 2151 2009 2211 Sprung
2039 2154 2160 2214 macht,
2190 2159 2218 2219 so

1210 2199 1274 2259 alt
1305 2194 1334 2254 er
1365 2193 1423 2253 ist:

1273 2264 1396 2324 Indessen
1419 2264 1445 2324 da
1467 2266 1504 2326 ich
1527 2267 1558 2327 sie
1586 2270 1656 2330 (die
1678 2267 1834 2327 Schrift)
1856 2270 1926 2330 nicht
1948 2273 2023 2333 selbst
2045 2273 2104 2333 kann
2137 2275 2217 2335 über¬

1832 2330 1952 2390 reichen,

1240 2379 1282 2439 So
1304 2378 1369 2438 wird
1391 2378 1423 2438 sie
1439 2384 1584 2444 ohngefähr
1607 2384 1649 2444 bey
1677 2386 1763 2446 Ihnen
1790 2385 1827 2445 sich
1855 2389 2043 2449 einschleichen,

1237 2437 1289 2497 Sie
1313 2435 1370 2495 thut
1390 2435 1437 2495 nur
1462 2439 1529 2499 einen
1558 2443 1701 2503 Sprung
1726 2444 1783 2504 nach
1807 2443 2032 2503 Sondershausen
2057 2446 2114 2506 hin,

1239 2494 1292 2554 Und
1315 2491 1412 2551 zeiget,
1434 2496 1478 2556 daß
1500 2497 1532 2557 ich
1555 2500 1614 2560 stets
1642 2503 1679 2563 der
1702 2502 1772 2562 alte
1795 2500 1892 2560 Diener
1914 2500 1968 2560 bin.

1203 2584 1283 2644 Nun
1306 2584 1334 2644 ja
1364 2586 1459 2646 doch,
1481 2589 1524 2649 sie
1547 2592 1641 2652 sollen
1672 2593 1707 2653 es
1737 2590 1802 2650 seyn
1840 2586 1905 2646 und
1935 2587 2088 2647 bleiben,
2110 2590 2197 2650 wenn

1206 2635 1338 2695 namlich
1368 2635 1436 2695 ihre
1455 2638 1541 2698 alte
1570 2641 1749 2701 Dienste
1779 2635 1859 2695 nicht
1888 2633 2021 2693 Poesien
2056 2636 2217 2696 gewesen,

1206 2682 1229 2742 in
1258 2682 1350 2742 diesem
1392 2685 1484 2745 Falle
1508 2691 1618 2751 würde
1636 2688 1676 2748 ich
1700 2685 1775 2745 nach
1799 2683 1920 2743 meinem
1961 2685 2043 2745 Amt
2066 2685 2124 2745 und
2148 2685 2216 2745 Ge¬

1208 2730 1306 2790 wissen
1341 2732 1421 2792 mein
1457 2742 1659 2802 möglichstes
1688 2734 1757 2794 dazu
1799 2733 2001 2793 beytragen,
2025 2736 2076 2796 daß
2111 2734 2151 2794 sie
2175 2736 2203 2796 in

1199 2784 1276 2844 allen
1305 2783 1443 2843 Gnaden
1477 2790 1711 2850 verabscheidet
1734 2782 1878 2842 werden.
1917 2781 2006 2841 Nach
2034 2781 2129 2841 diesen
2157 2783 2218 2843 an¬

1206 2837 1372 2897 gefuhrten
1404 2840 1418 2900 2
1442 2841 1678 2901 jammerlichen
1710 2835 1838 2895 Stellen
1862 2834 1969 2894 halten
1993 2830 2053 2890 wir
2076 2829 2129 2889 vor
2160 2832 2212 2892 un,

2083 2880 2223 2940 nöthig,
