2479 3508
305 408 383 468 sich,
409 405 460 465 zum
501 401 688 461 Beyspiele,
716 403 773 463 mit
800 404 845 464 den
878 401 1184 461 pflaumfederichten
1217 404 1307 464 (plu¬

308 453 405 513 med)
427 449 597 509 Polypen,
613 449 721 509 welche
742 449 778 509 ich
804 451 835 511 am
877 452 969 512 Ende
991 451 1042 511 der
1069 449 1177 509 dritten
1203 452 1311 512 Nach¬

307 500 406 560 richt,
429 500 552 560 meiner
586 497 725 557 Schrift
759 500 814 560 von
849 500 898 560 den
938 497 1088 557 Polypen
1122 497 1172 557 des
1206 498 1300 558 süßen

310 548 485 608 Wassers,
509 548 696 608 beschrieben
731 548 821 608 habe.

986 593 1034 653 A.
1063 595 1307 655 Trembley.

637 688 983 748 Brandenburg.

357 736 427 796 Die
449 736 638 796 Gebrüdere
666 736 790 796 Halle
812 736 909 796 haben
937 736 1104 796 gedruckt:
1132 733 1310 793 "Kirchen¬

309 783 498 843 „geschichte
520 785 568 845 der
596 783 666 843 Zeit
683 783 736 843 vor
764 781 812 841 der
829 784 1040 844 Sündfluth,
1056 785 1126 845 oder
1154 782 1310 842 ausführ¬

309 828 408 888 „liche
431 831 614 891 Erzählung
642 830 697 890 und
725 831 958 891 Untersuchung
986 831 1036 891 des
1058 831 1230 891 Zustandes
1258 828 1307 888 der

312 877 447 937 Kirche
475 877 637 937 GOttes,
676 878 768 938 nebst
790 876 844 936 den
883 879 1012 939 übrigen
1051 879 1300 939 merkwürdigen

312 927 593 987 "Begebenheiten
626 924 670 984 bis
698 924 756 984 auf
779 924 822 984 die
850 927 1039 987 Sündfluth
1062 928 1230 988 inclusive,
1257 924 1305 984 als

308 966 382 1026 „der
409 973 536 1033 Anfang
564 973 648 1033 einer
675 972 899 1032 vollständigen
931 972 1239 1032 Kirchengeschichte
1267 969 1314 1029 al¬

314 1013 378 1073 "tes
404 1019 630 1079 Testaments,
646 1016 696 1076 zur
716 1016 983 1076 Verherrlichung
1014 1016 1063 1076 der
1090 1017 1200 1077 großen
1225 1016 1310 1076 Tha¬

310 1055 376 1115 „ten
405 1064 539 1124 GOttes
573 1061 630 1121 und
659 1061 879 1121 Erläuterung
913 1061 1143 1121 verschiedener
1172 1062 1296 1122 Stellen

311 1102 384 1162 „der
410 1112 490 1172 heil.
509 1109 670 1169 Schrift,
701 1107 874 1167 entworfen
913 1106 968 1166 von
999 1109 1129 1169 Sam.
1148 1109 1315 1169 Christ.

313 1160 515 1220 Voitus.
539 1157 620 1217 8vo.
702 1153 824 1213 Dieser
848 1154 1067 1214 ausführliche
1092 1157 1184 1217 Titel
1208 1157 1306 1217 zeiget

312 1207 360 1267 die
382 1210 506 1270 Absicht
529 1207 576 1267 des
599 1207 685 1267 Hrn.
696 1203 874 1263 Verfassers
902 1204 961 1264 und
989 1204 1037 1264 den
1065 1204 1194 1264 Inhalt
1211 1202 1303 1262 seiner

315 1261 447 1321 Schrift
475 1256 585 1316 sattsam
625 1255 685 1315 an.
735 1252 790 1312 Da
824 1253 856 1313 er
885 1254 956 1314 nach
979 1252 1078 1312 seiner
1100 1252 1304 1312 Amtsarbeit

312 1306 357 1366 die
375 1306 611 1366 Ausfertigung
640 1303 719 1363 einer
742 1303 973 1363 hinlänglichen
1002 1303 1301 1363 Kirchengeschichte

307 1359 335 1419 zu
364 1357 461 1417 seiner
484 1354 666 1414 häuslichen
701 1351 951 1411 Beschäftigung
975 1352 1151 1412 erwählet:
1186 1354 1214 1414 so
1243 1351 1310 1411 gibt

309 1402 335 1462 er
358 1402 493 1462 hiermit
515 1402 579 1462 eine
602 1399 710 1459 Probe
733 1402 852 1462 davon,
874 1401 933 1461 und
961 1401 1096 1461 ersuchet
1113 1402 1172 1462 alle
1189 1400 1286 1460 Freun

309 1446 341 1506 de
368 1449 416 1509 der
439 1446 634 1506 Wahrheit,
662 1448 710 1508 die
738 1446 797 1506 mit
819 1446 873 1506 ihm
917 1447 1014 1507 etwan
1053 1449 1134 1509 nicht
1162 1446 1308 1506 überein¬

311 1497 453 1557 stimmen
480 1497 644 1557 möchten,
671 1496 718 1556 ihn
755 1494 813 1554 von
846 1494 930 1554 ihren
967 1496 1232 1556 Gegengründen
1264 1494 1295 1554 zu

311 1545 478 1605 belehren.
524 1545 576 1605 Er
600 1543 657 1603 hat
687 1542 779 1602 dieses
814 1542 981 1602 Werkchen
1017 1542 1039 1602 in
1074 1542 1149 1602 fünf
1173 1542 1305 1602 Capitel

308 1593 524 1653 abgetheilet,
550 1590 575 1650 in
607 1590 689 1650 deren
720 1590 808 1650 ersten
840 1590 870 1650 er
891 1590 947 1650 von
974 1590 1019 1650 der
1046 1592 1293 1652 Fortpflanzung

307 1634 361 1694 der
386 1638 499 1698 Kirche
524 1637 607 1697 durch
637 1634 680 1694 die
701 1634 813 1694 Lehrer
834 1635 937 1695 redet,
952 1635 1010 1695 und
1035 1634 1059 1694 in
1085 1637 1178 1697 dessen
1208 1634 1296 1694 ersten

308 1682 493 1742 Abschnitte
514 1682 555 1742 die
581 1679 689 1739 Lehrer
716 1679 818 1739 selbst,
839 1679 885 1739 als
911 1676 1035 1736 Adam,
1061 1679 1169 1739 Seth,
1190 1679 1303 1739 Enos,

307 1727 469 1787 Kainan,
498 1721 722 1781 Mahalaleel,
747 1719 875 1779 Jared,
900 1720 1042 1780 Henoch,
1072 1718 1305 1778 Methusalah,

306 1769 429 1829 Lamech
456 1769 512 1829 und
539 1766 662 1826 Noah,
689 1763 750 1823 und
777 1763 838 1823 was
870 1763 921 1823 bey
953 1763 1045 1823 ihnen
1082 1763 1294 1823 merkwürdig

312 1817 373 1877 ist,
394 1817 553 1877 vorstellig
575 1814 718 1874 machet;
745 1811 770 1871 in
796 1813 848 1873 dem
890 1811 1023 1871 zweyten
1060 1811 1131 1871 aber
1158 1813 1214 1873 von
1251 1811 1296 1871 der

317 1865 560 1925 Fortpflanzung
589 1864 638 1924 der
662 1864 789 1924 wahren
812 1864 922 1924 Kirche
945 1864 1045 1924 redet,
1063 1861 1168 1921 wobey
1191 1863 1223 1923 er
1246 1863 1295 1923 das

318 1917 433 1977 Mittel
462 1917 511 1977 der
539 1912 759 1972 Ausbreitung
793 1915 842 1975 der
876 1914 1035 1974 göttlichen
1069 1915 1300 1975 Erkänntniß;

312 1966 367 2026 das
395 1966 478 2026 hohe
501 1963 589 2023 Alter
611 1960 661 2020 der
684 1960 733 2020 vor
756 1960 806 2020 der
823 1961 1011 2021 Sundfluth
1039 1961 1177 2021 lebenden
1206 1960 1305 2020 Men¬

311 2014 421 2074 schen,
449 2014 506 2074 und
539 2011 586 2071 die
608 2011 724 2071 daraus
757 2011 958 2071 entstehende
980 2010 1202 2070 Vermehrung
1235 2008 1303 2068 der¬

313 2061 404 2121 selben
432 2058 599 2118 anführet.
649 2057 730 2117 Das
757 2055 876 2115 zweyte
899 2058 1034 2118 Capitel
1056 2057 1186 2117 handelt
1214 2055 1305 2115 eben¬

309 2110 387 2170 falls
414 2106 440 2166 in
478 2106 614 2166 zweenen
652 2103 846 2163 Abschnitten
889 2103 946 2163 von
978 2103 1031 2163 der
1063 2104 1162 2164 reinen
1200 2103 1294 2163 Lehre

311 2157 369 2217 und
406 2155 459 2215 dem
502 2153 596 2213 Leben
634 2151 686 2211 der
724 2151 903 2211 damaligen
942 2151 1073 2211 Glieder
1105 2153 1153 2213 der
1180 2151 1295 2211 Kirche

312 2202 459 2262 GOttes.
511 2201 590 2261 Das
613 2196 709 2256 dritte
727 2196 931 2256 beschaftiget
949 2199 993 2259 sich
1017 2199 1073 2259 mit
1091 2199 1141 2259 dem
1182 2197 1295 2257 äusser=

304 2246 394 2306 lichen
431 2246 592 2306 Zustande
624 2240 677 2300 der
704 2240 821 2300 Kirche
848 2242 1008 2302 GOttes,
1041 2248 1104 2308 und
1137 2244 1238 2304 zeiget
1260 2246 1286 2306 in

308 2294 361 2354 dem
404 2288 493 2348 ersten
521 2288 701 2348 Abschnitte
723 2287 765 2347 die
787 2291 1073 2351 gottesdienstliche
1090 2294 1297 2354 Verfassung,

309 2342 371 2402 und
400 2338 422 2398 in
451 2336 501 2396 dem
542 2334 672 2394 zweyten
700 2332 751 2392 das
775 2335 950 2395 äußerliche
973 2342 1166 2402 Verhältniß
1195 2339 1295 2399 dersel.

308 2390 387 2450 ben.
435 2384 514 2444 Das
546 2381 646 2441 vierte
673 2378 804 2438 Capitel
837 2387 952 2447 nimmt
985 2390 1032 2450 die
1064 2389 1280 2449 Trennungen

312 2438 368 2498 und
392 2433 635 2493 Verfolgungen
664 2427 714 2487 der
737 2428 850 2488 Kirche
873 2435 952 2495 vor,
981 2437 1020 2497 da
1049 2437 1077 2497 in
1106 2437 1150 2497 dem
1196 2437 1280 2497 ersten

310 2485 486 2545 Abschnitte
511 2482 623 2542 Kain,
647 2476 801 2536 Hanoch,
831 2481 948 2541 Irod,
978 2485 1185 2545 Mahujael,
1215 2482 1291 2542 Me-

306 2533 430 2593 thusael
454 2533 510 2593 und
539 2531 663 2591 Lamech
699 2523 743 2583 als
778 2525 948 2585 diejenigen
982 2533 1192 2593 aufgeführet
1215 2530 1294 2590 wer¬

309 2583 389 2643 den,
411 2583 460 2643 die
488 2581 536 2641 sich
569 2579 623 2639 von
661 2576 709 2636 der
743 2569 856 2629 Kirche
879 2576 1046 2636 getrennet
1069 2581 1128 2641 und
1161 2581 1280 2641 Secten

308 2629 439 2689 gestiftet
464 2628 578 2688 haben.
627 2623 710 2683 Das
735 2618 837 2678 fünfte
856 2620 975 2680 Capitel
994 2627 1108 2687 endlich
1133 2629 1283 2689 berühret

298 2676 347 2736 die
370 2676 498 2736 übrigen
526 2673 889 2733 Merkwürdigkeiten,
912 2666 944 2726 da
978 2671 1050 2731 denn
1084 2673 1112 2733 in
1146 2673 1196 2733 dem
1246 2670 1290 2730 er¬

304 2725 359 2785 sten
387 2721 570 2781 Abschnitte
587 2721 642 2781 von
670 2722 720 2782 der
742 2712 936 2772 Schöpfung
965 2716 1036 2776 aller
1060 2723 1192 2783 Dinge,
1220 2721 1275 2781 und

301 2772 322 2832 in
351 2772 400 2832 dem
439 2770 572 2830 zweyten
600 2769 655 2829 von
689 2768 738 2828 der
772 2762 960 2822 Sündfluth
994 2769 1160 2829 gehandelt
1183 2769 1282 2829 wird.

298 2820 406 2880 Kostet
425 2820 448 2880 in
479 2819 527 2879 der
552 2817 756 2877 Kanterschen
787 2811 1041 2871 Buchhandlung
1072 2820 1198 2880 allhier,
1217 2817 1277 2877 wie

299 2868 369 2928 auch
400 2867 423 2927 in
447 2867 565 2927 Elbing
589 2867 648 2927 und
673 2867 784 2927 Mitau
809 2862 849 2922 21
874 2861 920 2921 gr.

1523 401 1725 461 Eisleben
1769 404 1830 464 und
1868 404 2162 464 Wittenberg.

1400 438 1467 498 "D.
1484 448 1523 508 C.
1546 448 1597 508 A.
1614 452 1857 512 Heumanns
1892 455 2049 515 Erweis,
2073 450 2129 510 daß
2164 450 2208 510 die
2237 452 2332 512 Lehre

1348 489 1423 549 "der
1451 495 1668 555 Reformirten
1706 500 1820 560 Kirche
1853 500 1906 560 vom
1946 500 2037 560 Heil.
2060 497 2265 557 Abendmahl
2287 500 2335 560 die

1356 542 1465 602 "rechte
1494 542 1554 602 und
1593 545 1698 605 wahre
1727 548 1803 608 sey,
1832 549 1920 609 8vo,
1954 548 1970 608 5
2004 547 2159 607 Bogen.”
2231 545 2336 605 Diese

1348 592 1498 652 Schrift,
1519 592 1648 652 welche,
1664 592 1720 652 wie
1741 595 1788 655 der
1814 593 2005 653 Vorbericht
2027 595 2125 655 saget,
2141 594 2208 654 nach
2234 593 2316 653 einem

1347 637 1597 697 ausdrücklichen
1633 640 1728 700 letzten
1774 643 1890 703 Willen
1925 641 1975 701 des
2016 643 2322 703 jüngstverstorbnen

1345 685 1450 745 Herrn
1477 685 1520 745 D.
1541 688 1779 748 Heumanns
1806 688 2065 748 herausgegeben
2098 691 2240 751 worden,
2257 691 2335 751 zieht

1341 732 1501 792 vielleicht
1527 733 1612 793 durch
1647 736 1698 796 den
1733 736 1964 796 unerwarteten
2000 733 2086 793 Titel
2111 739 2232 799 einiger
2258 739 2337 799 Auf¬

1348 781 1564 841 merksamkeit
1581 781 1640 841 auf
1656 782 1726 842 sich.
1775 784 1845 844 Sie
1867 784 1991 844 enthält
2008 784 2077 844 aber
2110 784 2191 844 nicht
2213 784 2331 844 sowohl

1347 830 1431 890 einen
1458 828 1584 888 Erweis
1610 829 1668 889 vom
1705 828 1863 888 Inhalte,
1885 831 1963 891 denn
1995 831 2042 891 der
2064 830 2147 890 Herr
2169 831 2326 891 Verfasser

1342 876 1445 936 beruft
1466 876 1512 936 sich
1538 876 1564 936 in
1596 876 1647 936 der
1663 876 1839 936 Erklärung
1865 876 1911 936 der
1927 879 2160 939 Schriftstellen
2192 879 2248 939 von
2274 879 2336 939 die¬

1346 924 1386 984 sem
1423 924 1718 984 Glaubensartikel
1739 923 1796 983 auf
1817 923 1863 983 die
1884 924 1962 984 schön
1994 926 2045 986 von
2077 927 2123 987 ihm
2165 927 2340 987 herausge¬

1345 972 1474 1032 gebenen
1503 969 1762 1029 Auslegungen;
1790 969 1914 1029 sondern
1942 970 1979 1030 sie
2001 972 2136 1032 begreift
2153 975 2337 1035 hauptsäch¬

1342 1014 1392 1074 lich
1427 1016 1488 1076 eine
1511 1016 1714 1076 gesammlete
1732 1013 1787 1073 und
1822 1013 1872 1073 zum
1918 1015 2013 1075 Theil
2037 1019 2205 1079 gemengte
2223 1022 2329 1082 Nach¬

1341 1061 1417 1121 richt
1442 1061 1494 1121 von
1523 1061 1594 1121 alten
1629 1061 1686 1121 und
1710 1058 1805 1118 neuen
1835 1058 2016 1118 Theologen
2046 1061 2102 1121 und
2132 1064 2246 1124 andern
2271 1065 2337 1125 Ge¬

1342 1106 1486 1166 lehrten,
1513 1106 1538 1166 ja
1565 1106 1616 1166 gar
1643 1103 1886 1163 Buchdrucker,
1912 1106 2052 1166 Setzer,
2073 1109 2244 1169 Corrector
2265 1112 2327 1172 und

1345 1154 1528 1214 Bürgern,
1556 1154 1604 1214 (§.
1631 1154 1706 1214 XI.)
1739 1154 1852 1214 welche
1879 1154 1933 1214 dem
1977 1154 2186 1214 Lutherischen
2219 1157 2332 1217 Glau¬

1342 1201 1619 1261 bensbekänntniß
1656 1201 1835 1261 zugethan,
1872 1203 1897 1263 in
1934 1201 1984 1261 der
2011 1204 2103 1264 Lehre
2134 1204 2190 1264 vom
2237 1204 2329 1264 Heil.

1347 1252 1553 1312 Abendmahl
1574 1252 1645 1312 aber
1667 1252 1718 1312 der
1739 1252 1914 1312 Meynung
1941 1252 1992 1312 der
2013 1252 2229 1312 Reformirten
2255 1251 2332 1311 Kir¬

1337 1301 1387 1361 che
1416 1302 1552 1362 gewesen
1581 1300 1666 1360 sind.
1718 1300 1819 1360 Viele
1849 1301 2041 1361 angeführte
2070 1303 2234 1363 Zeugnisse
2264 1303 2325 1363 sind

1342 1351 1547 1411 anecdotisch.
1595 1348 1674 1408 Wir
1696 1349 1865 1409 überlaßen
1897 1351 1944 1411 die
1965 1351 2139 1411 Materie,
2166 1351 2223 1411 wie
2250 1353 2318 1413 auch

1342 1399 1391 1459 die
1420 1399 1663 1459 Beurtheilung
1697 1399 1747 1459 der
1775 1399 1968 1459 Richtigkeit
2008 1399 2057 1459 der
2085 1399 2329 1459 Erzählungen,

1340 1446 1520 1506 Wahrheit
1552 1446 1608 1506 und
1645 1446 1779 1506 Frieden
1826 1446 1986 1506 liebenden
2022 1447 2327 1507 Gottesgelehrten.

1345 1494 1413 1554 Bey
1440 1494 1487 1554 der
1508 1494 1724 1554 Durchlesung
1751 1494 1846 1554 dieser
1868 1494 2004 1554 Schrift
2021 1494 2115 1554 haben
2147 1494 2204 1554 wir
2231 1494 2326 1554 ange¬

1340 1542 1484 1602 standen,
1506 1542 1539 1602 ob
1567 1542 1650 1602 Herr
1674 1539 1717 1599 D.
1735 1542 1972 1602 Heumann,
2001 1542 2084 1602 wenn
2112 1542 2139 1602 er
2162 1542 2212 1602 ihr
2234 1542 2328 1602 wirk¬

1337 1589 1424 1649 licher
1451 1588 1548 1648 Vater
1575 1587 1636 1647 ist,
1663 1587 1792 1647 dieselbe
1818 1589 1880 1649 mit
1906 1588 2082 1648 gänzlicher
2103 1590 2315 1650 Anwendung

1341 1634 1390 1694 der
1411 1634 1461 1694 ihm
1507 1631 1738 1691 gewöhnlichen
1768 1631 2005 1691 Meditationen
2041 1634 2206 1694 aufgesetzt
2227 1634 2322 1694 habe.

1339 1676 1414 1736 Wir
1447 1676 1544 1736 finden
1582 1673 1665 1733 darin
1699 1673 1726 1733 zu
1764 1674 1861 1734 wenig
1895 1675 2136 1735 Genauigkeit,
2160 1676 2318 1736 Ordnung

1341 1716 1400 1776 und
1427 1715 1696 1775 Gründlichkeit,
1719 1715 1764 1775 als
1792 1715 1860 1775 man
1887 1715 1941 1775 von
1978 1718 2060 1778 einer
2083 1717 2219 1777 Schrift
2247 1720 2324 1780 über

1340 1763 1424 1823 einen
1456 1760 1482 1820 so
1515 1761 1673 1821 wichtigen
1706 1763 1769 1823 und
1796 1763 1860 1823 mit
1887 1766 2077 1826 mancherley
2110 1766 2220 1826 Lehren
2253 1769 2326 1829 ver¬

1337 1814 1478 1874 bundnen
1519 1814 1666 1874 Inhalt,
1706 1814 1756 1874 die
1797 1814 1836 1874 ein
1876 1814 2040 1874 Verfasser
2069 1817 2142 1877 dazu
2188 1819 2233 1879 als
2268 1819 2307 1879 ein

1346 1864 1588 1924 Sterbgeschenk
1619 1864 1672 1924 der
1690 1864 1785 1924 Welt
1809 1867 2010 1927 hinterläßt,
2040 1867 2194 1927 erwarten
2230 1868 2324 1928 darf;

1337 1912 1419 1972 ohne
1440 1912 1470 1972 an
1507 1915 1610 1975 einige
1637 1915 1884 1975 vorkommende
1916 1915 2003 1975 harte
2030 1915 2215 1975 Ausdrücke
2242 1918 2313 1978 oder

1331 1960 1376 2020 die
1411 1960 1637 2020 ruhmräthige
1672 1961 1784 2021 Stelle
1819 1960 1870 2020 des
1904 1960 2000 2020 XIX.
2023 1961 2057 2021 §.
2080 1960 2108 2020 zu
2143 1963 2318 2023 gedenken.

1336 2005 1410 2065 Wir
1431 2008 1600 2068 zweifeln,
1622 2008 1658 2068 ob
1685 2008 1733 2068 der
1754 2008 1917 2068 Verfasser
1940 2008 1987 2068 der
2008 2008 2087 2068 Acta
2103 2008 2320 2068 Philosopho-

1337 2053 1386 2113 rum
1425 2055 1452 2115 so
1475 2055 1579 2115 richtig
1607 2057 1634 2117 zu
1663 2055 1800 2115 schließen
1834 2055 1983 2115 geglaubt
2000 2057 2104 2117 habe,
2127 2055 2181 2115 wie
2204 2055 2236 2115 es
2259 2055 2319 2115 un¬

1331 2101 1378 2161 ter
1400 2100 1515 2160 andern
1542 2103 1562 2163 im
1606 2100 1700 2160 letzten
1727 2102 1853 2162 XCIII.
1870 2100 1901 2160 §.
1917 2103 2107 2163 geschiehet:
2144 2103 2218 2163 "In
2245 2105 2291 2165 dem

1337 2146 1508 2206 "Collegio
1543 2145 1781 2205 Theologico,
1804 2145 1931 2205 welches
1965 2150 2042 2210 mein
2076 2154 2187 2214 seliger
2216 2154 2332 2214 Vater,

1334 2190 1442 2250 "1656
1489 2193 1541 2253 bey
1576 2190 1708 2250 Musaeo

1878 2194 2116 2254 mitgehalten,
2156 2201 2216 2261 und
2251 2202 2310 2262 aus

1337 2240 1449 2300 "dessen
1472 2240 1602 2300 Munde
1626 2237 1682 2297 mit
1700 2237 1818 2297 größtem
1853 2240 1954 2300 Fleiße
1978 2243 2261 2303 nachgeschrieben,
2279 2246 2312 2306 ist

1329 2282 1406 2342 "der
1432 2288 1515 2348 letzte
1541 2285 1644 2345 Locus
1676 2285 1711 2345 de
1738 2288 1935 2348 Baptismo;
1966 2288 2017 2348 der
2044 2290 2147 2350 Locus
2179 2291 2246 2351 aber
2272 2289 2308 2349 de

1330 2336 1442 2396 »Sacra
1470 2333 1577 2393 Coena
1601 2330 1712 2390 fehlet.
1765 2337 1837 2397 (Jch
1866 2335 1990 2395 schließe
2013 2336 2154 2396 daraus,
2188 2337 2244 2397 daß
2278 2338 2306 2398 er

1330 2381 1432 2441 "seine
1454 2385 1610 2445 Lectiones
1638 2379 1692 2439 mit
1709 2384 1789 2444 Fleiß
1817 2384 1984 2444 extendiret
2007 2384 2114 2444 habe,)
2131 2385 2179 2445 bis
2201 2387 2227 2447 zu
2255 2386 2303 2446 der

1328 2430 1448 2490 "letzten
1477 2430 1603 2490 Lection
1626 2426 1659 2486 de
1682 2432 1842 2492 Baptismo
1870 2433 1924 2493 und
1953 2432 2058 2492 zuletzt
2075 2435 2179 2495 gesagt
2208 2435 2312 2495 habe:

1333 2473 1401 2533 „die
1424 2479 1492 2539 Zeit
1509 2478 1543 2538 ist
1566 2476 1747 2536 verflossen,
1776 2479 1827 2539 daß
1856 2479 1889 2539 ich
1918 2477 1952 2537 de
1981 2479 2065 2539 Sacra
2089 2482 2196 2542 Coena
2231 2485 2309 2545 nicht

1328 2528 1486 2588 ”handeln
1515 2524 1616 2584 kann,
1639 2524 1678 2584 u.
1696 2525 1718 2585 s.
1735 2528 1797 2588 w."
1826 2521 1831 2581 |
1837 2521 1842 2581 |

1877 2528 1929 2588 Ist
1954 2527 1982 2587 es
2018 2529 2100 2589 nicht
2124 2534 2229 2594 ferner
2260 2533 2300 2593 ein

1325 2578 1584 2638 Widerspruch,
1621 2570 1708 2630 wenn
1745 2574 1773 2634 im
1821 2575 2021 2635 Beschluß
2058 2581 2163 2641 gesagt
2193 2581 2305 2641 wird:

1359 2620 1410 2680 Jch
1434 2623 1508 2683 weis
1532 2617 1647 2677 wohl,
1672 2620 1717 2680 daß
1747 2622 1780 2682 ich
1810 2626 1867 2686 mir
1891 2626 1977 2686 durch
2001 2625 2064 2685 dies
2088 2629 2295 2689 Bekanntniß

1323 2665 1465 2725 „Feinde
1498 2666 1618 2726 mache.
1667 2668 1750 2728 Aber
1783 2673 1909 2733 welcher
1936 2670 2062 2730 wahrer
2089 2673 2194 2733 Christ
2221 2676 2294 2736 wird

1344 2717 1430 2777 nicht
1446 2715 1511 2775 gern
1544 2714 1602 2774 und
1625 2713 1716 2773 willig
1744 2718 1819 2778 alles
1841 2721 1965 2781 leiden,
1987 2721 2073 2781 wenn
2100 2724 2229 2784 dadurch
2257 2718 2300 2778 die

1327 2760 1435 2820 "Ehre
1457 2757 1586 2817 GOttes
1619 2763 1678 2823 und
1711 2766 1808 2826 seines
1831 2766 1943 2826 Worts
1976 2769 2138 2829 befördert
2160 2762 2289 2822 wird?”

1321 2814 1384 2874 Und
1416 2808 1500 2868 wenn
1527 2807 1659 2867 dennoch
1686 2812 1738 2872 der
1755 2814 1839 2874 Herr
1861 2814 2024 2874 Verfasser
2056 2814 2109 2874 von
2147 2814 2194 2874 den
2231 2810 2305 2870 vor¬

1318 2861 1493 2921 treflichsten
1522 2858 1685 2918 Maͤnnern
1714 2862 1883 2922 berichtet,
1906 2864 1939 2924 sie
1963 2864 2064 2924 hatten
2093 2859 2143 2919 des
2166 2858 2290 2918 Brodts

2177 2909 2290 2969 wegen
