2479 3508
210 333 249 393 du
283 333 369 393 eines
403 331 508 391 Tages
536 324 581 384 dir
602 321 694 381 selbst
715 318 754 378 ein
781 315 1046 375 unbegreiflicher
1074 314 1132 374 und
1160 311 1225 371 ver¬

202 385 318 445 haßter
360 382 494 442 Aublick
530 372 594 432 seyn
635 368 787 428 werdest.
847 368 904 428 Du
946 366 1010 426 bist
1040 366 1104 426 mit
1140 363 1226 423 einer

208 433 383 493 Vernunft
407 423 583 483 geboren,
619 419 664 479 die
693 416 909 476 tugendhafte
932 414 1046 474 Sitten
1087 413 1228 473 fordert.

215 482 283 542 Sie
306 479 345 539 ist
368 478 407 538 ein
436 470 583 530 Richter,
612 464 662 524 vor
691 467 781 527 dessen
816 467 1036 527 Richterstuhl
1054 464 1087 524 du
1116 462 1217 522 gewiß

202 531 324 591 gestellt
343 522 465 582 werden
495 518 605 578 wirst.
653 515 711 575 Du
741 515 828 575 wirst
852 516 933 576 nicht
958 515 1016 575 erst
1034 515 1080 575 ihr
1099 512 1226 572 Urtheil

207 577 389 637 erwarten,
423 570 462 630 um
512 567 539 627 in
573 566 822 626 Verzweiflung
856 566 883 626 zu
917 566 1088 626 gerathen.
1139 560 1216 620 Sie

208 624 285 684 wird
317 619 399 679 schon
452 615 477 675 in
519 616 633 676 deinem
680 616 809 676 Herzen
846 613 1085 673 ausgebrochen
1132 610 1219 670 seyn.

209 670 284 730 Wie
311 669 452 729 könntest
474 664 506 724 du
533 664 582 724 dir
604 664 652 724 die
674 664 831 724 geringste
858 664 1064 724 Verzeihung
1092 661 1221 721 wieder¬

203 719 316 779 fahren
344 718 463 778 laßen?
507 714 587 774 Das
615 713 723 773 Licht,
762 715 815 775 das
843 715 907 775 uns
935 712 1065 772 alsdenn
1098 712 1221 772 erhellt,

197 767 415 827 durchdringt
442 763 505 823 mit
527 763 627 823 seinem
676 763 804 823 Strale
831 765 883 825 den
926 763 1043 823 ganzen
1076 760 1214 820 Umfang

208 818 298 878 einer
320 812 617 872 Ausschweifung,
644 811 691 871 die
718 813 776 873 uns
803 813 951 873 entehrt,
989 810 1047 870 und
1074 810 1147 870 über
1175 807 1222 867 die

199 867 262 927 wir
284 866 310 926 zu
343 861 486 921 erröthen
513 861 699 921 anfangen.
764 859 843 919 Ja,
871 861 950 921 mein
988 860 1121 920 Sohn,
1148 857 1217 917 der¬

206 917 285 977 einst
312 912 401 972 wirst
428 912 459 972 du
496 912 559 972 mit
586 910 749 970 geheimer
776 909 982 969 Verachtung
1014 909 1108 969 gegen
1146 909 1203 969 dich

207 967 297 1027 selbst
321 963 399 1023 inne
423 963 575 1023 werden,
598 960 659 1020 wie
683 960 926 1020 geringschätzig
961 960 1000 1020 ein
1034 957 1124 1017 Thor
1153 957 1215 1017 ist;

193 1016 229 1076 du
266 1014 354 1074 wirst
380 1013 484 1073 weder
516 1013 562 1073 dir
589 1013 755 1073 verzeihen
792 1010 937 1070 können,
970 1009 1006 1069 es
1038 1007 1203 1067 geworden

201 1070 233 1130 zu
261 1068 358 1128 seyn,
386 1067 456 1127 noch
489 1064 678 1124 begreifen,
711 1061 776 1121 wie
804 1061 835 1121 es
863 1061 971 1121 damit
999 1058 1204 1118 zugegangen

193 1118 253 1178 ist.
297 1118 357 1178 Du
390 1118 476 1178 wirst
499 1117 520 1177 in
548 1113 678 1173 denen,
701 1112 750 1172 die
777 1110 815 1170 am
859 1112 1033 1172 wenigsten
1067 1106 1208 1166 strafbar

195 1171 290 1231 sind,
317 1169 550 1229 gedankenlose
582 1160 789 1220 Maschienen
827 1160 1006 1220 erblicken,
1039 1158 1064 1218 in
1102 1158 1197 1218 denen

193 1218 291 1278 aber,
312 1213 421 1273 welche
448 1213 583 1273 denken,
599 1207 760 1267 handeln,
781 1207 848 1267 eine
876 1207 984 1267 Seele
1005 1207 1125 1267 haben,
1146 1206 1203 1266 und

195 1264 245 1324 die
279 1264 345 1324 man
374 1258 708 1318 unglücklicherweise
736 1255 786 1315 als
809 1258 987 1318 Menschen
1021 1255 1198 1315 betrachten

468 1410 663 1470 Berlin,
699 1411 751 1471 den
787 1413 828 1473 9.
852 1410 934 1470 Oct.

244 1461 319 1521 Von
352 1459 427 1519 Sr.
455 1460 557 1520 Maj.
579 1461 633 1521 dem
682 1458 811 1518 Könige
834 1458 871 1518 ist
893 1460 941 1520 der
963 1455 1206 1515 Oberconsisto=
1239 1455 1320 1515 denz
1342 1458 1369 1518 zu
1402 1455 1601 1515 Hildesheim
1640 1455 1823 1515 eintreffen.

201 1514 399 1574 rial=Fiscal,
411 1509 499 1569 Herr
521 1509 687 1569 Troschel,
710 1508 737 1568 zu
771 1506 864 1566 Dero
882 1506 1019 1566 Hofrath
1048 1503 1207 1563 allergnä¬

198 1565 280 1625 digst
301 1560 462 1620 ernannt,
483 1560 555 1620 auch
581 1557 716 1617 derselbe
748 1557 881 1617 zugleich
918 1557 970 1617 zum
1022 1554 1203 1614 Defensore

196 1610 281 1670 derer
308 1610 441 1670 Piorum
484 1608 659 1668 Corporum
708 1608 734 1668 in
766 1608 856 1668 ihren
894 1608 941 1668 bey
974 1605 1026 1665 den
1064 1604 1197 1664 hiesigen

204 1663 365 1723 Collegiis
394 1662 555 1722 habenden
596 1661 764 1721 Processen
799 1658 1076 1718 allerhuldreichst
1105 1655 1214 1715 bestel=

194 1715 239 1775 let
260 1715 413 1775 worden.

432 1778 633 1838 Leipzig,
673 1778 731 1838 vom
778 1778 842 1838 26.
869 1772 986 1832 Sept.

246 1831 322 1891 Den
356 1833 446 1893 14ten
485 1831 581 1891 dieses
615 1831 643 1891 in
687 1831 739 1891 der
768 1830 877 1890 Nacht
907 1833 921 1893 3
950 1831 1103 1891 Minuten
1137 1831 1203 1891 nach

191 1876 205 1936 8
236 1879 304 1939 Uhr
329 1876 438 1936 wurde
463 1876 492 1936 zu
522 1873 744 1933 Voigtsberg,
769 1871 907 1931 nachdem
947 1871 991 1931 die
1016 1870 1144 1930 Sonne
1160 1868 1213 1928 sie¬

191 1927 241 1987 ben
275 1921 532 1981 Viertelstunden
575 1918 865 1978 untergegangen,
890 1916 950 1976 und
983 1917 1053 1977 kurz
1087 1915 1203 1975 vorher

192 1978 238 2038 ein
265 1974 379 2034 starkes
406 1972 467 2032 mit
489 1969 603 2029 Regen
635 1969 691 2029 und
718 1963 816 2023 Wind
853 1965 1041 2025 begleitetes
1073 1960 1207 2020 Gewit¬

188 2028 236 2088 ter
257 2023 390 2083 gewesen
423 2020 508 2080 war,
530 2017 721 2077 dergleichen
753 2017 822 2077 man
839 2014 924 2074 schon
951 2014 1004 2074 den
1031 2011 1196 2071 Nachmit

188 2078 243 2138 tag
271 2074 387 2134 vorher
421 2067 544 2127 gehabt
572 2067 677 2127 hatte,
706 2067 750 2127 ein
789 2064 1012 2124 Regenbogen
1051 2063 1207 2123 gesehen,

193 2125 387 2185 dergleichen
426 2118 480 2178 sich
513 2118 545 2178 am
595 2116 692 2176 hellen
731 2116 822 2176 Tage
855 2115 915 2175 nur
948 2115 1062 2175 immer
1095 2112 1192 2172 zeigen

193 2175 300 2235 kann.
349 2170 397 2230 Er
419 2169 505 2229 hatte
538 2168 607 2228 auch
640 2168 710 2228 eben
748 2166 796 2226 die
829 2166 1023 2226 mancherley
1056 2164 1201 2224 Farben,

189 2223 302 2283 welche
330 2220 368 2280 ein
396 2218 614 2278 Regenbogen
647 2217 673 2277 zu
702 2217 799 2277 haben
827 2217 947 2277 pflegt.
996 2217 1116 2277 Hinter
1133 2214 1181 2274 ihm

196 2276 306 2336 stiegen
335 2270 451 2330 wieder
474 2268 629 2328 schwarze
646 2264 773 2324 Wolken
801 2267 873 2327 auf,
891 2267 940 2327 die
963 2267 1118 2327 ungefehr
1135 2263 1201 2323 eine

190 2325 291 2385 halbe
312 2322 360 2382 bis
387 2319 456 2379 drey
489 2315 754 2375 Viertelstunden
787 2318 920 2378 hernach
958 2318 999 2378 ein
1032 2315 1207 2375 abermali¬

194 2378 248 2438 ges
277 2372 443 2432 Gewitter
465 2366 526 2426 mit
543 2366 592 2426 sich
621 2363 787 2423 brachten.
838 2367 915 2427 Der
943 2366 1003 2426 vom
1049 2365 1192 2425 Morgen

195 2423 248 2483 her
271 2420 498 2480 aufgegangne
526 2414 634 2474 Mond
661 2412 726 2472 war
754 2417 927 2477 ungemein
960 2414 1057 2474 helle,
1079 2414 1106 2474 in
1134 2411 1203 2471 etli¬

186 2473 253 2533 chen
284 2469 439 2529 Minuten
476 2465 554 2525 aber
585 2461 694 2521 wurde
725 2464 818 2524 dieser
850 2467 907 2527 von
944 2464 1072 2524 Wolken
1109 2461 1202 2521 eben¬

191 2520 255 2580 fals
283 2518 482 2578 verdunkelt,
510 2514 569 2574 und
596 2512 720 2572 sogleich
748 2515 855 2575 verlor
883 2515 931 2575 sich
964 2515 1034 2575 auch
1067 2512 1196 2572 gedach¬

192 2571 239 2631 ter
261 2566 504 2626 Regenbogen.
541 2563 625 2623 Man
658 2561 710 2621 hat
732 2563 827 2623 dieses
859 2562 1096 2622 Phönomenon
1124 2560 1186 2620 auch

189 2621 293 2681 alhier
319 2618 343 2678 zu
374 2614 516 2674 Leipzig,
542 2614 572 2674 ob
597 2614 689 2674 gleich
714 2614 794 2674 nicht
807 2617 831 2677 so
850 2617 924 2677 stark
950 2614 992 2674 als
1011 2613 1035 2673 zu
1061 2610 1177 2670 Voigts

189 2673 263 2733 berg
285 2664 488 2724 observiret.

412 2721 682 2781 Hannover,
713 2718 771 2778 den
807 2724 871 2784 28.
890 2724 1000 2784 Sept.

238 2793 322 2853 Wie
342 2789 413 2849 man
446 2781 647 2841 vernimmt,
674 2778 699 2838 so
720 2778 758 2838 ist
778 2781 829 2841 der
850 2784 946 2844 Fürst
980 2784 1116 2844 Bischof
1136 2781 1187 2841 von

184 2848 384 2908 Hildesheim
423 2837 474 2897 zum
520 2833 701 2893 Coadjutor
727 2829 778 2889 des
799 2834 1051 2894 Bischofthums
1077 2833 1205 2893 Pader¬

193 2900 266 2960 horn
294 2896 435 2956 erwählt
450 2888 598 2948 worden.
646 2887 726 2947 Se.
747 2885 875 2945 Fürstl.
896 2888 1037 2948 Gnaden
1065 2887 1179 2947 werden

1413 312 1497 372 einen
1536 312 1699 372 geheimen
1732 315 1869 375 Abscheu
1902 315 1999 375 gegen
2033 315 2104 375 ihre
2131 315 2273 375 Pflicht,

1264 312 1341 372 muß

1259 363 1328 423 eine
1350 363 1455 423 Härte
1477 360 1572 420 gegen
1600 363 1849 423 Unglückliche,
1871 366 1939 426 eine
1961 363 2200 423 Unredlichkeit
2222 364 2248 424 im

1260 410 1464 470 Umgange,
1498 410 1565 470 eine
1594 412 1911 472 Unbesonnenheit,
1945 413 2267 473 Unverschämtheit,

1257 461 1416 521 Hoffart,
1456 457 1721 517 Freygeisterey,
1760 461 1904 521 darüber
1938 459 1976 519 du
2015 461 2125 521 zittern
2165 461 2269 521 wirst.

1254 512 1410 572 Dennoch
1438 509 1524 569 wirst
1547 509 1579 569 du
1606 509 1796 569 genöthiget
1823 509 1920 569 seyn,
1943 507 1969 567 in
2008 509 2099 569 diesem
2143 509 2262 569 unleid=

1260 560 1353 620 lichen
1387 559 1509 619 Abrisse
1537 559 1597 619 dich
1631 557 1725 617 selbst
1748 557 1775 617 zu
1814 557 1997 617 erkennen;
2025 557 2052 617 es
2087 560 2164 620 wird
2197 561 2258 621 dich

1253 610 1338 670 nicht
1359 607 1449 667 mehr
1470 607 1681 667 befremden,
1707 606 1762 666 daß
1788 605 1823 665 du
1849 604 2060 664 unvermerkt
2086 607 2171 667 durch
2207 609 2267 669 an¬

1254 659 1306 719 dre
1339 655 1650 715 Ausschweifungen
1693 655 1783 715 deine
1815 655 2063 715 Erniedrigung
2100 658 2264 718 vollendet

1257 709 1344 769 hast.
1389 706 1450 766 Du
1489 706 1578 766 wirst
1600 706 1683 766 ganz
1711 703 1855 763 offenbar
1883 703 2004 763 sehen,
2039 703 2099 763 daß
2133 706 2165 766 du
2205 708 2260 768 alle

1261 754 1391 814 Schaam
1433 754 1574 814 verloren
1604 754 1684 814 hast,
1711 754 1847 814 nachdem
1883 751 1917 811 du
1948 751 2064 811 vorher
2090 754 2165 814 allen
2191 754 2271 814 Ver¬

1255 805 1342 865 stand
1365 801 1542 861 eingebüßt
1565 803 1698 863 hattest,
1737 798 1842 858 Wird
1865 798 1897 858 es
1920 800 1992 860 aber
2015 798 2086 858 eben
2125 801 2147 861 so
2175 804 2263 864 leicht

1256 856 1340 916 seyn,
1368 852 1415 912 dir
1437 852 1527 912 deine
1549 852 1787 912 Vergehungen
1820 851 1851 911 zu
1878 849 2069 909 verzeihen,
2086 849 2133 909 als
2160 851 2197 911 sie
2218 850 2266 910 ge¬

1248 905 1340 965 wahr
1373 900 1405 960 zu
1443 900 1601 960 werden?
1645 900 1660 960 O
1710 903 1791 963 mein
1830 897 1975 957 Sohn,
2014 897 2095 957 mein
2134 900 2258 960 liebster

1256 954 1386 1014 Sohn!
1409 951 1482 1011 Aus
1511 951 1679 1011 Mitleiden
1719 951 1770 1011 für
1798 950 1860 1010 dich
1894 948 1984 1008 selbst
2013 948 2091 1008 öffne
2120 948 2170 1008 die
2194 948 2255 1008 Au¬

1251 1006 1333 1066 gen,
1361 1004 1421 1064 und
1450 1004 1543 1064 richte
1566 1004 1598 1064 sie
1621 1001 1676 1061 auf
1699 1003 1748 1063 die
1765 1001 1931 1061 Zukunft;
1965 999 2003 1059 sie
2026 998 2058 1058 ist
2082 998 2164 1058 nicht
2181 998 2258 1058 weit

1248 1055 1334 1115 mehr
1362 1055 1531 1115 entfernt;
1564 1055 1634 1115 dein
1667 1055 1902 1115 unglücklicher
1929 1051 2038 1111 Vater
2071 1049 2153 1109 wird
2186 1046 2256 1106 ihre

1248 1106 1399 1166 Ankunft
1421 1106 1507 1166 durch
1535 1105 1632 1165 seinen
1660 1106 1757 1166 Gram
1796 1103 2050 1163 beschleunigen.
2116 1100 2250 1160 Glaube

1242 1157 1352 1217 nicht,
1378 1157 1443 1217 daß
1478 1155 1579 1215 außer
1604 1155 1725 1215 meinem
1771 1154 1861 1214 Tode
1892 1151 1952 1211 und
1983 1151 2037 1211 der
2063 1151 2244 1211 Bereuung

1250 1207 1357 1267 deines
1382 1204 1502 1264 Lebens
1527 1204 1593 1264 eine
1611 1204 1719 1264 Wahl
1738 1203 1828 1263 übrig
1853 1201 1979 1261 gelaßen
2003 1200 2069 1260 sey.

1237 1405 1289 1465 den
1318 1407 1387 1467 4ten
1417 1407 1492 1467 Oct.
1510 1407 1573 1467 aus
1597 1404 1807 1464 Westphalen
1837 1407 1952 1467 wieder
1976 1405 1999 1465 in
2028 1404 2121 1464 Dero
2156 1404 2254 1464 Resi=

1509 1500 1668 1560 Paris,
1691 1503 1745 1563 den
1785 1505 1845 1565 24.
1874 1500 1983 1560 Sept.

1282 1548 1361 1608 Von
1396 1551 1537 1611 Lissabon
1572 1551 1708 1611 schreibt
1726 1551 1821 1611 man,
1845 1553 1895 1613 daß
1930 1551 1981 1611 der
2004 1551 2151 1611 Capitain
2174 1548 2253 1608 For¬

1238 1601 1313 1661 bes,
1341 1602 1389 1662 der
1411 1604 1497 1664 durch
1525 1602 1622 1662 seinen
1655 1603 1866 1663 Zweykampf
1889 1602 1948 1662 mit
1965 1602 2018 1662 dem
2051 1602 2235 1662 berühmten

1232 1652 1341 1712 Herrn
1374 1650 1516 1710 Wilckes
1549 1650 1598 1710 sich
1637 1652 1773 1712 bekandt
1801 1651 1964 1711 gemacht,
1992 1649 2046 1709 zum
2090 1650 2237 1710 Obersten

1240 1706 1295 1766 bey
1339 1705 1424 1765 einem
1480 1703 1844 1763 Infanterieregiment
1882 1703 1912 1763 in
1956 1700 2233 1760 Portugiesischen

1241 1758 1400 1818 Diensten
1432 1760 1575 1820 ernannt
1591 1757 1745 1817 worden.

1474 1808 1673 1868 London,
1702 1811 1759 1871 vom
1805 1811 1868 1871 27.
1903 1809 2016 1869 Sept.

1295 1848 1369 1908 Die
1387 1854 1566 1914 Landtaxe,
1590 1857 1699 1917 welche
1723 1858 1751 1918 zu
1787 1858 1798 1918 4
1839 1857 2000 1917 Schilling
2036 1858 2064 1918 im
2111 1858 2249 1918 Pfunde

1239 1893 1426 1953 fortdauren
1455 1897 1524 1957 soll,
1557 1897 1636 1957 wird
1670 1899 1716 1959 sich
1745 1900 1800 1960 auf
1824 1900 1838 1960 2
1866 1897 2043 1957 Millionen
2072 1903 2254 1963 belauffen.

1243 1934 1312 1994 Die
1343 1941 1514 2001 Malztaxe
1540 1940 1620 2000 wird
1656 1942 1792 2002 750000
1832 1942 1897 2002 Pf.
1924 1948 2145 2008 ausmachen,
2180 1951 2240 2011 und

1241 1987 1292 2047 der
1319 1987 1457 2047 sinkende
1484 1990 1566 2050 Fond
1598 1990 1674 2050 wird
1701 1992 1767 2052 sich,
1794 1992 1943 2052 vermöge
1970 1993 2021 2053 des
2042 1996 2160 2056 starken
2181 1999 2248 2059 An¬

1238 2035 1373 2095 wachses
1395 2037 1444 2097 der
1467 2039 1646 2099 Handlung
1679 2040 1738 2100 auf
1760 2040 1918 2100 ungefehr
1940 2037 1956 2097 3
1989 2041 2168 2101 Millionen
2202 2046 2250 2106 er¬

1243 2087 1392 2147 strecken.
1445 2085 1496 2145 Es
1517 2088 1553 2148 ist
1575 2088 1636 2148 also
1662 2088 1709 2148 die
1730 2091 1880 2151 Summe
1906 2088 1957 2148 von
1990 2090 2077 2150 einer
2103 2092 2238 2152 Million

1236 2136 1295 2196 und
1323 2136 1458 2196 250000
1491 2133 1556 2193 Pf.
1573 2138 1692 2198 Sterl.
1709 2142 1796 2202 durch
1823 2142 1964 2202 Anleihe
1987 2143 2241 2203 aufzubringen,

1236 2187 1365 2247 welches
1393 2187 1480 2247 durch
1507 2190 1550 2250 die
1578 2193 1719 2253 Lotterey
1753 2193 1915 2253 geschehen
1953 2192 2051 2252 wird,
2084 2190 2116 2250 es
2149 2193 2235 2253 wäre

1238 2236 1335 2296 denn,
1363 2234 1416 2294 daß
1450 2234 1498 2294 die
1531 2240 1628 2300 ganze
1662 2243 1819 2303 Summe
1847 2243 1933 2303 durch
1972 2240 2020 2300 die
2049 2245 2238 2305 Einnahme

1235 2288 1286 2348 der
1313 2285 1441 2345 Gelder
1473 2287 1524 2347 von
1556 2291 1607 2351 dem
1649 2294 1799 2354 Verkauf
1820 2294 1871 2354 der
1887 2294 2084 2354 Ländereyen
2105 2295 2125 2355 in
2151 2297 2244 2357 Ame¬

1237 2337 1298 2397 rika
1327 2336 1383 2396 und
1407 2338 1497 2398 durch
1520 2341 1577 2401 das
1611 2345 1752 2405 Lösegeld
1782 2347 1837 2407 für
1872 2346 1918 2406 die
1947 2345 2229 2405 Philippinischen

1238 2389 1351 2449 Inseln
1389 2384 1487 2444 könne
1520 2393 1715 2453 abgetragen
1754 2396 1899 2456 werden.
1960 2393 2035 2453 Aus
2074 2396 2236 2456 Granada

1231 2437 1361 2497 schreibt
1386 2437 1474 2497 man,
1504 2440 1557 2500 daß
1588 2444 1682 2504 dieser
1706 2446 1801 2506 Platz
1819 2448 1866 2508 sich
1890 2444 2003 2504 täglich
2039 2443 2151 2503 bessere
2170 2443 2228 2503 und

1233 2487 1349 2547 bereits
1389 2485 1474 2545 einen
1514 2491 1624 2551 Hafen
1664 2494 1722 2554 vor
1756 2497 1873 2557 grosser
1914 2491 2096 2551 Handlung
2136 2494 2239 2554 habe.

1238 2535 1344 2595 Sechs
1376 2536 1439 2596 und
1471 2542 1602 2602 dreyßig
1634 2545 1779 2605 vormals
1811 2542 1866 2602 von
1905 2542 1955 2602 den
1987 2542 2156 2602 Franzosen
2188 2542 2237 2602 be¬

1237 2587 1344 2647 sessene
1367 2587 1491 2647 dortige
1509 2599 1718 2659 Plantagen,
1736 2593 1798 2653 sind
1821 2590 1878 2650 von
1907 2590 2122 2650 verschiednen
2151 2590 2235 2650 Per¬

1232 2635 1323 2695 sonen
1351 2638 1410 2698 aus
1438 2643 1594 2703 Jamaica
1616 2646 1789 2706 angekauft
1811 2638 1956 2698 worden,
1984 2641 2043 2701 und
2071 2642 2102 2702 es
2125 2643 2162 2703 ist
2189 2643 2237 2703 er¬

1233 2685 1404 2745 staunend,
1433 2688 1499 2748 was
1527 2693 1576 2753 für
1610 2694 1654 2754 ein
1688 2691 1787 2751 hoher
1816 2686 1915 2746 Preis
1949 2688 2004 2748 für
2032 2694 2226 2754 dergleichen

1230 2736 1434 2796 Ländereyen
1462 2743 1597 2803 gegeben
1630 2742 1726 2802 wird.
1776 2736 1965 2796 Gleichwol
1993 2740 2052 2800 sind
2085 2742 2154 2802 alda
2182 2745 2230 2805 die

1233 2787 1464 2847 Lebensmittel
1488 2796 1627 2856 ziemlich
1651 2789 1813 2849 wohlfeil.
1842 2787 1911 2847 Die
1935 2790 2016 2850 Zahl
2028 2790 2080 2850 der
2098 2793 2236 2853 Kriegs¬

1231 2838 1349 2898 schiffe,
1372 2841 1485 2901 welche
1513 2844 1733 2904 gegenwärtig
1757 2838 1965 2898 ausgerüstet
1988 2838 2135 2898 werden,
2164 2842 2231 2902 ma¬

1232 2889 1299 2949 chen
1330 2891 1354 2951 in
1385 2894 1458 2954 allem
1502 2899 1538 2959 20
1570 2899 1649 2959 aus.
1693 2894 1767 2954 Die
1792 2891 1816 2951 zu
1847 2891 1969 2951 Chatam
2013 2891 2074 2951 und
2105 2891 2234 2951 Scher=

2159 2943 2219 3003 nes
