2034 2755
294 164 716 239 Berlin, den 14. Febr.
121 194 938 275 Von Ihro Königl. Majest. ist Herr Doctor Wal¬
83 260 931 324 ther zum Prof. Anatomiae secundario und Physiologiä,
83 313 923 362 und der bisherige Feld=Stabsmedicus Herr D. Fritze
90 343 929 403 zum Prof. Therapia beym hiesigen Collegio Medico¬
85 392 929 441 Chirurgico ernannt worden. Verwichenen Don¬
90 424 925 488 nerstag laß Herr Euler, der Vater, bey der gewöhn¬
83 469 925 531 lichen Zusammenkunft der Königlichen Akademie der
85 509 925 573 Wissenschaften einen Brief des Herrn Marquis von
81 546 923 612 Argens vor, worinnen dieser der Gesellschaft meldete,
77 588 919 652 daß Ihro Majestät der König vermittelst eines beylie.
79 633 923 695 genden höchsteigenhändig unterschriebenen Memoire,
81 673 923 729 einen Theil von dem müßigen Capital der Akademie
77 708 927 767 zu Pensionen für die Herren Professores Meckel und
81 761 923 814 Sulzer, und für die Herren Bernoulli und Euler,
75 801 916 863 den Sohn, ausgesetzt hätten, mit dem übrigen Thei
75 831 916 908 des gedachten Capitals aber die Pensionen einiger
75 884 925 940 andern Mitglieder erhöhet werden sollten, und daß
81 914 923 987 Seine Königl. Majest. den Akademisten die gnädige
75 946 921 1038 Erlaubniß ertheilten, sich gerade an Dero Höchste
70 1085 916 1149 über eine Art von Wurm vor, den man in der Isa¬
70 1121 914 1196 tis oder Wayd findt, wenn diese zur blauen Farbe
68 1157 914 1234 gebräuchliche Pflanze zerstampt wird und in die Fäul
75 1208 919 1268 nis kommt. Der gelehrte Beobachter erwieß, daß
75 1236 916 1311 dieser Wurm in seinem ersten Zustande ungefehr 2
77 1283 916 1349 Linien lang wäre, sich von der Materie der Pflanze
70 1334 910 1385 ernährte und seine blaue Farbe erhielt, nachgehends
75 1373 921 1432 eine braune Puppe, und endlich in eine gewöhnliche
72 1402 910 1477 Fliege mit einem etwas länglichern Leibe verwandelt
66 1447 912 1515 würde. Sonnabend begab sich des Prinzen Heinrich
68 1494 910 1558 Königl. Hoheit nach Reinsberg. Des Herrn Reichs=
75 1530 912 1598 grafen von Finckenstein und Herrn von Hertzberg
70 1575 916 1633 Exc. kamen an eben dem Tage, und Sonntags der
66 1605 916 1679 Fürst von Schönaich zu Carolat von Potsdam zurück.
211 1669 774 1718 Braunschweig, den 10. Febr.
111 1662 916 1773 Gestern langte des Herzogs Ferdinand Durchl. von
66 1733 793 1814 Berlin in vollkommener Gesundheit hier an.
151 1782 835 1841 Frankfurt am Mayn, den 9. Febr.
109 1812 902 1884 Vorgestern wurden bey des Königl. Preußischer
66 1835 908 1933 Hofmarschalls und zweyten Wahlbothschafters, Herrn
68 1897 914 1965 Grafen von Schulenburg Excell. im Namen des hie=
75 1935 910 2010 sigen Raths die Aufwart= und Beglückwünschungs=
66 1986 914 2055 Complimente mit der gewöhnlichen Feyerlichkeit ab¬
66 2027 897 2112 gelegt, und gestern geschah ein gleiches bey der hohen
68 2067 590 2138 Churpfälzischen Wahlbothschaft.
305 2104 688 2178 Haag, den 9. Febr.
128 2131 902 2219 Die Prinzeßin von Nassau=Weilburg wurde den
60 2174 912 2261 bten dieses Nachmittags um 4 Uhr von einer jungen
62 2221 908 2297 Prinzeßin entbunden, welche gestern in der großen
62 2268 904 2342 Kirche von der Gemalin des Erbprinzen von Braun=
62 2310 899 2413 schweig über die Taufe gehalten worden, und den
948 160 1784 243 Namen Augusta Maria Carolina erhielt. Heut=
953 228 1784 288 morgens sind der Erbprinz von Braunschweig und
955 277 1790 326 seine Gemalin nach Leyden abgereiset, wohin der
948 315 1790 384 Feld=Marschall Herzog Ludwig von Braunschweig
944 364 1795 409 dies hohe Paar begleitet hat. Letztere sind nach
948 401 1784 465 Utrecht zu Wasser gegangen und werden ihr erstes
944 437 1788 484 Nachtlager bey dem Baron von Ablaing, Erbherrn
948 484 1784 531 von Giessenburg, das 2te auf dem Schlosse Loo, und
946 522 1788 575 das 3te zu Twickelo halten, wohin die Grafen von
946 558 1788 607 Wassenger=Obdam und Wassenaer=Twickel schon abge=
944 607 1788 669 gangen, daselbst die Veranstaltungen zu ihrer Auf¬
940 646 1236 710 nahme zu treffen.
1174 661 1566 742 Paris, den 3. Febr.
978 705 1780 793 Seit den 30ten Jan. hält sich der König zu Choisiy
940 772 1790 816 auf, und belustigt sich mit der Jagd. Se. Majestät
948 808 1788 861 haben den Grafen von Drouville zu ihren bevoll¬
944 844 1788 899 mächtigten Minister am Cöllnischen Hofe, zum Con¬
946 889 1790 944 sul nach Ragusa den Herrn Prevot, an dessen Stelle
938 938 1782 987 aber zum Consul in Morea den Herrn le Maire, und
946 978 1788 1025 zum Vice=Consul zu Rosette in Niederägypten den
81 995 1788 1066 Person mit ihrem Gesuch zu wenden. Der Herr Herrn Cousineri ernannt. Bey der Commißion, wel¬
77 1042 1790 1102 Director Margraf laß hierauf einige Beobachtungen che die Vorstellungen des Parlements auf die Ant¬
940 1100 1790 1144 wort des Königes, den Erzbischof von Paris betref¬
938 1142 1784 1191 send, ins Reine bringen soll, und seit den 25ten des
938 1183 1784 1230 verflossenen Monats ihre Versammlung hält, ver¬
944 1219 1784 1266 tritt der Herzog von Brancas als Pair die Stelle
938 1264 1784 1315 des Herzogs von Uses, der sich wegen der Unpäßlich¬
940 1304 1784 1370 keit seiner Schwester der Frau von Civrac beurlaubt.
1164 1345 1556 1430 Mikau, den 19 Febr.
972 1404 1581 1481 Von dort ist uns eingesandt worden:
978 1441 1788 1524 Copie, von dem Translat des von Ihro Kayserl.
938 1498 1790 1577 Majest. von allen Reussen allerhöchst eigenhändig in
940 1552 1707 1609 der rußischen Sprache unterzeichneten Rescripts.
1172 1594 1537 1647 TRANSLAT.
978 1601 1782 1686 Von Gottes Gnaden, Wir Catharina die zweyte,
944 1658 1780 1722 Kayserin und Selbstherrscherin von allen Reussen rc.
933 1718 1780 1784 Unserm wirklichen Etatsrath und Ministre von Si¬
940 1756 1055 1814 molin.
976 1769 1773 1854 Wir haben zu unserer nicht geringen Befremdung
931 1844 1782 1890 in Erfahrung gebracht, welcher gestalt in denen Her¬
938 1888 1782 1939 zogthümern Curland und Semgallen sich annoch eini=
931 1925 1773 1978 ge unruhige Gemüther finden, die nicht allein ihrem
933 1967 1775 2016 rechtmäßigen Herzog, deßen unstreitige Gerechtsame
938 2008 1782 2052 Wir bishero kräftigst unterstützet, und zu allen Zeiten
931 2048 1784 2095 aufrecht zu halten gemeinet sind, sich nicht submittiren
929 2093 1775 2144 wollen; sondern auch noch andre von ihren Mitbrüdern
933 2133 1775 2185 verleiten, in einer solchen Halsstarrigkeit und Eigensinn
931 2170 1771 2221 fortzufahren, alle schuldige Ehrerbietung gegen ihren
931 2216 1775 2268 Landesherrn aus den Augen setzen, und durch den straf¬
925 2255 1775 2302 barsten Ungehorsam gegen ihn, sich als Stöhrer der
929 2297 1773 2347 allgemeinen Ruhe in ihrem Vaterlande zu beweisen.
925 2336 1775 2391 Insonderheit aber haben Wir nicht vermuthet, daß der
1603 2381 1771 2449 ehemalige
