2479 3508
247 332 353 392 thäter
381 330 470 390 aber,
487 330 620 390 nachdem
660 327 698 387 sie
727 330 782 390 von
811 331 899 391 ihren
928 333 1111 393 etwanigen
1140 336 1250 396 Krank

252 380 353 440 heiten
380 379 517 439 geheilet
539 377 698 437 worden,
725 380 894 440 auswårts
916 383 1065 443 gesandt,
1092 383 1166 443 oder
1193 383 1251 443 zum

246 428 485 488 Garnspinnen
523 428 715 488 angehalten
753 429 878 489 werden
915 431 1056 491 sollten,
1093 431 1124 491 so
1155 432 1270 492 würde

247 525 332 585 ren,
370 526 433 586 und
466 527 513 587 die
546 530 748 590 Sicherheit
776 530 829 590 der
861 530 994 590 übrigen
1032 533 1277 593 Unterthaneu,

246 577 359 637 würde
396 576 443 636 sich
485 578 575 638 nicht
605 578 635 638 so
677 580 730 640 oft
767 580 862 640 durch
899 582 1162 642 Müßiggänger
1210 582 1269 642 und

253 625 455 685 Schwelger
478 626 707 686 unterbrochen
736 628 847 688 sehen.

450 678 523 738 Aus
561 679 767 739 Barbados,
794 676 852 736 vom
900 679 963 739 24.
990 679 1085 739 Jun.

302 721 380 781 Des
403 724 514 784 Herrn
543 726 727 786 Harrisons
761 727 1013 787 Zeitmaschine,
1042 729 1113 789 oder
1137 725 1226 785 Uhr,
1238 726 1276 786 ist

263 775 384 835 sowohl
403 775 460 835 auf
484 777 582 837 seiner
606 776 704 836 Reise
728 777 803 837 nach
845 775 896 835 der
926 778 1059 838 hiesigen
1094 779 1198 839 Insel
1222 778 1273 838 als

252 822 310 882 auf
332 822 380 882 der
407 822 502 882 Reise
524 824 599 884 nach
626 825 786 885 Jamaica
813 825 866 885 von
898 825 989 885 guter
1022 828 1197 888 Würkung
1224 825 1277 885 ge¬

252 873 374 933 wesen,
401 873 459 933 und
486 873 544 933 hat
566 873 613 933 bis
640 876 698 936 auf
720 876 789 936 eine
816 876 953 936 Minute
970 877 1198 937 eingetroffen.
1225 873 1272 933 Er

258 924 322 984 traf
350 923 399 983 die
421 921 524 981 Insel
542 923 649 983 Porto
677 926 797 986 Santo
825 927 977 987 accurat,
1000 927 1059 987 und
1098 927 1168 987 nach
1207 924 1255 984 dem

252 972 428 1032 Zeugnisse
455 972 506 1032 des
543 973 703 1033 Capitain
740 972 901 1032 Lindsay,
938 972 989 1032 als
1021 974 1270 1034 Commandeur

252 1018 302 1078 des
333 1017 505 1077 Schiffes,
531 1017 591 1077 auf
612 1018 743 1078 welchem
785 1016 815 1076 er
841 1017 891 1077 sich
917 1019 1054 1079 befand,
1080 1021 1262 1081 imgleichen

256 1065 329 1125 nach
364 1064 419 1124 der
449 1063 789 1123 Uebereinstimmung
829 1064 927 1124 seines
967 1070 1179 1130 Verfahrens
1214 1067 1277 1127 mit

258 1118 307 1178 den
347 1113 638 1173 Betrachtungen,
668 1115 722 1175 der
752 1114 806 1174 von
846 1112 939 1172 denen
974 1115 1098 1175 Herren
1138 1118 1187 1178 der
1212 1117 1275 1177 Ad¬

253 1166 420 1226 miralität
454 1165 481 1225 in
521 1166 654 1226 gleicher
689 1166 816 1226 Absicht
839 1164 1073 1224 ausgesandten
1113 1165 1123 1225 2
1158 1164 1280 1224 Perso¬

252 1218 341 1278 nen,
379 1216 538 1276 urtheilet
565 1219 665 1279 man,
698 1216 755 1276 daß
793 1216 845 1276 ihm
899 1215 956 1275 das
995 1216 1164 1276 Prämium
1212 1213 1269 1273 von

247 1267 361 1327 20000
390 1267 510 1327 Pfund
538 1269 587 1329 für
621 1267 669 1327 die
697 1267 906 1327 Entdeckung
945 1269 994 1329 der
1028 1267 1269 1327 Meereslänge

247 1321 329 1381 ganz
357 1318 455 1378 gewiß
483 1320 587 1380 werde
615 1318 846 1378 zugesprochen
879 1318 1022 1378 werden.

486 1369 748 1429 Warschau,
772 1369 827 1429 den
862 1369 928 1429 30.
950 1369 1045 1429 Aug.

298 1416 344 1476 Am
386 1419 599 1479 verwichenen
631 1416 791 1476 Sonntag
818 1416 916 1476 gaben
943 1416 994 1476 des
1021 1418 1129 1478 Herrn
1156 1416 1249 1476 Groß

252 1469 390 1529 truchses
417 1467 469 1527 von
502 1467 666 1527 Litthauen
693 1466 815 1526 Grafen
837 1467 1081 1527 Poniatowski
1103 1467 1267 1527 Excellenz

247 1516 321 1576 allen
353 1515 659 1575 Woywodschaften
691 1518 776 1578 einen
803 1515 958 1575 Besuch,
986 1517 1049 1577 und
1077 1516 1263 1576 empfohlen

252 1568 300 1628 sich
328 1567 534 1627 denenselben
574 1566 622 1626 bey
655 1566 709 1626 der
732 1566 999 1626 bevorstehenden
1032 1566 1276 1626 Königswahl.

247 1615 509 1675 Hochgedachter
532 1613 620 1673 Herr
643 1613 783 1673 befindet
806 1615 856 1675 sich
890 1614 917 1674 im
957 1613 1140 1673 Russischen
1169 1616 1269 1676 Lager

252 1661 302 1721 bey
333 1661 469 1721 Lomni,
495 1664 556 1724 und
587 1661 668 1721 wird
694 1661 744 1721 sich
770 1661 906 1721 daselbst
927 1661 973 1721 bis
999 1661 1049 1721 zur
1075 1661 1262 1721 publicirten

251 1709 359 1769 Wahl
384 1706 576 1766 aufhalten.
627 1706 675 1766 An
710 1706 843 1766 selbigem
893 1703 986 1763 Tage
1026 1704 1124 1764 hielte
1155 1704 1267 1764 allhier

245 1754 291 1814 die
315 1751 580 1811 Warschauische
609 1748 1011 1808 Generalconföderation
1045 1748 1139 1808 ihren
1177 1747 1281 1807 solen¬

253 1802 314 1862 nen
344 1799 491 1859 Einzug.
543 1799 587 1859 Am
634 1797 804 1857 Montage
827 1796 958 1856 begaben
992 1796 1037 1856 sich
1066 1796 1117 1856 des
1140 1796 1270 1856 Fürsten

259 1852 431 1912 Primatis
455 1852 605 1912 Durchl.
623 1851 709 1911 nebst
733 1849 813 1909 allen
849 1849 1109 1909 gegenwärtigen
1138 1849 1265 1909 Herren

258 1905 429 1965 geistlichen
463 1901 518 1961 und
546 1901 717 1961 weltlichen
746 1902 900 1962 Standes
934 1902 1005 1962 nach
1045 1901 1094 1961 der
1128 1900 1260 1960 hiesigen

258 1954 328 2014 St.
350 1953 631 2013 Johanniskirche
659 1951 718 2011 und
740 1954 811 2014 nach
838 1951 1033 2011 angehörter
1055 1951 1174 2011 Votive
1207 1953 1266 2013 und

258 2005 424 2065 Predigt,
452 2002 562 2062 welche
591 2002 701 2062 erstere
735 2002 784 2062 der
807 2002 895 2062 Herr
923 2002 1061 2062 Bischof
1090 2002 1144 2062 von
1184 2002 1272 2062 Lem¬

250 2103 380 2163 halten,
397 2100 560 2160 verfügten
594 2100 631 2160 sie
654 2100 696 2160 sich
724 2100 942 2160 insgesammt
964 2100 1029 2160 nach
1063 2099 1111 2159 dem
1150 2098 1269 2158 Wahl¬

260 2151 422 2211 schoppen,
439 2150 579 2210 woselbst
602 2148 672 2208 Sr.
684 2148 829 2208 Durchl.
841 2151 933 2211 denen
961 2151 1134 2211 Landboten
1161 2148 1253 2208 bester

247 2201 361 2261 maßen
383 2199 589 2259 empfohlen,
601 2197 665 2257 noch
688 2199 720 2259 an
742 2199 878 2259 selbigem
917 2199 1003 2259 Tage
1026 2199 1107 2259 einen
1134 2199 1270 2259 Reichs¬

257 2246 426 2306 marschall
448 2246 474 2306 zu
507 2243 691 2303 erwählen,
719 2243 835 2303 solches
862 2246 1010 2306 geschahe
1031 2248 1131 2308 auch;
1159 2248 1248 2308 indem

253 2297 302 2357 der
330 2294 541 2354 Litthauische
564 2291 819 2351 Großnotarius
842 2297 930 2357 Herr
953 2300 1163 2360 Samowski
1186 2297 1258 2357 dazu

247 2345 443 2405 einstimmig
482 2339 629 2399 erkohren
668 2341 826 2401 worden;
865 2345 924 2405 und
958 2348 995 2408 da
1029 2348 1143 2408 solcher
1171 2348 1258 2408 hiezu

259 2399 310 2459 den
339 2390 575 2450 gewöhnlichen
605 2387 668 2447 Eyd
697 2388 720 2448 in
749 2390 795 2450 die
813 2395 922 2455 Hände
940 2396 991 2456 des
1015 2396 1142 2456 vorigen
1171 2396 1257 2456 Mar

258 2449 364 2509 schalls
400 2442 535 2502 Fursten
577 2437 796 2497 Czartoryski
826 2443 1027 2503 abgeleget,
1069 2446 1181 2506 wurde
1217 2443 1263 2503 die

253 2496 390 2556 Session
430 2496 490 2556 auf
524 2491 579 2551 den
618 2485 790 2545 folgenden
824 2490 895 2550 Tag
935 2497 1145 2557 verschoben.
1201 2496 1250 2556 Am

258 2545 416 2605 Dienstag
445 2544 598 2604 delegirte
621 2538 672 2598 der
701 2536 779 2596 neue
802 2537 887 2597 Herr
910 2545 1097 2605 Marschall
1120 2545 1255 2605 verschie

250 2596 325 2656 dene
348 2593 533 2653 Landboten
561 2593 587 2653 in
615 2589 669 2649 den
697 2585 816 2645 Senat
839 2587 899 2647 mit
926 2592 975 2652 der
997 2596 1177 2656 Nachricht
1205 2595 1253 2655 die

257 2643 301 2703 ser
335 2643 477 2703 glücklich
511 2642 661 2702 erfolgten
694 2635 1013 2695 Marschallswahl,
1034 2644 1170 2704 worauf
1196 2646 1254 2706 von

258 2691 331 2751 Sr.
354 2691 495 2751 Durchl.
513 2691 563 2751 dem
603 2686 704 2746 Fürst
727 2682 863 2742 Primas
892 2686 947 2746 aus
976 2694 1021 2754 dem
1061 2694 1190 2754 Senat,
1208 2694 1258 2754 der

250 2744 338 2804 Herr
361 2741 521 2801 Woywod
549 2739 604 2799 von
633 2736 809 2796 Mscislaw
843 2732 903 2792 und
926 2737 976 2797 die
993 2744 1114 2804 Herren
1148 2742 1269 2802 Castel=

250 2793 322 2853 lane
350 2792 411 2852 von
439 2790 567 2850 Pohsen
607 2789 662 2849 und
696 2784 868 2844 Oswiecim
919 2785 952 2845 an
986 2790 1035 2850 die
1064 2793 1247 2853 Landboten

248 2844 436 2904 abgeschickt
460 2841 614 2901 worden;
643 2838 705 2898 und
734 2832 866 2892 dieselbe
889 2838 1101 2898 eingeladen,
1130 2841 1164 2901 um
1210 2839 1255 2899 sich

251 2889 314 2949 mit
332 2891 384 2951 dem
425 2890 547 2950 Senat
565 2890 593 2950 zu
623 2888 832 2948 vereinigen.
879 2883 1018 2943 Gestern
1042 2891 1187 2951 geschahe
1211 2891 1268 2951 sol¬

252 2940 301 3000 che
320 2942 543 3002 Vereinigung
568 2941 629 3001 mit
648 2936 884 2996 gewöhnlichen
915 2939 1119 2999 Ceremonien
1151 2943 1175 3003 in
1201 2942 1243 3002 dem

1305 336 1517 396 Schoppen,
1542 342 1677 402 worauf
1702 345 1755 405 das
1785 345 2175 405 Generalcapturgericht
2200 351 2323 411 gesetzet

1297 386 1458 446 worden,
1484 387 1545 447 und
1576 390 1606 450 es
1642 392 1743 452 haben
1779 395 1856 455 dazu
1892 398 1942 458 die
1968 395 2074 455 Herrn
2111 395 2313 455 Woywoden

1304 435 1362 495 von
1390 437 1563 497 Wilepski
1580 440 1645 500 und
1667 443 1786 503 Plock,
1808 446 1862 506 des
1890 448 1998 508 Herrn
2025 446 2312 506 Großmarschalls

246 477 320 537 man
347 479 420 539 bald
453 476 500 536 die
527 479 712 539 glücklichen
750 481 951 541 Wirkungen
988 482 1099 542 hievon
1136 482 1268 542 verspü=
1301 483 1364 543 von
1391 488 1554 548 Litthauen
1581 491 1698 551 Excell.
1720 494 1777 554 und
1804 494 1920 554 andere
1947 497 1995 557 den
2022 497 2085 557 Eyd
2112 498 2159 558 als
2180 497 2323 557 Captur¬

1306 536 1419 596 richter
1430 536 1586 596 geleistet.
1636 541 1684 601 Es
1706 542 1743 602 ist
1765 545 1830 605 hier
1853 545 1901 605 die
1917 548 2106 608 allgemeine
2123 548 2322 608 Meynung,

1306 584 1361 644 daß
1389 583 1483 643 dieser
1500 586 1672 646 Reichstag
1700 592 1844 652 glücklich
1873 595 1928 655 und
1956 598 2139 658 einmüthig
2167 598 2311 658 ablaufen

1297 634 1432 694 werde,
1454 634 1490 694 um
1532 637 1557 697 so
1585 640 1741 700 vielmehr
1768 642 1803 702 da
1841 643 1929 703 selbst
1961 646 2018 706 alle
2040 649 2237 709 Vornehme
2259 648 2326 708 ein¬

1305 682 1432 742 müthig
1459 685 1618 745 worden,
1639 690 1702 750 und
1730 691 1787 751 vom
1830 694 1999 754 Manifest
2016 697 2116 757 wider
2143 700 2195 760 den
2233 700 2323 760 vori¬

1303 733 1359 793 gen
1386 736 1794 796 Convocationsreichstag
1826 742 1986 802 abgehen,
2013 748 2142 808 welches
2168 750 2240 810 noch
2267 751 2297 811 am

1311 784 1457 844 heutigen
1495 785 1587 845 Tage
1615 789 1684 849 auch
1718 790 1771 850 der
1804 792 1891 852 Herr
1919 792 2081 852 Woywod
2114 796 2173 856 von
2212 798 2304 858 Kyow

1300 832 1363 892 und
1391 834 1438 894 der
1460 834 1544 894 Herr
1561 836 1682 896 Czacki,
1699 840 1842 900 Starost
1864 842 1916 902 von
1944 843 2113 903 Nowgrod
2140 846 2219 906 thun
2246 851 2320 911 soll.

1304 884 1480 944 Hingegen
1509 885 1565 945 hat
1583 885 1628 945 sich
1657 891 1872 951 keinesweges
1896 892 1947 952 der
1970 891 2072 951 Fürst
2090 896 2231 956 Bischof
2255 898 2310 958 von

1310 930 1430 990 Cracau
1465 936 1636 996 bequemen
1677 937 1818 997 wollen,
1854 942 1984 1002 welcher
2015 945 2190 1005 vorgestern
2231 948 2321 1008 nebst

1308 978 1407 1038 seinen
1443 984 1628 1044 Brüdern,
1659 984 1713 1044 dem
1754 987 1864 1047 Herrn
1894 990 2054 1050 Woywod
2085 993 2140 1053 von
2180 998 2315 1058 Lenczyc

1303 1025 1365 1085 und
1396 1028 1443 1088 dem
1490 1028 1594 1088 Herrn
1625 1031 1781 1091 Castellan
1812 1033 1869 1093 von
1896 1036 2072 1096 Warschau
2103 1043 2175 1103 nach
2213 1046 2311 1106 seinen

1304 1073 1433 1133 Gütern
1467 1076 1553 1136 Isla
1581 1079 1777 1139 abgereiset.
1816 1079 1892 1139 Des
1920 1083 2017 1143 Russ.
2034 1085 2192 1145 Kayserl.
2209 1091 2322 1151 Groß¬

1300 1121 1507 1181 botschafters
1534 1125 1656 1185 Grafen
1689 1127 1741 1187 von
1768 1128 1959 1188 Kayserling
1976 1133 2140 1193 Excellenz
2162 1136 2225 1196 sind
2252 1137 2305 1197 von

1309 1170 1379 1230 dero
1406 1175 1590 1235 Krankheit
1612 1178 1823 1238 vollkommen
1857 1181 2013 1241 genesen;
2046 1182 2078 1242 es
2106 1184 2160 1244 soll
2182 1186 2317 1246 derselbe

1309 1222 1474 1282 künftigen
1503 1225 1645 1285 Montag
1673 1228 1745 1288 nach
1779 1230 1828 1290 dem
1867 1231 2121 1291 Wahlschoppen
2155 1237 2320 1297 kommen,

1309 1274 1368 1334 und
1396 1276 1530 1336 daselbst
1553 1278 1617 1338 eine
1634 1279 1840 1339 Declaration
1873 1283 1899 1343 in
1927 1288 2127 1348 pohlnischer
2150 1291 2209 1351 und
2236 1291 2322 1351 fran¬

1309 1325 1449 1385 zösischer
1471 1327 1623 1387 Sprache
1645 1330 1671 1390 im
1710 1333 1839 1393 Namen
1878 1334 1975 1394 seiner
2003 1339 2225 1399 Souveraine
2247 1342 2322 1402 aus¬

1298 1375 1449 1435 theilen,
1472 1376 1531 1436 wie
1554 1379 1743 1439 allerhöchst
1765 1381 1934 1441 Dieselben
1967 1386 2070 1446 keinen
2109 1390 2222 1450 andern
2261 1392 2320 1452 auf

1302 1423 1351 1483 dem
1391 1428 1601 1488 Pohlnischen
1636 1428 1746 1488 Thron
1775 1431 1802 1491 zu
1836 1431 1919 1491 sehen
1947 1437 2158 1497 wünschten,
2181 1439 2231 1499 als
2259 1439 2308 1499 den

1305 1475 1435 1535 Grafen
1474 1479 1734 1539 Poniatowski,
1756 1482 1995 1542 Großtruchses
2039 1485 2092 1545 von
2131 1485 2320 1545 Litthauen.

1304 1524 1455 1584 Nachdem
1499 1527 1548 1587 der
1576 1530 1738 1590 Russische
1760 1530 1912 1590 General
1935 1533 2032 1593 Fürst
2060 1533 2114 1593 von
2147 1539 2299 1599 Daszkow

1309 1573 1362 1633 das
1390 1575 1498 1635 hitzige
1520 1578 1634 1638 Fieber
1656 1578 1867 1638 bekommen,
1900 1582 1943 1642 ist
1965 1584 2100 1644 derselbe
2134 1587 2311 1647 vorgestern

1301 1622 1349 1682 des
1383 1623 1552 1683 Morgens
1574 1625 1606 1685 zu
1634 1628 1803 1688 Willanaw
1842 1628 1951 1688 Todes
1979 1634 2180 1694 verblichen.
2208 1637 2317 1697 Außer

1307 1669 1405 1729 vielen
1435 1670 1552 1730 andern
1582 1670 1802 1730 Herrschaften
1843 1672 1877 1732 ist
1907 1672 1975 1732 hier
2005 1679 2122 1739 neulich
2157 1682 2206 1742 der
2231 1683 2313 1743 Herr

1306 1709 1469 1769 Woywod
1496 1711 1550 1771 von
1578 1712 1741 1772 Podolien
1773 1716 1987 1776 angelanget,
2005 1720 2036 1780 ob
2069 1722 2136 1782 aber
2160 1725 2209 1785 der
2232 1728 2318 1788 Herr

1304 1752 1466 1812 Woywod
1496 1755 1550 1815 von
1580 1758 1723 1818 Cracau,
1738 1763 2077 1823 Kronunterfeldherr
2098 1772 2220 1832 anhero
2235 1775 2323 1835 kom¬

1311 1805 1378 1865 men
1402 1805 1525 1865 werde,
1548 1808 1587 1868 ist
1604 1808 1672 1868 noch
1701 1812 1881 1872 ungewiß;
1904 1817 2062 1877 hingegen
2090 1824 2231 1884 befinden
2259 1826 2304 1886 sich

1306 1858 1357 1918 der
1380 1859 1464 1919 Herr
1482 1862 1634 1922 Castellan
1668 1862 1719 1922 von
1748 1866 1866 1926 Cracau
1895 1869 1962 1929 noch
1991 1871 2018 1931 zu
2042 1876 2233 1936 Lubownia,
2251 1880 2307 1940 und

1298 1909 1403 1969 dürfte
1426 1910 1521 1970 wohl
1538 1915 1621 1975 nicht
1639 1915 1672 1975 um
1717 1918 1794 1978 diese
1818 1921 1890 1981 Zeit
1918 1921 1985 1981 hier
2013 1927 2236 1987 ankommen,
2265 1932 2314 1992 der

1303 1960 1400 2020 Fürst
1422 1962 1649 2022 Lubomirski,
1666 1966 2012 2026 Kron=Untertruchses
2039 1975 2098 2035 hat
2121 1975 2168 2035 sich
2196 1978 2309 2038 allhier

1300 2011 1548 2071 eingefunden,
1570 2011 1601 2071 es
1628 2014 1665 2074 ist
1686 2017 1754 2077 aber
1787 2017 1828 2077 ein
1866 2020 2008 2080 gewisser
2035 2023 2183 2083 Obrister
2210 2025 2315 2085 Jaku¬

249 2054 347 2114 berg,
366 2052 421 2112 und
446 2052 568 2112 letztere
588 2051 642 2111 der
662 2049 747 2109 Herr
772 2049 907 2109 Bischof
926 2047 981 2107 von
1007 2049 1197 2109 Smolensk
1216 2052 1264 2112 ge=
1297 2058 1432 2118 howski
1457 2061 1518 2121 mit
1537 2061 1549 2121 2
1568 2063 1721 2123 Officiers
1747 2064 1801 2124 von
1833 2067 1881 2127 dem
1919 2070 2029 2130 König
2048 2073 2232 2133 Stanislao
2258 2076 2319 2136 an¬

1296 2109 1516 2169 gekommen,
1546 2109 1633 2169 ohne
1669 2115 1802 2175 bishero
1843 2118 1871 2178 zu
1914 2121 2047 2181 wissen,
2082 2125 2111 2185 in
2152 2125 2227 2185 was
2263 2129 2314 2189 für

1300 2157 1582 2217 Angelegenheit.

1613 2285 2011 2345 AVERTISSEMENT.

1347 2330 1424 2390 Bey
1461 2330 1515 2390 dem
1558 2330 1715 2390 Verleger
1752 2336 1849 2396 dieser
1880 2339 2018 2399 Zeitung
2049 2341 2091 2401 ist
2116 2344 2146 2404 zu
2183 2349 2279 2409 haben

1307 2382 1462 2442 Tilings,
1487 2378 1752 2438 Beschaffenheit
1783 2387 1843 2447 und
1868 2387 1993 2447 Pflicht
2012 2390 2096 2450 eines
2121 2399 2319 2459 rechtschaff=

1300 2435 1353 2495 nen
1384 2432 1541 2492 Lehrers,
1566 2429 1639 2489 eine
1657 2435 1918 2495 Eintrittsrede,
1943 2438 1984 2498 4,
2015 2440 2154 2500 Mitau,
2186 2446 2227 2506 18
2258 2451 2312 2511 gr.

1305 2482 1505 2542 Spaldings
1537 2478 1718 2538 berlinische
1750 2485 2050 2545 Antrittspredigt,
2089 2495 2132 2555 8,
2164 2498 2314 2558 Berlin,

1471 2527 1739 2587 Betrachtungen
1781 2536 1864 2596 eines
1906 2541 2205 2601 Communicanten
2242 2549 2298 2609 von

1302 2539 1312 2599 9
1354 2535 1405 2595 gr.

1298 2582 1345 2642 dem
1388 2578 1557 2638 Verfasser
1576 2577 1630 2637 des
1661 2585 1805 2645 Christen
1842 2584 1866 2644 in
1903 2586 1957 2646 der
1988 2594 2211 2654 Einsamkeit,
2236 2599 2302 2659 2ter

1300 2632 1375 2692 Th.
1400 2632 1457 2692 gr.
1470 2629 1507 2689 8,
1527 2626 1645 2686 Halle,
1665 2633 1702 2693 21
1728 2635 1784 2695 gr.
1829 2635 2017 2695 Gleditsch,
2049 2643 2193 2703 Systema
2219 2645 2312 2705 plan-

1292 2676 1382 2736 tarum
1426 2676 1435 2736 a
1457 2673 1611 2733 staminum
1655 2681 1729 2741 situ,
1751 2685 1787 2745 8.
1815 2685 1926 2745 Berol.
1948 2685 1963 2745 3
1986 2688 2017 2748 fl.
2039 2688 2070 2748 18
2092 2691 2145 2751 gr.
2172 2691 2304 2751 Trescho

1301 2727 1422 2787 Briefe
1450 2727 1527 2787 über
1550 2724 1599 2784 die
1627 2731 1748 2791 neueste
1765 2736 1970 2796 theologische
1998 2742 2191 2802 Litteratur,
2225 2742 2302 2802 1ster

1295 2778 1415 2838 Theil,
1434 2776 1478 2836 8,
1504 2776 1605 2836 Berl.
1637 2782 1649 2842 1
1669 2784 1706 2844 fl.
1732 2786 1770 2846 15
1796 2785 1845 2845 gr.

1306 2860 1403 2920 Diese
1414 2857 1551 2917 Gelehrte
1572 2862 1631 2922 und
1652 2865 1818 2925 Politische
1839 2870 1956 2930 Zeitung
1987 2870 2055 2930 wird
2076 2869 2124 2929 des
2155 2871 2301 2931 Montagi

1404 2900 1464 2960 und
1495 2906 1640 2966 Freytags
1661 2906 1686 2966 in
1712 2903 1757 2963 dem
1798 2911 1989 2971 Kanterschen
2020 2912 2196 2972 Buchladen

1687 2951 1906 3011 ausgegeben.
