2479 3508
216 389 268 449 der
292 389 338 449 sich
368 389 391 449 in
433 386 480 446 der
510 383 703 443 Dedication
733 383 767 443 an
803 386 856 446 den
892 383 1091 443 verstorbnen
1121 387 1231 447 Chur¬

225 437 341 497 fürsten
392 434 425 494 zu
464 431 642 491 Sachsen,
677 433 726 493 als
760 434 944 494 damaligen
983 434 1228 494 Churprinzen,

225 485 284 545 H.
306 484 354 544 E.
377 482 414 542 v.
441 481 484 541 T.
518 479 760 539 unterschrieben
805 482 885 542 hat,
913 479 1074 539 übersetzt.

1139 482 1224 542 Wir

225 526 328 586 wissen
361 529 469 589 nicht,
491 527 600 587 warum
649 529 697 589 der
725 530 812 590 Herr
834 528 1024 588 Uebersetzer
1057 530 1106 590 sich
1139 530 1225 590 nicht

224 578 394 638 deutlicher
427 578 566 638 genennt
593 578 672 638 hat;
705 578 763 638 wir
796 578 924 638 würden
962 578 1020 638 also
1047 578 1217 638 Bedenken

228 626 374 686 tragen,
401 628 455 688 das
477 628 509 688 zu
531 628 640 688 thun,
662 626 732 686 was
759 625 786 685 er
808 625 906 685 selber
928 625 1008 685 nicht
1031 625 1079 685 für
1106 625 1160 685 gut
1182 627 1230 687 be=

235 676 348 736 funden
375 676 445 736 hat,
462 676 488 736 zu
516 676 613 736 thun.
663 673 732 733 Die
755 673 976 733 Uebersetzung
1010 673 1128 733 verräth
1161 673 1225 733 eine

235 724 299 784 sehr
322 724 397 784 gute
419 724 581 784 Kenntniß
609 721 657 781 der
674 722 858 782 Englischen
886 723 1053 783 Sprache,
1070 721 1124 781 und
1152 721 1232 781 folg¬

229 772 282 832 lich
309 773 378 833 kann
410 772 452 832 die
474 771 744 831 Verschweigung
771 770 818 830 des
846 769 999 829 Namens
1021 772 1148 832 nichts,
1175 769 1222 829 als

230 822 298 882 eine
320 819 593 879 Bescheidenheit
610 818 663 878 zum
701 818 840 878 Grunde
862 819 978 879 haben.

281 866 357 926 Der
390 869 536 929 zweyte
569 867 729 927 Theil,
756 867 806 927 der
826 867 980 927 ebenfalls
1007 867 1063 927 aus
1090 865 1147 925 VI.
1167 865 1230 925 Ab¬

233 917 415 977 theilungen
455 915 593 975 besteht,
627 914 671 974 ist
699 915 754 975 von
793 915 875 975 einer
905 917 1109 977 Gesellschaft
1137 915 1231 975 über¬

237 966 316 1026 setzt,
343 966 401 1026 und
428 966 475 1026 die
491 966 613 1026 Herren
640 963 836 1023 Uebersetzer
857 963 952 1023 haben
979 962 1047 1022 sich,
1069 963 1133 1023 wie
1154 963 1222 1023 man

234 1010 342 1070 sieht,
373 1013 538 1073 bemüht,
570 1010 621 1070 dem
679 1008 854 1068 Originale
901 1010 983 1070 keine
1015 1009 1071 1069 von
1118 1008 1216 1068 seinen

232 1055 455 1115 Schönheiten
492 1055 523 1115 zu
555 1055 695 1115 rauben.
747 1054 814 1114 Uns
847 1053 945 1113 dünkt
971 1055 1070 1115 auch,
1102 1055 1158 1115 daß
1190 1055 1221 1115 es

233 1107 285 1167 für
309 1103 377 1163 eine
401 1100 610 1160 Gesellschaft
628 1100 773 1160 thätiger
791 1100 854 1160 ist,
884 1100 930 1160 als
960 1101 1012 1161 für
1042 1103 1128 1163 einen
1163 1102 1226 1162 ein¬

232 1152 335 1212 zelnen
377 1151 521 1211 Mann;
553 1148 635 1208 weil
662 1148 734 1208 man
776 1145 858 1205 einem
911 1147 998 1207 jeden
1035 1148 1091 1208 sein
1128 1150 1226 1210 Fach,

233 1201 405 1261 worinnen
433 1198 459 1258 er
482 1200 563 1260 stark
585 1197 644 1257 ist,
667 1196 818 1256 anweisen
846 1196 943 1256 kann.
987 1195 1106 1255 Dieser
1134 1196 1230 1256 Theil

235 1252 334 1312 fängt
351 1249 411 1309 mit
429 1249 478 1309 der
500 1246 605 1306 VIIten
634 1246 821 1306 Abtheilung
844 1246 893 1306 von
922 1244 971 1304 der
999 1243 1231 1303 Vernunft¬

234 1300 355 1360 lehre
373 1300 436 1360 an.
483 1294 557 1354 Der
581 1297 743 1357 Verfasser
761 1295 859 1355 dieses
883 1295 998 1355 Stücks
1022 1294 1079 1354 hat
1097 1295 1235 1355 gezeigt,

230 1346 286 1406 daß
314 1348 342 1408 er
365 1348 409 1408 ein
437 1345 543 1405 Prof.
561 1348 610 1408 der
633 1345 729 1405 Logik
746 1348 779 1408 zu
808 1345 869 1405 seyn
897 1345 1059 1405 verdient,
1082 1345 1137 1405 und
1166 1345 1216 1405 daß

234 1393 265 1453 er
286 1396 337 1456 der
359 1396 473 1456 Natur
494 1395 545 1455 des
572 1393 784 1453 menschlichen
816 1393 1013 1453 Verstandes
1035 1396 1101 1456 sehr
1123 1394 1215 1454 genau

235 1445 463 1505 nachgespüret
480 1443 583 1503 habe;
611 1441 671 1501 nur
693 1443 867 1503 wünschten
895 1440 976 1500 wir,
1004 1443 1058 1503 daß
1086 1443 1129 1503 die
1157 1442 1232 1502 Sa¬

235 1491 287 1551 che
319 1491 350 1551 an
388 1491 441 1551 sich
478 1491 573 1551 selber
606 1491 727 1551 leichter
759 1491 902 1551 gemacht
934 1491 1050 1551 werden
1093 1489 1231 1549 könnte;

233 1539 308 1599 denn
336 1539 412 1599 diese
435 1539 527 1599 Logik
550 1539 587 1599 ist
604 1539 664 1599 wie
687 1539 740 1599 alle
768 1539 932 1599 gründlich
966 1539 1161 1599 beschriebne
1184 1538 1238 1598 Lo¬

232 1590 348 1650 giken,
376 1587 444 1647 eine
471 1587 567 1647 etwas
599 1587 694 1647 harte
721 1587 869 1647 Speise;
896 1587 955 1647 und
987 1587 1098 1647 unsere
1125 1587 1236 1647 Deut¬

239 1634 352 1694 schen,
377 1633 420 1693 die
455 1632 538 1692 nicht
569 1631 632 1691 viel
657 1631 774 1691 anders
804 1633 848 1693 als
883 1634 1084 1694 Romanen,
1114 1632 1231 1692 Comö¬

237 1677 307 1737 dien
344 1676 404 1736 und
442 1678 577 1738 deutsche
596 1676 773 1736 Liederchen
815 1676 885 1736 oder
909 1676 1071 1736 Briefchen
1109 1677 1221 1737 gelesen

233 1721 363 1781 haben,
392 1719 513 1779 werden
542 1718 578 1778 sie
598 1718 681 1778 nicht
701 1718 756 1778 gut
776 1718 953 1778 verdauen.
1019 1717 1089 1777 Die
1117 1716 1229 1776 VIIIte

235 1814 283 1874 te.
332 1811 413 1871 Hier
446 1810 505 1870 sind
528 1808 619 1868 solche
647 1811 869 1871 Gegenstände
897 1811 950 1871 aus
984 1811 1059 1871 allen
1087 1808 1222 1868 Reichen

242 1862 293 1922 der
317 1863 427 1923 Natur
451 1861 608 1921 gewählt,
626 1861 671 1921 die
690 1861 753 1921 eine
777 1861 940 1921 Begierde
964 1861 1015 1921 bey
1045 1863 1091 1923 dem
1127 1858 1230 1918 Schü¬

238 1912 286 1972 ler
309 1912 449 1972 erwecken
482 1912 623 1972 müssen,
650 1912 737 1972 mehr
765 1914 867 1974 davon
900 1912 1008 1972 kennen
1047 1915 1073 1975 zu
1106 1912 1236 1972 lernen,

235 1959 296 2019 und
330 1961 379 2021 die
408 1963 468 2023 uns
502 1960 618 2020 (dieses
647 1960 685 2020 ist
713 1960 763 2020 des
792 1963 975 2023 Verfassers
1003 1963 1147 2023 Absicht)
1170 1962 1225 2022 zur

237 2010 522 2070 Bewunderung,
550 2010 597 2070 der
618 2008 808 2068 Weisheit,
830 2011 882 2071 der
904 2011 1020 2071 Macht
1047 2009 1105 2069 und
1137 2008 1226 2068 Güte

235 2058 288 2118 des
316 2058 452 2118 höchsten
480 2055 610 2115 Wesens
638 2055 795 2115 bringen,
823 2056 882 2116 und
910 2056 1149 2116 Ehrerbietung
1183 2056 1231 2116 ge¬

241 2109 297 2169 gen
326 2106 456 2166 dasselbe
479 2103 654 2163 einflößen.
700 2106 773 2166 Die
796 2106 870 2166 IXte
888 2106 1080 2166 Abtheilung
1103 2104 1227 2164 enthalt

240 2155 292 2215 die
314 2151 546 2211 Sittenlehre,
567 2154 625 2214 und
652 2151 789 2211 herrscht
811 2154 958 2214 darinnen
996 2154 1037 2214 ein
1070 2154 1148 2214 ganz
1181 2153 1228 2213 be¬

245 2202 372 2262 sonders
404 2199 557 2259 lebhafter
595 2200 653 2260 und
685 2199 950 2259 nachdrücklicher
982 2199 1151 2259 Vortrag,
1184 2202 1231 2262 so,

243 2249 300 2309 daß
327 2246 411 2306 einem
454 2246 496 2306 die
523 2243 676 2303 Pflichten
714 2243 776 2303 hier
809 2247 882 2307 ganz
915 2249 1131 2309 überzeugend
1164 2248 1205 2308 ein

243 2294 405 2354 leuchten,
432 2291 490 2351 und
522 2289 569 2349 die
596 2288 727 2348 Tugend
754 2294 912 2354 angenehm
960 2297 1102 2357 gemacht
1129 2294 1223 2354 wird,

242 2339 319 2399 weil
345 2339 381 2399 sie
407 2338 453 2398 als
485 2336 525 2396 ein
557 2336 680 2396 sicheres
711 2339 773 2399 und
804 2345 994 2405 natürliches
1021 2345 1144 2405 Mittel
1165 2342 1216 2402 zur

241 2388 493 2448 Glückseligkeit
520 2381 712 2441 vorgestellet
732 2387 785 2447 ist.
839 2393 911 2453 Die
931 2393 990 2453 Xte
1018 2390 1216 2450 Abtheilung

236 2442 365 2502 erzählt
396 2437 443 2497 die
473 2432 650 2492 Geschichte
680 2432 740 2492 und
770 2435 816 2495 den
847 2440 1006 2500 Ursprung
1036 2442 1089 2502 der
1114 2440 1225 2500 Hand¬

238 2490 344 2550 lung,
373 2487 430 2547 und
452 2485 544 2545 führt
566 2480 601 2540 sie
624 2478 673 2538 bis
703 2478 759 2538 auf
781 2485 867 2545 unsre
896 2490 995 2550 Zeiten
1032 2488 1124 2548 durch
1146 2485 1216 2545 ihre

241 2539 474 2599 verschiedenen
508 2531 666 2591 Perioden
701 2527 814 2587 durch.
868 2536 1113 2596 Hauptsächlich
1147 2536 1213 2596 aber

238 2587 315 2647 kann
346 2586 411 2646 man
442 2584 561 2644 daraus
592 2579 640 2639 den
670 2575 826 2635 Ursprung
857 2578 904 2638 der
935 2584 1096 2644 englischen
1133 2581 1223 2641 See¬

230 2635 340 2695 macht
362 2632 504 2692 lernen;
541 2632 631 2692 indem
679 2623 758 2683 ganz
785 2628 1007 2688 unumstößlich
1039 2632 1207 2692 dargethan

235 2682 342 2742 wird,
370 2677 429 2737 wie
446 2678 504 2738 mit
527 2678 575 2738 der
597 2676 764 2736 Zunahme
786 2670 834 2730 der
856 2679 1061 2739 Handlung,
1083 2679 1126 2739 die
1148 2679 1217 2739 eng¬

231 2730 321 2790 lische
344 2727 525 2787 Seemacht
542 2727 564 2787 in
593 2725 723 2785 gleichen
752 2718 865 2778 Grade
882 2721 944 2781 mit
962 2727 1136 2787 gewachsen
1165 2731 1215 2791 ist,

233 2778 281 2838 bis
309 2778 341 2838 sie
363 2777 476 2837 endlich
503 2775 530 2835 zu
557 2775 605 2835 dem
649 2772 762 2832 Grade
784 2766 838 2826 von
865 2772 1151 2832 Vollkommenheit
1173 2775 1216 2835 ge¬

231 2827 343 2887 stiegen
372 2826 428 2886 ist,
457 2825 507 2885 daß
536 2823 570 2883 sie
593 2823 717 2883 Europa
746 2822 768 2882 in
797 2814 971 2874 Erstaunen
1000 2821 1078 2881 setzt.
1136 2822 1209 2882 Die

225 2878 443 2938 vornehmsten
480 2873 631 2933 Ursachen
662 2873 716 2933 zum
759 2871 832 2931 Flor
863 2867 910 2927 der
935 2871 1111 2931 Handlung
1148 2870 1208 2930 sind

1272 383 1421 443 Freyheit
1455 381 1512 441 und
1546 386 1761 446 Eigenthum.
1827 386 1878 446 In
1918 380 2055 440 Ländern
2088 382 2179 442 also,
2206 383 2257 443 wo

1272 431 1449 491 Sclaverey
1482 430 1542 490 und
1564 432 1747 492 Eigennutz
1765 435 1812 495 der
1840 434 1958 494 Herren
1986 431 2148 491 herrscht,
2181 433 2251 493 kann

1266 479 1317 539 der
1344 479 1431 539 Eifer
1452 479 1498 539 nie
1520 479 1628 539 empor
1654 482 1825 542 kommen,
1851 484 1897 544 der
1924 482 1970 542 der
1996 479 2172 539 Handlung
2203 479 2255 539 das

1259 527 1361 587 Leben
1395 527 1502 587 giebt.
1571 527 1638 587 Die
1672 531 1751 591 XIte
1786 531 1984 591 Abtheilung
2024 527 2131 587 liefert
2165 527 2255 587 solche

1267 578 1472 638 Grundsätze
1500 575 1549 635 der
1572 578 1721 638 Politik,
1755 580 1815 640 und
1854 580 1904 640 der
1932 576 2264 636 Staatsverfassung,

1266 625 1313 685 die
1346 625 1404 685 für
1436 625 1521 685 einen
1564 625 1680 685 jungen
1718 627 1925 687 Menschen,
1957 626 1993 686 um
2043 628 2127 688 einen
2164 625 2254 685 guten

1268 673 1385 733 Grund
1413 673 1444 733 zu
1471 673 1583 733 legen,
1605 673 1716 733 nöthig
1744 676 1802 736 und
1829 676 2027 736 hinlänglich
2054 676 2128 736 sind.

2180 670 2257 730 Die

1261 718 1359 778 XIIte
1380 720 1493 780 endlich
1520 721 1623 781 macht
1644 721 1701 781 mit
1722 724 1804 784 einer
1826 724 2032 784 Vorstellung
2059 724 2105 784 des
2131 721 2265 781 mensch¬

1263 766 1353 826 lichen
1391 766 1508 826 Lebens
1541 767 1598 827 und
1631 770 1684 830 der
1711 771 1828 831 Sitten
1860 771 1908 831 den
1945 769 2126 829 Beschluß.
2180 769 2259 829 Wir

1263 813 1368 873 wissen
1395 813 1464 873 noch
1496 816 1553 876 kein
1580 816 1696 876 Buch,
1723 819 1886 879 worinnen
1919 818 1971 878 das
2004 819 2167 879 Nützliche
2194 819 2251 879 und

1264 864 1323 924 das
1356 864 1567 924 Angenehme
1595 864 1654 924 mit
1681 867 1768 927 einer
1796 867 1909 927 solchen
1948 867 2262 927 Mannigfaltigkeit

1269 912 1318 972 der
1335 914 1495 974 Sachen,
1517 915 1544 975 so
1567 915 1711 975 glüͤcklich
1734 915 1916 975 verbunden
1945 915 2054 975 wäre,
2077 917 2121 977 als
2149 915 2171 975 in
2199 915 2259 975 die¬

1266 962 1308 1022 sem
1356 960 1493 1020 Buche,
1525 962 1577 1022 so,
1604 960 1656 1020 daß
1695 960 1720 1020 es
1753 960 1836 1020 einem
1885 963 1969 1023 nicht
1996 963 2128 1023 gereuen
2165 963 2260 1023 wird,

1263 1004 1379 1064 solches
1411 1007 1542 1067 gekauft
1564 1007 1596 1067 zu
1628 1004 1760 1064 haben,
1797 1002 1881 1062 wenn
1919 1006 1966 1066 ihm
2014 1007 2082 1067 auch
2120 1010 2177 1070 nur
2210 1010 2257 1070 die

1259 1051 1380 1111 Hälfte
1397 1052 1430 1112 zu
1458 1052 1552 1112 seinen
1580 1049 1735 1109 Absichten
1769 1049 1896 1109 dienlich
1930 1051 2035 1111 wäre.
2080 1056 2195 1116 Kostet
2224 1058 2245 1118 in

1261 1097 1291 1157 in
1328 1097 1379 1157 der
1400 1100 1607 1160 Kanterschen
1638 1097 1901 1157 Buchhandlung
1933 1097 2071 1157 allhier,
2092 1100 2154 1160 wie
2180 1103 2252 1163 auch

1265 1148 1293 1208 in
1324 1145 1442 1205 Elbing
1473 1145 1531 1205 und
1554 1145 1687 1205 Mitau,
1710 1148 1769 1208 und
1800 1146 1843 1206 der
1866 1145 1940 1205 Zeit
1963 1145 1984 1205 in
2015 1145 2104 1205 Riga
2127 1148 2163 1208 14
2193 1151 2229 1211 fl.

1699 1243 1815 1303 Ulm.

1314 1281 1412 1341 "Der
1443 1293 1529 1353 Sieg
1567 1296 1621 1356 der
1653 1294 1764 1354 Natur
1801 1294 1875 1354 über
1913 1294 1955 1354 die
1986 1294 2239 1354 Schwärmerey

1271 1340 1363 1400 "oder
1387 1344 1432 1404 die
1456 1345 1658 1405 Abentheuer
1682 1342 1733 1402 des
1769 1345 1855 1405 Don
1896 1343 2063 1403 Sylvio
2098 1343 2150 1403 von
2179 1342 2259 1402 Ro¬

1289 1390 1429 1450 salva;
1464 1396 1531 1456 eine
1554 1393 1762 1453 Geschichte,
1791 1393 1887 1453 worin
1927 1393 2000 1453 alles
2023 1393 2248 1453 Wunderbare

1272 1440 1447 1500 "natürlich
1472 1443 1597 1503 zugeht,
1623 1443 1635 1503 2
1667 1443 1798 1503 Theile,
1817 1442 1898 1502 8vo,
1924 1441 2036 1501 1764,
2062 1441 2073 1501 1
2099 1440 2255 1500 Alphabet

1262 1480 1333 1540 „17
1361 1488 1515 1548 Bogen."
1571 1491 1676 1551 Unter
1704 1489 1797 1549 diesem
1842 1489 1930 1549 Titel
1958 1489 2057 1549 findet
2080 1488 2145 1548 man
2185 1488 2251 1548 eine

1265 1536 1409 1596 komische
1444 1539 1657 1599 Geschichte,
1698 1539 1727 1599 im
1768 1537 1993 1597 fieldingischem
2034 1536 2253 1596 Geschmacke,

1264 1584 1377 1644 welche
1399 1585 1448 1645 die
1470 1587 1545 1647 beste
1568 1587 1778 1647 Erscheinung
1806 1587 1860 1647 von
1888 1584 1985 1644 dieser
2007 1586 2066 1646 Art
2083 1587 2174 1647 unter
2197 1584 2245 1644 den

1263 1631 1438 1691 Deutschen
1470 1631 1666 1691 Originalen
1693 1631 1744 1691 ist.
1796 1631 1869 1691 Sie
1895 1630 1931 1690 ist
1952 1631 2179 1691 ausnehmend
2211 1626 2262 1686 ar¬

1262 1676 1304 1736 tig
1329 1673 1472 1733 verfaßt,
1497 1673 1554 1733 und
1578 1673 1654 1733 wird
1679 1673 1851 1733 hoffentlich
1875 1673 1961 1733 ihren
1990 1673 2177 1733 Endzweck,
2201 1670 2249 1730 als

1266 1712 1310 1772 ein
1341 1715 1466 1775 Recept
1487 1715 1537 1775 für
1568 1715 1819 1775 Milzsüchtige,
1845 1715 1900 1775 gut
1930 1715 2101 1775 erreichen.
2157 1715 2247 1775 Doch

234 1766 435 1826 Abtheilung
462 1763 583 1823 enthalt
599 1760 662 1820 eine
679 1762 752 1822 ganz
774 1763 863 1823 kurze
880 1762 1053 1822 natürliche
1070 1759 1233 1819 Geschich=
1266 1757 1382 1817 können
1420 1757 1477 1817 wir
1504 1759 1567 1819 sie,
1594 1760 1662 1820 auch
1695 1760 1794 1820 außer
1827 1761 1921 1821 diesem
1959 1761 2054 1821 Fall,
2081 1763 2149 1823 allen
2187 1763 2249 1823 und

1262 1811 1348 1871 jeden
1378 1810 1511 1870 Lesern,
1535 1811 1580 1871 die
1599 1813 1662 1873 nur
1680 1813 1830 1873 belustigt
1848 1814 1911 1874 seyn
1935 1814 2074 1874 wollen;
2098 1816 2161 1876 und
2185 1814 2248 1874 wer

1260 1861 1331 1921 will
1349 1861 1407 1921 das
1432 1861 1538 1921 nicht?
1575 1864 1669 1924 sicher
1693 1864 1882 1924 anpreisen.
1936 1864 2025 1924 Man
2062 1864 2120 1924 hat
2144 1867 2238 1927 davon

1259 1911 1345 1971 einen
1389 1912 1572 1972 berühmten
1617 1915 1839 1975 Schweizer,
1867 1912 1975 1972 Herrn
2013 1912 2072 1972 W.
2106 1915 2159 1975 für
2193 1915 2241 1975 den

1257 1960 1423 2020 Verfasser
1446 1960 1673 2020 ausgegeben;
1713 1960 1773 2020 und
1807 1960 1940 2020 wirklich
1974 1957 2073 2017 findet
2096 1960 2146 2020 sich
2180 1960 2245 2020 hier

1262 2008 1319 2068 und
1346 2008 1378 2068 da
1410 2008 1505 2068 etwas
1532 2010 1782 2070 Ausländisches
1804 2011 1830 2071 in
1857 2011 1904 2071 der
1926 2007 2143 2067 Schreibart.
2186 2008 2255 2068 Je¬

1258 2053 1326 2113 doch
1362 2055 1425 2115 wir
1449 2055 1558 2115 unsers
1594 2058 1709 2118 Theils
1739 2057 1866 2117 würden
1907 2057 1993 2117 nicht
2022 2055 2092 2115 sehr
2121 2055 2248 2115 geneigt

1259 2103 1355 2163 seyn,
1383 2101 1479 2161 dieser
1518 2103 1690 2163 Meynung
1723 2106 1949 2166 beyzutreten.
2004 2106 2106 2166 Denn
2144 2106 2241 2166 außer

1261 2150 1348 2210 einem
1390 2149 1544 2209 wichtigen
1581 2150 1844 2210 Gegengrunde,
1866 2153 1917 2213 den
1953 2151 2067 2211 bereits
2098 2154 2144 2214 die
2165 2154 2247 2214 Ber¬

1262 2198 1337 2258 liner
1365 2196 1495 2256 Zeitung
1517 2196 1695 2256 angegeben
1723 2196 1799 2256 hat,
1826 2199 1874 2259 der
1902 2199 2081 2259 Spötterey
2108 2202 2178 2262 über
2200 2202 2248 2262 die

1257 2246 1384 2306 Teufel
1401 2245 1422 2305 in
1456 2243 1505 2303 der
1533 2243 1715 2303 Messiade,
1738 2243 1815 2303 wird
1849 2243 1876 2303 es
1910 2245 1981 2305 auch
2010 2246 2147 2306 schwer,
2175 2249 2224 2309 dem

1257 2294 1362 2354 Herrn
1401 2294 1462 2354 W.
1490 2291 1556 2351 eine
1585 2291 1612 2351 so
1641 2291 1712 2351 tiefe
1740 2291 1968 2351 Biegsamkeit
1991 2291 2046 2351 des
2080 2291 2235 2351 deutschen

1257 2342 1364 2402 Styls
1392 2339 1614 2399 zuzutrauen,
1636 2341 1684 2401 als
1707 2342 1744 2402 sie
1761 2342 1847 2402 unser
1869 2342 1972 2402 Autor
2000 2339 2026 2399 in
2059 2339 2156 2399 seiner
2179 2339 2248 2399 Ge¬

1257 2390 1339 2450 walt
1367 2393 1439 2453 hat.
1512 2387 1644 2447 Gnug,
1678 2390 1727 2450 der
1761 2390 1949 2450 Verfasser,
1977 2387 2004 2447 er
2038 2387 2082 2447 sey
2122 2387 2182 2447 wer
2210 2391 2237 2451 er

1257 2437 1373 2497 wolle,
1396 2440 1434 2500 ist
1452 2437 1496 2497 ein
1519 2435 1624 2495 Mann
1653 2438 1708 2498 von
1736 2440 1864 2500 Genie,
1892 2439 1942 2499 der
1965 2437 2047 2497 seine
2065 2437 2159 2497 Rolle
2182 2440 2248 2500 vor¬

1252 2488 1367 2548 treflich
1396 2485 1611 2545 ausgeführt,
1635 2485 1698 2545 und
1722 2490 1785 2550 uns
1815 2488 1855 2548 ein
1884 2482 1977 2542 Werk
2006 2488 2151 2548 geliefert
2175 2492 2243 2552 hat,

1257 2536 1311 2596 das
1351 2536 1416 2596 mit
1450 2536 1499 2596 den
1539 2530 1633 2590 besten
1672 2536 1826 2596 deutschen
1871 2534 2037 2594 Schriften
2087 2536 2142 2596 von
2187 2542 2236 2602 der

1254 2584 1395 2644 witzigen
1424 2585 1480 2645 Art
1497 2578 1678 2638 wetteifert.
1724 2587 1927 2647 Inzwischen
1956 2586 2063 2646 wollen
2092 2584 2153 2644 wir
2182 2587 2232 2647 bey

1246 2632 1340 2692 dieser
1369 2629 1587 2689 Gelegenheit
1610 2629 1654 2689 ihn
1682 2634 1794 2694 selbst,
1817 2635 1906 2695 wenn
1940 2635 1990 2695 ihm
2036 2635 2152 2695 anders
2181 2638 2242 2698 un¬

1252 2682 1301 2742 sre
1329 2679 1506 2739 Nachricht
1534 2675 1561 2735 zu
1595 2678 1739 2738 Gesichte
1761 2682 1900 2742 kommen
1934 2682 2043 2742 sollte,
2078 2685 2243 2745 erinnern,

1251 2728 1304 2788 daß
1338 2727 1370 2787 er
1393 2724 1578 2784 zuweilen,
1611 2728 1763 2788 wiewohl
1786 2729 1900 2789 selten,
1928 2730 2026 2790 seinen
2059 2730 2233 2790 Charakter

1249 2774 1469 2834 überschritten
1498 2769 1571 2829 hat.
1623 2777 1673 2837 Im
1713 2776 1922 2836 Vorberichte
1945 2778 2024 2838 wird
2058 2778 2109 2838 sein
2137 2776 2227 2836 Buch

1251 2824 1300 2884 für
1329 2822 1396 2882 eine
1419 2817 1635 2877 Uebersetzung
1664 2825 1725 2885 aus
1759 2825 1808 2885 dem
1848 2827 2054 2887 Spanischen
2088 2823 2244 2883 ausgege¬

1246 2871 1319 2931 ben.
1370 2870 1468 2930 Zwar
1493 2867 1567 2927 weis
1592 2873 1660 2933 man
1685 2873 1851 2933 ohnehin,
1883 2876 1950 2936 was
1982 2875 2049 2935 man
2087 2873 2142 2933 von
2180 2870 2235 2930 sol¬

2162 2924 2233 2984 cher
