2479 3508
479 345 635 405 Wien,
655 342 713 402 vom
767 342 832 402 15.
858 340 969 400 Sept.

249 401 328 461 Von
363 400 413 460 der
437 395 630 455 Bewegung
659 392 704 452 der
733 389 898 449 türkischen
927 389 1075 449 Truppen
1110 389 1144 449 ist
1167 386 1212 446 die

211 455 397 515 eigentliche
421 443 548 503 Ursache
572 439 641 499 noch
671 440 804 500 immer,
828 443 1025 503 wenigstens
1055 440 1083 500 im
1131 437 1217 497 Volk

205 501 249 561 ein
283 495 505 555 Geheimniß.
556 486 678 546 Einige
700 491 789 551 sagen
818 491 923 551 zwar,
946 489 1001 549 daß
1029 488 1068 548 sie
1091 488 1146 548 von
1174 487 1218 547 ei¬

200 550 256 610 nem
295 544 446 604 Mangel
469 536 508 596 an
543 538 795 598 Lebensmitteln
829 539 1047 599 herrührete,
1088 537 1216 597 andere,

203 596 258 656 daß
287 592 364 652 diese
387 586 510 646 Völker
533 586 633 646 einige
651 589 823 649 aufsätzige
852 592 1042 652 Wallachen
1076 589 1108 649 zu
1143 586 1226 646 paa¬

204 643 260 703 ren
287 638 411 698 treiben
437 637 556 697 solten,
582 636 639 696 und
676 637 747 697 noch
784 640 929 700 andere,
955 640 1012 700 daß
1043 640 1100 700 bey
1131 637 1219 697 ihrer

204 688 463 748 Versammlung
491 688 532 748 ein
559 686 771 746 Augenmerk
793 688 850 748 auf
872 689 919 749 die
946 688 1121 748 polnischen
1153 684 1221 744 An¬

202 739 441 799 gelegenheiten
474 736 628 796 gerichtet
655 735 718 795 sey.
772 739 878 799 Allein
916 739 969 799 das
996 739 1065 799 eine
1087 736 1219 796 scheinet

199 786 249 846 bis
275 786 325 846 itzt
346 785 417 845 eben
443 784 467 844 so
498 784 665 844 ungewiß,
691 785 742 845 als
768 786 823 846 das
849 786 950 846 andre
976 786 1036 846 und
1062 786 1158 846 dritte
1179 784 1209 844 zu

214 837 306 897 seyn.
355 831 560 891 Inzwischen
593 831 669 891 wird
697 834 816 894 disseits
843 837 875 897 zu
903 837 1027 897 Kloster
1049 834 1211 894 Neuburg

208 886 318 946 fleißig
340 885 374 945 am
424 882 601 942 Schiffbau
635 885 829 945 gearbeitet.
874 885 963 945 Vier
991 884 1124 944 Schiffe
1152 881 1218 941 sind

205 933 269 993 wie
291 936 362 996 man
390 933 475 993 hört,
499 933 584 993 schon
612 933 710 993 völlig
743 936 862 996 fertig.
911 935 1020 995 Jedes
1053 933 1210 993 derselben

204 987 281 1047 kann
318 986 514 1046 wenigstens
545 984 607 1044 mit
638 985 674 1045 30
721 985 881 1045 Kanonen
917 984 1041 1044 besetzet
1067 984 1217 1044 werden.

205 1035 307 1095 Diese
330 1037 510 1097 Fahrzeuge
539 1036 652 1096 können
686 1034 743 1094 von
772 1037 884 1097 grossem
919 1035 1037 1095 Nutzen
1066 1034 1156 1094 seyn,
1173 1033 1218 1093 in¬

199 1088 250 1148 dem
293 1088 365 1148 man
392 1088 484 1148 unter
511 1088 558 1148 der
579 1085 766 1145 Bedeckung
787 1085 870 1145 ihrer
892 1086 1047 1146 Kanonen
1074 1085 1219 1145 überall,

206 1138 255 1198 wo
278 1139 310 1199 es
327 1139 438 1199 nöthig
466 1139 527 1199 seyn
556 1136 693 1196 möchte,
717 1136 866 1196 leichtlich
889 1136 1032 1196 Brücken
1056 1135 1216 1195 schlagen,

205 1190 382 1250 Convoyen
427 1187 571 1247 bedecken
622 1184 682 1244 und
733 1183 788 1243 die
827 1187 949 1247 Feinde
983 1186 1204 1246 beunruhigen

203 1237 318 1297 kann.

380 1274 707 1334 Copenhagen,
730 1276 791 1336 vom
842 1278 902 1338 22.
931 1276 1041 1336 Sept.

253 1320 331 1380 Se.
348 1324 553 1384 Hochfürstl.
569 1324 711 1384 Durchl.
739 1323 786 1383 der
813 1324 976 1384 Erbprinz
998 1324 1050 1384 von
1082 1321 1214 1381 Hessen¬

199 1375 310 1435 Cassel
327 1372 390 1432 und
418 1369 508 1429 Dero
540 1371 726 1431 Gemahlin
764 1372 907 1432 Königl.
929 1372 1072 1432 Hoheit,
1100 1367 1205 1427 kamen

204 1424 256 1484 den
289 1421 379 1481 17ten
411 1416 506 1476 dieses
533 1416 559 1476 in
591 1417 723 1477 hiesiger
750 1418 861 1478 Stadt
878 1419 936 1479 von
963 1416 1206 1476 Friedensburg

197 1473 259 1533 und
285 1470 394 1530 zuletzt
415 1467 472 1527 von
498 1467 690 1527 Hirschholm
727 1467 783 1527 an.
836 1465 913 1525 Den
945 1467 1037 1527 18ten
1064 1464 1198 1524 begaben

200 1521 277 1581 Sie
300 1520 349 1580 sich
378 1518 405 1578 zu
433 1518 483 1578 den
517 1518 660 1578 Königl.
678 1515 822 1575 Prinzen
850 1515 916 1575 nach
944 1515 1199 1575 Friedrichsberg

201 1572 262 1632 und
292 1569 343 1629 den
372 1566 462 1626 19ten
492 1569 588 1629 traten
623 1566 691 1626 Sie
714 1566 805 1626 Dero
829 1566 925 1626 Reise
949 1566 1022 1626 nach
1051 1563 1210 1623 Deutsch=

197 1621 281 1681 land
303 1622 366 1682 an.

483 1667 633 1727 Genf,
659 1667 708 1727 den
747 1666 784 1726 7.
816 1664 928 1724 Sept.

248 1722 351 1782 Unsre
373 1721 487 1781 Stadt
510 1721 674 1781 wimmelt
696 1721 750 1781 von
778 1721 959 1781 Fremden,
987 1719 1046 1779 und
1085 1718 1133 1778 die
1167 1717 1215 1777 ge¬

198 1775 339 1835 ringsten
374 1774 538 1834 Gasthöfe
562 1774 623 1834 sind
652 1774 697 1834 bis
726 1773 776 1833 auf
799 1774 844 1834 die
867 1773 1003 1833 obersten
1027 1769 1139 1829 Böden
1163 1767 1213 1827 an=

197 1822 336 1882 gefüllt.
384 1819 463 1879 Den
491 1819 729 1879 Schauspielen
758 1819 808 1879 des
837 1818 939 1878 Herrn
973 1819 1028 1879 von
1052 1817 1201 1877 Voltaire

202 1867 318 1927 welche
347 1864 548 1924 vergangnen
586 1861 749 1921 Dienstag
778 1858 866 1918 ihren
913 1859 1049 1919 Anfang
1082 1858 1217 1918 genom¬

194 1918 292 1978 men,
329 1911 427 1971 haben
470 1908 527 1968 wir
559 1907 657 1967 dieses
689 1903 918 1963 gröstentheils
949 1903 1214 1963 zuzuschreiben.

200 1966 313 2026 Heute
330 1959 411 2019 wird
433 1956 503 2016 eins
537 1954 752 2014 aufgeführt,
780 1951 916 2011 worauf
938 1951 1008 2011 eine
1035 1948 1208 2008 Mahlzeit

200 2017 307 2077 folgt,
318 2009 448 2069 welcher
475 2005 518 2065 die
546 2005 691 2065 Herzoge
714 2002 767 2062 von
806 2002 967 2062 Randan,
995 2000 1021 2060 la
1050 1999 1211 2059 Trimoil,

200 2067 232 2127 le
254 2064 389 2124 Larges,
417 2055 477 2115 und
504 2053 552 2113 die
575 2054 699 2114 Grafen
733 2052 786 2112 von
814 2052 982 2112 Harcourt
1004 2051 1090 2111 nebst
1102 2049 1199 2109 vielen

196 2115 311 2175 andern
353 2106 451 2166 hohen
481 2103 649 2163 Personen
690 2103 858 2163 beyderley
893 2106 1096 2166 Geschlechts
1132 2100 1212 2160 bey¬

200 2163 378 2223 wohnen.

440 2205 659 2265 Livorno,
690 2205 749 2265 den
785 2205 850 2265 23.
874 2208 968 2268 Aug.

241 2261 309 2321 Die
333 2258 602 2318 misvergnügten
637 2252 751 2312 Corsen
781 2253 878 2313 haben
913 2257 981 2317 nach
1016 2255 1067 2315 der
1085 2250 1211 2310 Ueber¬

200 2315 395 2375 rumpelung
425 2306 477 2366 von
514 2303 708 2363 Erbalonga
738 2303 791 2363 die
815 2305 986 2365 Genueser
1016 2306 1039 2366 in
1076 2302 1193 2362 dasigen

202 2366 375 2426 Gegenden
406 2357 480 2417 noch
505 2354 597 2414 mehr
623 2351 876 2411 eingeschränkt,
901 2357 962 2417 und
988 2356 1012 2416 in
1050 2354 1098 2414 den
1136 2348 1210 2408 vor¬

204 2414 363 2474 fallenden
399 2405 652 2465 Scharmutzeln
700 2402 847 2462 behalten
895 2408 936 2468 sie
966 2404 1125 2464 allemahl
1161 2399 1207 2459 die

203 2461 411 2521 Oberhand,
452 2455 601 2515 worüber
628 2449 679 2509 sich
714 2454 889 2514 diejenigen
929 2452 1131 2512 Einwohner
1158 2446 1203 2506 der

210 2509 326 2569 Insel,
348 2508 402 2568 die
423 2506 458 2566 es
479 2503 554 2563 noch
576 2500 637 2560 mit
658 2497 705 2557 den
741 2506 926 2566 Genuesern
961 2503 1099 2563 halten,
1134 2497 1202 2557 sehr

206 2557 358 2617 schwürig
384 2554 562 2614 bezeugen,
582 2550 658 2610 weil
678 2548 716 2608 sie
736 2552 780 2612 sich
806 2557 863 2617 für
883 2557 1029 2617 verlassen
1055 2549 1182 2609 halten.

477 2599 631 2659 Brest,
657 2597 715 2657 vom
761 2600 799 2660 5.
825 2605 940 2665 Sept.

200 2706 376 2766 Fregatten
402 2697 609 2757 ausgerüstet
628 2697 772 2757 werden,
786 2701 816 2761 um
855 2706 942 2766 4000
974 2703 1081 2763 Mann
1107 2700 1213 2760 Trup=

196 2762 256 2822 pen
290 2759 356 2819 nach
384 2754 430 2814 den
464 2748 577 2808 Inseln
604 2748 637 2808 de
658 2748 778 2808 France
805 2751 864 2811 und
886 2753 918 2813 de
939 2754 1092 2814 Bourbon
1126 2751 1212 2811 nebst

206 2814 259 2874 dem
308 2807 398 2867 Hrn.
423 2799 531 2859 Bazin
568 2798 603 2858 de
628 2796 657 2856 la
688 2799 959 2859 Galissonniere,
984 2805 1116 2865 welchen
1153 2802 1207 2862 der

205 2862 313 2922 König
343 2858 394 2918 zum
432 2849 657 2909 Gouverneur
680 2849 773 2909 dieser
796 2851 905 2911 Jnseln
935 2858 1073 2918 ernannt
1096 2855 1160 2915 hat,
1176 2851 1204 2911 zu

198 2914 448 2974 überbringen.

1500 339 1706 399 Toulon,
1749 345 1803 405 den
1841 345 1901 405 30.
1926 345 2017 405 Aug.

1301 386 1345 446 An
1374 388 1423 448 dem
1469 389 1552 449 Fort
1570 389 1597 449 la
1625 390 1770 450 Malgue
1793 390 1871 450 wird
1905 392 2083 452 unabläßig
2117 392 2273 452 fortgear¬

1251 437 1370 497 beitet,
1397 440 1459 500 und
1490 437 1516 497 es
1553 437 1672 497 werden
1710 440 1865 500 gewaltig
1897 442 1980 502 viele
2002 443 2152 503 Steine,
2179 444 2282 504 Kalk,

1253 487 1358 547 Sand
1386 488 1444 548 und
1471 488 1571 548 andre
1588 490 1810 550 Materialien
1837 491 2101 551 dahingeschaft.
2129 490 2197 550 Alle
2214 491 2282 551 Ta¬

1246 540 1282 600 ge
1308 539 1401 599 langt
1423 539 1693 599 Schifsbauholz
1719 539 1786 599 hier
1818 539 1890 599 an,
1922 540 1984 600 und
2021 539 2088 599 man
2125 539 2280 599 erwartet

1245 586 1319 646 noch
1349 586 1468 646 vieles.
1518 586 1597 646 Vom
1648 585 1716 645 7ten
1751 586 1960 646 September
1990 586 2074 646 wird
2104 589 2282 649 gemeldet,

1256 634 1312 694 daß
1344 637 1396 697 der
1417 637 1489 697 Hr.
1511 637 1562 697 von
1594 637 1832 697 Montenard,
1860 635 2062 695 Inspecteur
2093 637 2145 697 der
2172 638 2285 698 Trup¬

1251 686 1309 746 pen
1347 685 1373 745 in
1400 685 1453 745 der
1474 687 1612 747 hiesigen
1639 687 1793 747 Provinz
1820 687 1889 747 nach
1916 686 2091 746 Marseille
2118 688 2282 748 abgegan¬

1251 738 1307 798 gen
1338 736 1405 796 sey,
1431 736 1467 796 um
1509 736 1643 796 daselbst
1664 736 1720 796 wie
1741 736 1808 796 man
1840 736 1937 796 hört,
1964 736 2129 796 Anstalten
2155 736 2263 796 wegen

1256 783 1472 843 Einschiffung
1499 784 1551 844 der
1573 786 1725 846 Truppen
1757 786 1783 846 zu
1815 784 1968 844 machen,
2000 783 2047 843 die
2074 784 2126 844 der
2153 783 2258 843 König

1253 834 1321 894 nach
1354 831 1475 891 Corsica
1502 834 1623 894 schickt.
1672 831 1719 891 Es
1746 836 1804 896 sind
1836 836 1915 896 dazu
1948 831 1994 891 die
2022 834 2270 894 Infanteriere¬

1253 882 1418 942 gimenter
1449 882 1503 942 von
1534 882 1725 942 Rovergue,
1751 882 2072 942 Royal=Roussillon
2103 882 2163 942 und
2188 881 2268 941 Lan¬

1252 934 1370 994 guedoc
1395 933 1537 993 ernannt
1557 933 1704 993 worden,
1730 933 1793 993 und
1818 933 1852 993 sie
1877 933 2000 993 werden
2020 933 2093 993 eher
2109 930 2270 990 abgehen,

1248 982 1295 1042 als
1323 984 1391 1044 man
1423 984 1555 1044 gedacht
1582 985 1687 1045 hatte,
1709 986 1788 1046 weil
1804 984 1873 1044 ihre
1900 981 2111 1041 Gegenwart
2128 981 2265 1041 daselbst

1247 1034 1314 1094 sehr
1354 1034 1472 1094 nöthig
1512 1036 1579 1096 ist,
1626 1037 1687 1097 und
1733 1037 1783 1097 die
1823 1037 1976 1097 Rebellen
2022 1034 2140 1094 immer
2169 1033 2258 1093 mehr

1244 1083 1384 1143 Terrain
1418 1085 1614 1145 gewinnen.

1493 1136 1666 1196 Paris,
1695 1133 1750 1193 den
1797 1134 1863 1194 19.
1897 1133 2014 1193 Sept.

1295 1182 1340 1242 Am
1386 1184 1487 1244 29sten
1518 1184 1568 1244 des
1594 1184 1792 1244 verwichnen
1823 1181 1969 1241 Monats
2005 1180 2070 1240 war
2101 1178 2167 1238 eine
2198 1177 2263 1237 me¬

1243 1231 1409 1291 dicinische
1430 1230 1689 1290 Versammlung
1720 1228 1776 1288 bey
1812 1228 1867 1288 dem
1913 1225 2010 1285 Hrn.
2036 1225 2070 1285 de
2102 1219 2263 1279 l'Epine,

1242 1276 1271 1336 in
1307 1276 1440 1336 welcher
1470 1276 1519 1336 die
1550 1274 1673 1334 Herren
1704 1276 1847 1336 Astruc,
1877 1273 2026 1333 Cochin,
2051 1270 2169 1330 Baron
2205 1270 2258 1330 der

1248 1322 1429 1382 Jüngere,
1455 1322 1677 1382 Vendelhan,
1704 1321 1916 1381 Marquardt
1943 1321 2004 1381 und
2036 1318 2180 1378 l'Epine
2207 1318 2258 1378 der

1247 1369 1428 1429 Meynung
1452 1369 1586 1429 waren,
1615 1370 1658 1430 die
1682 1372 1902 1432 Inoculation
1931 1367 1983 1427 der
2003 1367 2156 1427 Blattern
2185 1367 2261 1427 vor¬

1241 1416 1361 1476 gängig
1392 1418 1422 1478 zu
1458 1416 1650 1476 verbieten,
1676 1419 1742 1479 doch
1778 1416 1863 1476 sollte
1894 1416 1929 1476 sie
1960 1416 2086 1476 erlaubt
2112 1416 2253 1476 werden,

1248 1463 1335 1523 wenn
1366 1464 1408 1524 sie
1429 1464 1485 1524 erst
1516 1467 1702 1527 auswärtig
1733 1467 1764 1527 zu
1796 1464 1930 1524 größrer
1956 1464 2260 1524 Vollkommenheit

1248 1515 1428 1575 gekommen
1460 1515 1562 1575 wäre.
1615 1518 1666 1578 In
1703 1517 1785 1577 einer
1811 1515 1945 1575 zweyten
1982 1512 2260 1572 Versammlung,

1238 1560 1284 1620 die
1316 1566 1497 1626 ehegestern
1534 1566 1678 1626 gehalten
1715 1563 1875 1623 worden,
1922 1563 2077 1623 erklärten
2119 1563 2165 1623 sich
2202 1562 2248 1622 die

1242 1610 1364 1670 Herren
1392 1613 1508 1673 Petit,
1531 1613 1719 1673 Geoffroy,
1748 1613 1875 1673 Lerry,
1903 1610 2047 1670 Thierry
2081 1610 2141 1670 und
2170 1610 2253 1670 Ma¬

1243 1667 1335 1727 louät
1353 1667 1400 1727 für
1424 1665 1469 1725 die
1493 1666 1750 1726 Einpropfung,
1768 1666 1825 1726 und
1855 1664 1901 1724 die
1931 1661 2105 1721 Meynung
2135 1661 2256 1721 behielt

1243 1721 1312 1781 auch
1342 1723 1428 1783 durch
1452 1721 1492 1781 52
1522 1721 1690 1781 Stimmen
1720 1719 1812 1779 gegen
1848 1718 1888 1778 25
1912 1717 1957 1777 die
1981 1715 2178 1775 Oberhand.

1478 1772 1684 1832 London,
1718 1773 1779 1833 vom
1824 1769 1890 1829 21.
1913 1769 2030 1829 Sept.

1299 1819 1374 1879 Den
1407 1822 1498 1882 18ten
1526 1822 1579 1882 des
1607 1822 1735 1882 Abends
1758 1821 1887 1881 langten
1920 1819 2081 1879 Depechen
2120 1818 2173 1878 von
2201 1817 2259 1877 un¬

1241 1864 1306 1924 serm
1355 1864 1518 1924 Minister
1545 1864 1571 1924 in
1602 1864 1742 1924 Lissabon
1774 1864 1839 1924 an,
1875 1864 1936 1924 und
1972 1864 2037 1924 man
2078 1864 2258 1924 vernimmt

1242 1906 1395 1966 seitdem,
1420 1908 1474 1968 daß
1513 1906 1602 1966 unser
1637 1906 1696 1966 und
1731 1906 1780 1966 der
1810 1906 2051 1966 Portugisische
2081 1906 2155 1966 Hof
2185 1909 2253 1969 eine

1242 1954 1448 2014 Convention
1483 1954 1635 2014 getroffen
1676 1954 1807 2014 haben,
1823 1951 1935 2011 welche
1966 1954 2192 2014 verschiedne,
2212 1957 2255 2017 die

1238 2005 1424 2065 Handlung
1451 2003 1514 2063 und
1541 2002 1732 2062 Schiffahrt
1759 2000 1933 2060 wesentlich
1966 2002 2156 2062 angehende
2178 2004 2263 2064 Ver¬

1243 2055 1407 2115 fügungen
1439 2052 1566 2112 betrift.
1593 2052 1661 2112 Zur
1678 2049 1894 2109 Vertreibung
1922 2049 1974 2109 der
1996 2049 2048 2109 von
2081 2050 2133 2110 dem
2171 2052 2255 2112 Volk

1240 2104 1386 2164 gehegten
1421 2100 1625 2160 Gedanken,
1654 2100 1710 2160 daß
1739 2100 1790 2160 der
1814 2100 1836 2160 im
1882 2103 1966 2163 May
1990 2100 2018 2160 in
2047 2100 2097 2160 der
2120 2103 2256 2163 Mittel¬

1234 2154 1411 2214 ländischen
1445 2149 1517 2209 See
1535 2154 1723 2214 geschehene
1746 2151 1907 2211 Vorfall,
1930 2151 1963 2211 da
1991 2154 2041 2214 die
2069 2151 2164 2211 gegen
2198 2151 2247 2211 die

1242 2205 1391 2265 Algierer
1419 2202 1589 2262 kreuzende
1618 2202 1805 2262 Spanische
1828 2205 2026 2265 Schebecken
2065 2202 2109 2262 ein
2137 2205 2258 2265 Engli¬

1245 2255 1325 2315 sches
1360 2249 1648 2309 Kauffarteyschiff
1677 2255 1873 2315 angegriffen
1914 2255 2046 2315 haben,
2081 2252 2167 2312 nebst
2197 2252 2248 2312 der

1238 2306 1369 2366 Affaire
1391 2300 1444 2360 von
1476 2303 1660 2363 Honduras
1687 2305 1739 2365 das
1767 2306 1840 2366 gute
1857 2305 2057 2365 Vernehmen
2089 2303 2147 2363 mit
2163 2305 2258 2365 Spa¬

1238 2354 1307 2414 nien
1345 2349 1567 2409 unterbrechen
1605 2356 1769 2416 könnten,
1802 2356 1860 2416 hat
1892 2355 1982 2415 unser
2014 2354 2088 2414 Hof
2110 2354 2253 2414 bekannt

1240 2404 1364 2464 machen
1393 2400 1512 2460 laßen:
1542 2402 1598 2462 daß
1628 2405 1678 2465 der
1701 2408 1827 2468 Angrif
1856 2407 1912 2467 auf
1936 2402 1986 2462 das
2016 2399 2118 2459 Engl.
2141 2402 2254 2462 Schiff

1241 2455 1306 2515 aus
1331 2449 1487 2509 Versehen
1524 2452 1577 2512 des
1602 2458 1806 2518 Spanischen
1837 2451 2101 2511 Commandeurs
2132 2449 2252 2509 gesche¬

1238 2502 1324 2562 hen,
1347 2500 1416 2560 auch
1444 2500 1498 2560 der
1520 2503 1655 2563 Schade
1678 2506 1775 2566 sofort
1797 2505 1851 2565 aus
1879 2503 1927 2563 dem
1966 2497 2101 2557 Arfenal
2118 2497 2144 2557 zu
2172 2499 2253 2559 Car¬

1239 2551 1377 2611 thagena
1411 2551 1538 2611 ersetzet
1555 2554 1682 2614 worden
1722 2557 1793 2617 sey,
1821 2553 1882 2613 und
1916 2548 1987 2608 Sr.
2004 2548 2131 2608 kathol.
2148 2550 2248 2610 Maj.

1241 2602 1298 2662 auf
1316 2600 1361 2660 die
1385 2601 1500 2661 disseits
1530 2607 1714 2667 geschehene
1738 2599 1945 2659 Vorstellung
1975 2599 2107 2659 Befehl
2131 2599 2246 2659 erthei¬

255 2652 300 2712 Es
334 2652 447 2712 müssen
487 2649 600 2709 allhier
628 2647 853 2707 unverzüglich
888 2655 898 2715 6
939 2654 1068 2714 Schiffe
1097 2652 1159 2712 und
1182 2649 1198 2709 4
1244 2649 1289 2709 let
1307 2649 1436 2709 haben,
1465 2651 1509 2711 die
1532 2658 1685 2718 Unkosten
1714 2652 1764 2712 für
1787 2648 1831 2708 die
1855 2646 1916 2706 Cur
1946 2649 1990 2709 der
2025 2652 2046 2712 in
2087 2652 2137 2712 der
2160 2649 2249 2709 Atta¬

1238 2700 1301 2760 que
1323 2700 1550 2760 verwundeten
1578 2706 1768 2766 Engländer
1790 2698 1815 2758 zu
1842 2700 2022 2760 bezahlen,
2054 2700 2239 2760 imgleichen

1245 2749 1298 2809 den
1328 2751 1517 2811 Englischen
1548 2756 1695 2816 Schiffer
1720 2751 1772 2811 für
1802 2748 1849 2808 den
1880 2751 2074 2811 Zeitverlust
2099 2749 2240 2809 schadloß

1249 2805 1276 2865 zu
1310 2802 1431 2862 halten,
1460 2804 1520 2864 und
1548 2807 1631 2867 einem
1676 2798 1864 2858 Passagier,
1887 2799 2014 2859 welcher
2042 2801 2125 2861 durch
2153 2797 2241 2857 einen

1248 2851 1361 2911 Schuß
1392 2852 1474 2912 einen
1511 2858 1578 2918 Arm
1620 2851 1764 2911 verloren
1801 2848 1914 2908 hatte,
1951 2849 2023 2909 eine
2049 2849 2250 2909 Gnadenbe¬

1240 2903 1388 2963 lohnung
1412 2904 1441 2964 zu
1466 2909 1607 2969 reichen.
1662 2904 1732 2964 Die
1751 2897 1981 2957 Vermählung
2018 2900 2070 2960 des
2095 2899 2242 2959 Herzogs

2167 2951 2235 3011 von
