2479 3508
220 343 366 403 21764,
393 350 430 410 14
469 347 526 407 und
565 342 578 402 1
610 342 724 402 halber
751 340 910 400 Bogen.”

972 340 1028 400 Ein
1070 342 1246 402 Scribent,

231 395 295 455 wie
318 397 366 457 der
394 392 654 452 gegenwärtige,
671 392 758 452 dessen
786 392 965 452 rühmliche
987 389 1242 449 Beschäftigung

231 445 371 505 gewesen
404 443 463 503 ist,
491 443 571 503 seine
594 440 788 500 Mitbürger
816 443 973 503 während
1011 440 1065 500 den
1098 439 1249 499 kriegeri¬

236 496 320 556 schen
352 491 463 551 Zeiten
506 491 595 551 durch
633 491 717 551 seine
744 491 886 551 beredten
924 489 1172 549 Vorstellungen
1210 491 1241 551 zu

237 543 344 603 Muth
382 541 441 601 und
474 539 609 599 Geduld
636 542 884 602 anzufrischen,
917 539 976 599 hat
1003 539 1073 599 eben
1111 536 1240 596 dadurch

239 592 285 652 ein
322 589 461 649 gewisses
498 591 678 651 Verdienst
705 589 761 649 vor
793 589 875 649 sich,
901 586 963 646 und
995 586 1061 646 eine
1094 586 1155 646 Art
1187 585 1243 645 von

236 640 404 700 günstigem
442 640 659 700 Vorurtheile
687 637 741 697 bey
774 637 828 697 der
856 634 1013 694 gelehrten
1046 635 1155 695 Welt,
1188 634 1247 694 das

240 691 327 751 jeder
358 688 420 748 von
457 691 554 751 seinen
591 688 746 748 Arbeiten
788 685 932 745 geneigte
963 683 1154 743 Aufnahme
1186 682 1257 742 ver¬

243 740 361 800 schaffen
393 739 486 799 muß.
533 739 610 799 Die
632 733 927 793 Betrachtungen,
953 733 999 793 die
1021 733 1083 793 wir
1109 730 1176 790 hier
1203 733 1259 793 an¬

236 789 375 849 zeigen,
401 786 556 846 ergreifen
582 785 638 845 von
670 784 721 844 der
743 784 959 844 Witterung,
986 784 1037 844 der
1063 781 1254 841 Fruchtbar¬

246 837 331 897 keit,
354 837 418 897 und
446 837 564 897 andern
598 831 744 891 Zufällen
782 833 836 893 des
874 834 1079 894 vergangnen
1124 831 1253 891 Jahrs,

246 885 489 945 Gelegenheit,
528 884 600 944 sehr
628 882 694 942 viel
717 882 993 942 Vernünftiges,
1033 879 1248 939 Erbauliches

240 933 301 993 und
323 933 540 993 Nutzbares,
569 932 601 992 in
635 933 685 993 der
719 931 774 991 dem
819 930 913 990 Hrn.
936 927 1041 987 Verf.
1064 928 1247 988 geläufigen

242 983 330 1043 guten
361 978 587 1038 Schreibart,
612 981 641 1041 zu
666 978 789 1038 sagen;
819 978 878 1038 und
913 975 1080 1035 verdienen
1115 975 1257 1035 vorzüg¬

235 1026 286 1086 lich
323 1025 375 1085 der
407 1025 636 1085 Durchlesung
674 1022 736 1082 und
768 1022 961 1082 Erwägung
998 1022 1108 1082 unsrer
1134 1022 1259 1082 Lands¬

236 1076 321 1136 leute
347 1073 530 1133 empfohlen
556 1073 586 1133 zu
612 1070 759 1130 werden.
820 1070 937 1130 Kostet
958 1073 983 1133 in
1014 1073 1247 1133 vorbemeldten

243 1124 458 1184 Kanterschen
488 1121 797 1181 Buchhandlungen
828 1118 839 1178 1
869 1119 903 1179 fl.

665 1169 847 1229 Sorau.

297 1213 397 1273 „Der
421 1225 527 1285 wahre
551 1221 762 1281 evangelische
793 1219 898 1279 Christ
917 1219 939 1279 in
981 1219 1028 1279 der
1052 1216 1258 1276 Einsamkeit

246 1267 364 1327 "unter
397 1273 446 1333 dem
495 1273 624 1333 Kreuze
647 1272 771 1332 JEsu,
798 1270 857 1330 wie
885 1270 912 1330 er
945 1267 1025 1327 sich,
1053 1267 1074 1327 in
1113 1267 1166 1327 der
1189 1264 1258 1324 Ge¬

244 1321 463 1381 „meinschaft
487 1321 538 1381 des
573 1319 694 1379 HErrn
730 1318 856 1378 JEsu,
880 1318 961 1378 ohne
990 1318 1157 1378 Aufhören
1192 1315 1255 1375 mit

253 1367 324 1427 "dem
369 1369 474 1429 Lobe,
497 1366 612 1426 Preise
652 1369 712 1429 und
746 1369 918 1429 Anbetung
951 1371 1090 1431 GOttes
1118 1367 1256 1427 beschäf¬

240 1415 343 1475 stigt.
392 1419 501 1479 Nebst
529 1419 703 1479 besondern
736 1419 904 1479 Morgen=
927 1418 986 1478 und
1019 1416 1253 1476 Abendgedan¬

246 1466 344 1526 *ken.
391 1468 530 1528 Zweyte
554 1469 651 1529 Aufl.
681 1467 733 1527 gr.
751 1467 832 1527 8vo,
867 1467 977 1527 1764,
1006 1467 1046 1527 18
1087 1466 1226 1526 Bogen.

241 1515 289 1575 Es
321 1517 384 1577 sind
411 1515 565 1575 Gebete,
598 1516 709 1576 welche
741 1515 799 1575 alle
832 1515 884 1575 das
917 1515 975 1575 Lob
1008 1514 1145 1574 GOttes
1178 1514 1230 1574 zum

246 1568 478 1628 Gegenstande
500 1566 630 1626 haben,
657 1566 765 1626 häufig
798 1564 857 1624 mit
879 1563 1041 1623 biblischen
1069 1563 1242 1623 Sprüchen

250 1616 476 1676 untermengt.
523 1611 594 1671 Die
621 1613 821 1673 Schreibart
842 1613 877 1673 ist
899 1610 1155 1670 ungeschmückt,
1182 1610 1243 1670 und

247 1661 323 1721 alles
352 1661 380 1721 zu
405 1661 601 1721 Erreichung
635 1658 687 1718 des
721 1660 926 1720 angezeigten
955 1658 1142 1718 Endzwecks
1176 1655 1257 1715 voll¬

247 1706 387 1766 kommen
425 1703 579 1763 dienlich.
635 1701 752 1761 Kostet
780 1700 808 1760 in
846 1700 1084 1760 vorbemeldten
1117 1700 1257 1760 Kanter¬

251 1754 331 1814 schen
364 1748 666 1808 Buchhandlungen
694 1745 709 1805 1
737 1746 769 1806 fl.
786 1746 801 1806 9
829 1745 882 1805 gr.

301 1821 534 1881 Ebendaselbst
554 1819 614 1879 sind
640 1819 695 1879 auf
714 1819 732 1879 1
757 1819 818 1879 und
849 1817 861 1877 1
893 1817 1003 1877 halben
1035 1817 1145 1877 Bogen
1183 1817 1237 1877 zum

247 1873 368 1933 vierten
396 1873 480 1933 male
502 1873 666 1933 aufgelegt
689 1870 842 1930 worden:
864 1867 1172 1927 "Abendgedanken
1199 1870 1257 1930 auf

262 1921 337 1981 "alle
359 1924 451 1984 sieben
484 1924 569 1984 Tage
592 1921 640 1981 der
668 1921 802 1981 Wochen
830 1918 883 1978 von
916 1920 965 1980 dem
1009 1921 1170 1981 Verfasser
1198 1918 1246 1978 des

250 1974 420 2034 "Christen
454 1975 475 2035 in
509 1974 564 2034 der
593 1972 819 2032 Einsamkeit,
847 1969 936 2029 nebst
964 1969 1057 2029 dessen
1091 1967 1256 2027 Morgen¬

261 2021 334 2081 "und
372 2023 589 2083 Abendlied."
653 2018 727 2078 Die
759 2019 938 2079 Gedanken
982 2017 1044 2077 sind
1082 2017 1235 2077 erbaulich

250 2073 313 2133 und
350 2076 376 2136 in
419 2070 508 2130 ihrer
540 2068 756 2128 Einkleidung
794 2067 935 2127 herrscht
968 2064 1014 2124 die
1052 2064 1246 2124 rednerische

249 2121 430 2181 Sprache,
460 2121 548 2181 deren
578 2118 646 2178 man
676 2115 753 2175 schon
788 2117 812 2177 in
847 2118 901 2178 den
931 2115 1043 2175 andern
1073 2114 1239 2174 Schriften

249 2172 349 2232 dieses
376 2169 576 2229 Scribenten
603 2166 756 2226 gewohnt
772 2163 825 2223 ist.
873 2163 946 2223 Die
963 2165 1168 2225 beygefügten
1190 2162 1253 2222 Lie¬

254 2220 303 2280 der
329 2217 384 2277 sind
414 2216 495 2276 nicht
526 2214 595 2274 eben
631 2212 686 2272 von
722 2211 888 2271 besonderm
928 2214 1079 2274 Werthe.
1130 2212 1245 2272 Kosten

251 2267 282 2327 in
310 2264 541 2324 vorbemeldten
575 2261 779 2321 Kanterschen
807 2261 1109 2321 Buchhandlungen
1136 2264 1146 2324 6
1180 2262 1227 2322 gr.

444 2365 645 2425 Schreiben
696 2363 734 2423 an
778 2364 866 2424 einen
911 2369 1074 2429 Freund.

391 2518 488 2578 Mein
525 2518 637 2578 Herr.

251 2595 382 2655 Fragen
414 2590 483 2650 Sie
508 2592 564 2652 nur
584 2589 689 2649 nicht,
715 2584 828 2644 warum
867 2584 903 2644 ich
929 2586 954 2646 so
973 2590 1067 2650 lange
1092 2589 1173 2649 nicht
1199 2586 1248 2646 ge¬

241 2642 394 2702 schrieben
423 2641 520 2701 habe.
549 2641 628 2701 Das
657 2636 736 2696 kann
766 2632 805 2692 ich
829 2634 942 2694 Ihnen
971 2638 1050 2698 recht
1068 2638 1096 2698 im
1131 2636 1250 2696 Ernste

242 2691 419 2751 erzahlen,
453 2688 508 2748 daß
542 2688 580 2748 ich
614 2687 664 2747 itzt
692 2683 775 2743 ganz
803 2679 897 2739 unter
925 2682 975 2742 den
1009 2685 1108 2745 lieben
1148 2686 1236 2746 Alten

241 2737 417 2797 vergraben
444 2733 534 2793 sitze;
561 2736 619 2796 und
646 2733 715 2793 eben
747 2730 822 2790 über
849 2727 966 2787 meinem
1003 2736 1168 2796 Umgange
1190 2736 1248 2796 mit

246 2787 295 2847 den
329 2787 449 2847 Todten
478 2784 554 2844 habe
578 2784 616 2844 ich
644 2784 787 2844 beynahe
809 2778 853 2838 die
876 2778 1030 2838 Lebenden
1064 2784 1240 2844 vergessen.

237 2838 396 2898 Zweifeln
425 2837 492 2897 Sie
516 2835 584 2895 noch
613 2834 743 2894 daran?
772 2829 896 2889 Wohl,
920 2826 942 2886 so
971 2829 1055 2889 sollen
1085 2832 1152 2892 Sie
1181 2834 1243 2894 mit

242 2889 327 2949 einem
371 2888 733 2948 kritischphilologischen
765 2883 881 2943 Briefe
900 2879 1028 2939 bestraft
1047 2885 1188 2945 werden.

1335 339 1424 399 Doch
1455 339 1503 399 ich
1534 340 1613 400 kann
1650 340 1679 400 so
1704 342 1958 402 unbarmherzig
1989 336 2073 396 nicht
2098 340 2200 400 seyn,
2225 344 2297 404 Sie

1288 386 1356 446 bloß
1389 386 1452 446 mit
1479 389 1616 449 tröcknen
1654 392 1936 452 Untersuchungen
1973 389 2004 449 zu
2037 386 2174 446 plagen.
2223 389 2296 449 Sie

1294 437 1373 497 sollen
1409 437 1469 497 mit
1490 437 1575 497 einer
1601 440 1741 500 leichtern
1777 442 1898 502 Strafe
1929 434 2171 494 wegkommen.
2221 437 2296 497 Sie

1292 488 1376 548 sollen
1408 485 1477 545 bloß
1504 487 1561 547 mit
1583 485 1641 545 mir
1668 490 1731 550 eine
1753 491 1863 551 Stelle
1885 489 1943 549 aus
1970 488 2023 548 dem
2060 485 2171 545 Ovid
2198 485 2293 545 lesen.

1289 538 1346 598 Jst
1370 536 1421 596 das
1451 536 1532 596 nicht
1550 539 1822 599 freundschaftlich
1846 539 2048 599 gehandelt?

1344 592 1387 652 Im
1447 592 1560 652 dritten
1604 597 1717 657 Buche
1756 598 1809 658 der
1842 600 2134 660 Verwandlungen
2178 598 2297 658 erzählt

1287 643 1424 703 Ovid,
1457 643 1519 703 wie
1546 646 1710 706 Actåon
1747 646 1805 706 von
1842 649 1979 709 Hunden
2017 649 2159 709 zerrissen
2197 647 2296 707 wird.

1293 694 1370 754 Nun
1396 691 1483 751 wäre
1510 691 1540 751 es
1572 694 1674 754 genug
1706 697 1876 757 gewesen,
1902 699 1927 759 zu
1969 697 2087 757 sagen,
2114 697 2144 757 es
2181 699 2283 759 wären

1291 742 1406 802 Hunde
1427 742 1487 802 aus
1513 742 1563 802 dem
1605 745 1726 805 Walde
1747 745 1959 805 gekommen,
1990 745 2050 805 und
2076 747 2131 807 auf
2152 748 2202 808 ihn
2238 748 2303 808 los¬

1285 792 1470 852 gegangen.
1518 789 1613 849 Doch
1641 792 1693 852 das
1720 792 1804 852 wäre
1831 794 1894 854 viel
1916 795 1942 855 zu
1975 792 2101 852 schlecht
2128 792 2175 852 für
2203 795 2287 855 einen

1291 838 1439 898 Poeten.
1476 840 1587 900 Ovid
1609 843 1714 903 wußte
1741 843 1788 903 den
1821 843 1968 903 Umstand
1995 843 2090 903 besser
2112 843 2143 903 zu
2171 843 2297 903 nutzen.

1295 888 1337 948 Er
1365 891 1456 951 zählt
1484 889 1543 949 uns
1581 889 1607 949 in
1651 891 1732 951 einem
1786 891 1888 951 Athem
1937 891 2007 951 eine
2034 894 2131 954 ganze
2164 891 2293 951 Koppel

1288 939 1411 999 Hunde
1433 939 1510 999 her;
1546 939 1608 999 und
1645 939 1727 999 nicht
1754 939 1846 999 allein
1878 936 1950 996 ihre
1972 942 2136 1002 Namen,
2163 942 2292 1002 sondern

1291 982 1361 1042 auch
1394 984 1442 1044 ihr
1470 986 1680 1046 Vaterland,
1703 984 1772 1044 ihre
1806 986 2038 1046 Genealogie,
2060 990 2130 1050 ihre
2158 991 2303 1051 Gestalt,

1285 1031 1354 1091 ihre
1384 1031 1541 1091 Aemter,
1565 1031 1633 1091 ihre
1663 1028 1820 1088 gehabten
1855 1034 2082 1094 Abentheuer.
2129 1035 2204 1095 Die
2233 1038 2296 1098 Er¬

1294 1077 1431 1137 zählung
1464 1079 1500 1139 ist
1527 1079 1696 1139 ungemein
1729 1077 1819 1137 lustig
1851 1077 1883 1137 zu
1915 1078 2015 1138 lesen.
2069 1082 2201 1142 Stellen
2228 1085 2296 1145 Sie

1293 1128 1339 1188 sich
1365 1127 1447 1187 vor,
1473 1125 1520 1185 als
1546 1124 1582 1184 ob
1603 1127 1732 1187 jemand
1764 1124 1846 1184 diese
1867 1124 1965 1184 Verse
1997 1127 2068 1187 laut
2095 1130 2301 1190 declamirte,

1289 1175 1350 1235 und
1387 1175 1438 1235 die
1470 1175 1682 1235 bezeichneten
1724 1172 1837 1232 Worte
1873 1175 1935 1235 mit
1967 1175 2090 1235 leiserer
2127 1179 2297 1239 Stimme,

1298 1225 1441 1285 gleichsam
1486 1225 1645 1285 seitwarts
1668 1225 1695 1285 ad
1723 1225 1944 1285 spectatores,
1972 1225 2182 1285 ausspräche.

1341 1288 1533 1348 Actåon,
1556 1286 1627 1346 nach
1656 1285 1749 1345 seiner
1772 1288 2021 1348 Verwandlung
2060 1288 2115 1348 zum
2154 1291 2303 1351 Hirsche,

1295 1339 1374 1399 steht
1391 1342 1442 1402 bey
1465 1341 1515 1401 sich
1539 1341 1606 1401 an,
1629 1339 1663 1399 ob
1692 1336 1719 1396 er
1743 1338 1765 1398 in
1794 1338 1890 1398 seinen
1919 1339 2049 1399 Pallast
2066 1340 2286 1400 zurückkehren

1293 1393 1366 1453 soll,
1379 1393 1453 1453 oder
1478 1391 1577 1451 nicht.
1627 1390 1737 1450 Indem
1781 1390 1805 1450 er
1831 1390 1886 1450 nun
1917 1390 2103 1450 unschlüssig
2128 1390 2214 1450 war,

1334 1461 1408 1521 Dum
1448 1461 1595 1521 dubitat,
1611 1461 1714 1521 videre
1739 1458 1852 1518 canes.
1888 1459 2085 1519 Primusque
2105 1458 2292 1518 Melampue

1292 1511 1551 1571 Ichnobatesque
1575 1509 1666 1569 sagax
1691 1509 1800 1569 latratu
1830 1506 1911 1566 signa
1936 1506 2074 1566 dedere:

1293 1560 1451 1620 Gnossius
1473 1560 1683 1620 Ichnobates,
1705 1557 1867 1617 Spartana
1894 1557 1989 1617 gente
2011 1557 2216 1617 Melampus.

1293 1609 1363 1669 Inde
1387 1608 1485 1668 ruunt
1504 1608 1560 1668 alii
1579 1606 1687 1666 rapida
1711 1602 1856 1662 velocius
1875 1604 1964 1664 aura.

1287 1652 1499 1712 Pamphagus
1523 1649 1554 1709 et
1572 1646 1717 1706 Dorceus
1741 1646 1767 1706 et
1791 1646 1972 1706 Oribasus:
2004 1650 2154 1710 Arcades
2177 1655 2299 1715 omnes.

1289 1691 1323 1751 Et
1345 1692 1482 1752 pedibus
1505 1691 1647 1751 Pterelas
1673 1689 1698 1749 et
1716 1688 1850 1748 naribus
1876 1690 1958 1750 vtilis
1984 1692 2078 1752 Agre,

1292 1733 1507 1793 Hylaeusque
1527 1733 1597 1793 fero
1622 1733 1717 1793 nuper
1748 1733 1952 1793 percussusab
1973 1733 2067 1793 apro.

1291 1786 1401 1846 Deque
1423 1784 1497 1844 lupo
1524 1784 1678 1844 concepta
1699 1784 1816 1844 Nape,
1843 1785 2044 1845 pecudesque
2077 1787 2176 1847 secuta

1288 1837 1488 1897 Poemenis,
1520 1837 1550 1897 et
1566 1837 1648 1897 natis
1675 1834 1829 1894 comitata
1855 1837 1999 1897 Harpyia
2020 1840 2169 1900 duobus:

1292 1926 1365 1986 Das
1394 1927 1455 1987 sind
1479 1927 1518 1987 sie
1541 1927 1608 1987 noch
1637 1927 1727 1987 lange
1751 1927 1835 1987 nicht
1853 1927 1926 1987 alle.

1336 1997 1374 2057 Et
1391 1996 1558 2056 substricta
1580 1996 1691 2056 gerens
1714 1997 1886 2057 Sicyonius
1904 1996 1958 2056 ilia
1987 1999 2120 2059 Ladon:

1287 2049 1321 2109 Et
1342 2046 1502 2106 Dromas,
1529 2046 1558 2106 et
1584 2046 1724 2106 Canace,
1750 2046 1931 2106 Sticteque,
1962 2046 1987 2106 et
2012 2046 2133 2106 Tigris,
2159 2049 2189 2109 et
2204 2052 2294 2112 Alce,

1287 2097 1326 2157 Et
1347 2097 1447 2157 niueis
1473 2097 1593 2157 Leucon
1619 2094 1649 2154 et
1669 2094 1749 2154 villis
1770 2097 1910 2157 Asbolus
1931 2097 2021 2157 atris.

1293 2167 1335 2227 Es
1362 2169 1506 2229 kommen
1538 2166 1655 2226 immer
1677 2166 1746 2226 noch
1773 2168 1863 2228 mehr
1890 2169 2023 2229 Hunde.

1335 2234 1609 2294 Praevalidusque
1630 2234 1758 2294 Lacon,
1790 2234 1820 2294 et
1841 2234 1924 2294 cursu
1950 2237 2048 2297 fortis
2069 2240 2177 2300 Aëllo,

1287 2288 1329 2348 Et
1351 2288 1478 2348 Thous,
1505 2285 1530 2345 et
1558 2285 1695 2345 Cyprio,
1717 2286 1807 2346 velox
1839 2285 1886 2345 cum
1929 2285 2029 2345 fratre
2051 2288 2194 2348 Lycisce,

1289 2339 1331 2399 Et
1358 2339 1468 2399 nigram
1506 2333 1601 2393 medio
1622 2333 1749 2393 frontem
1787 2333 1955 2393 distinctus
1977 2330 2008 2390 ab
2035 2333 2098 2393 albo

1281 2390 1477 2450 Harpalos,
1503 2383 1528 2443 et
1549 2381 1736 2441 Melaneus,
1757 2384 1943 2444 hirsutaque
1964 2381 2100 2441 corpore
2127 2384 2247 2444 Lachne

1286 2436 1347 2496 Et,
1353 2437 1441 2497 patre
1467 2433 1596 2493 Dictaeo
1622 2429 1669 2489 sed
1695 2435 1798 2495 matre
1824 2432 1974 2492 Laconide
2001 2431 2088 2491 nati,

1284 2488 1432 2548 Labros,
1459 2486 1490 2546 et
1507 2479 1671 2539 Ariodos,
1703 2482 1730 2542 et
1757 2482 1862 2542 acutae
1889 2482 1974 2542 vocis
1996 2482 2181 2542 Hylactor:

1289 2572 1367 2632 Nun
1402 2569 1532 2629 besinnt
1555 2564 1611 2624 sich
1646 2566 1697 2626 der
1726 2569 1867 2629 Dichter
1901 2569 1981 2629 erst,
2015 2570 2071 2630 daß
2112 2575 2168 2635 das
2202 2575 2281 2635 alles

1289 2622 1373 2682 nicht
1391 2621 1505 2681 hieher
1528 2614 1670 2674 gehörte.

1401 2691 1561 2751 Quosque
1593 2689 1710 2749 referre
1742 2691 1834 2751 mora
1866 2691 1927 2751 est.

1281 2775 1358 2835 Das
1383 2772 1492 2832 wären
1523 2773 1576 2833 also
1601 2778 1643 2838 33
1668 2778 1800 2838 Hunde.
1850 2778 1934 2838 Das
1959 2776 2055 2836 vierte
2080 2777 2176 2837 Theil
2195 2772 2285 2832 wäre

1278 2829 1382 2889 genug
1419 2821 1586 2881 gewesen,
1608 2827 1659 2887 den
1707 2826 1863 2886 Actäon
1906 2825 1937 2885 zu
1974 2825 2162 2885 zerreißen.

1277 2876 1364 2936 einem
1415 2873 1574 2933 komischen
1615 2876 1879 2936 Heldengedichte
1908 2874 2018 2934 würde
2058 2870 2134 2930 diese
2163 2870 2278 2930 Stelle

2210 2924 2275 2984 vor
