2479 3508
259 382 341 442 folge
366 380 495 440 Briefen
531 377 584 437 von
615 377 732 437 Aleppo
756 377 791 437 ist
816 377 868 437 der
887 377 987 437 Bassa
1017 377 1076 437 von
1100 377 1235 437 Bagdad

260 426 313 486 von
345 428 392 488 den
425 425 647 485 Janitscharen
674 425 822 485 abgesetzt
844 425 902 485 und
924 425 1151 485 stranguliret;
1173 425 1236 485 auch

255 476 374 536 melden
407 470 521 530 Briefe
543 467 597 527 von
624 473 781 533 Persien,
809 475 863 535 daß
901 473 1058 533 Kerinkam
1108 470 1156 530 sich
1189 472 1243 532 auf

260 521 313 581 dem
351 518 525 578 Persischen
552 521 657 581 Thron
690 521 896 581 maintenire.
944 518 1060 578 Dieser
1093 521 1182 581 Tage
1209 518 1246 578 ist

258 568 305 628 der
338 570 529 630 berüchtigte
557 569 594 629 du
626 571 802 631 Chatelet,
835 568 877 628 ein
910 569 1090 629 Camerade
1124 566 1176 626 des
1203 566 1256 626 be¬

260 616 394 676 kannten
426 618 627 678 Cartouche,
658 616 684 676 in
715 619 813 679 seinem
860 616 1103 676 Gefängnisse,
1129 613 1253 673 worin¬

262 664 315 724 nen
342 667 368 727 er
395 667 432 727 45
465 665 570 725 Jahre
593 664 747 724 gesessen,
774 661 961 721 gestorben.
1030 658 1105 718 Vor
1137 661 1232 721 seinem

266 712 354 772 Tode
374 715 428 775 hat
454 713 478 773 er
503 712 566 772 noch
597 710 793 770 verschiedne
823 709 1000 769 vergrabne
1025 706 1129 766 Güter
1159 706 1256 766 ange¬

263 765 386 825 zeiget,
410 763 534 823 wonach
558 760 608 820 itzt
626 760 745 820 gesucht
762 757 858 817 wird.
916 759 983 819 Aus
1018 756 1137 816 Corsica
1171 754 1244 814 wird

267 810 442 870 gemeldet,
469 806 519 866 daß
556 806 607 866 die
633 807 783 867 Rebellen
820 806 866 866 sich
903 806 984 866 eines
1011 804 1160 864 Thurms
1197 804 1253 864 auf

269 856 316 916 der
343 855 455 915 Spitze
482 852 534 912 von
562 855 731 915 Capocorse
758 855 948 915 bemächtigt
965 855 1081 915 haben.
1108 850 1183 910 Der
1204 849 1251 909 sich

265 905 289 965 so
320 903 490 963 nennende
517 901 622 961 Prinz
652 903 707 963 von
743 903 899 963 Angola,
934 902 1065 962 welcher
1091 899 1161 959 hier
1186 897 1251 957 viel

264 953 443 1013 Aufsehens
466 951 629 1011 gemacht,
651 950 688 1010 ist
710 948 804 1008 dieser
826 950 916 1010 Tage
949 948 1001 1008 von
1039 948 1123 1008 einem
1161 945 1261 1005 Com¬

266 995 385 1055 missair
409 998 466 1058 und
495 998 576 1058 einem
620 995 762 1055 Exemten
792 995 925 1055 arretirt
945 995 1002 1055 und
1031 995 1083 1055 ins
1107 991 1260 1051 Gefäng¬

265 1045 321 1105 niß
347 1040 510 1100 gebracht.

517 1085 714 1145 London,
751 1084 804 1144 den
841 1082 905 1142 27.
932 1082 1011 1142 Jul.

315 1131 389 1191 Die
421 1133 653 1193 Domestiquen
696 1130 781 1190 einer
813 1130 913 1190 hohen
951 1130 1104 1190 Person,
1131 1129 1257 1189 welcher

268 1187 350 1247 nicht
373 1184 445 1244 über
467 1184 478 1244 6
512 1184 539 1244 im
584 1183 700 1243 ganzen
734 1181 916 1241 Königreich
956 1179 978 1239 im
1023 1178 1116 1238 Rang
1150 1175 1260 1235 vorge¬

269 1237 346 1297 hen,
362 1233 501 1293 brachten
533 1231 646 1291 neulich
672 1231 713 1291 ein
744 1231 904 1291 ungemein
936 1228 1086 1288 kostbares
1112 1224 1168 1284 und
1195 1222 1261 1282 vor¬

269 1283 423 1343 trefliches
452 1279 667 1339 französisches
690 1279 783 1339 Kleid
811 1279 866 1339 für
894 1279 977 1339 ihren
1005 1276 1109 1336 Herrn
1143 1273 1253 1333 allhier

263 1333 323 1393 an.
373 1330 445 1390 Die
468 1327 823 1387 Zollhausbedienten,
846 1330 895 1390 die
913 1327 978 1387 ihre
1002 1325 1123 1385 Pflicht
1152 1324 1257 1384 inacht

267 1381 431 1441 nahmen,
458 1378 680 1438 bemächtigten
708 1377 755 1437 sich
782 1377 956 1437 desselben,
979 1378 1047 1438 eben
1084 1375 1116 1435 da
1143 1372 1174 1432 es
1207 1373 1259 1433 ge¬

264 1428 367 1488 landet
394 1425 482 1485 war,
520 1425 577 1485 und
609 1425 744 1485 machten
781 1425 827 1485 sich
860 1422 979 1482 fertig,
1006 1422 1147 1482 solches,
1168 1422 1251 1482 einer

267 1475 559 1535 Parlamentsacte
580 1471 725 1531 zufolge,
746 1472 777 1532 zu
807 1471 1029 1531 verbrennen,
1055 1470 1180 1530 worauf
1206 1467 1256 1527 ge¬

267 1523 372 1583 dachte
400 1521 574 1581 Bedienten
612 1521 680 1581 nach
713 1521 797 1581 ihrem
835 1518 940 1578 Herrn
973 1518 1089 1578 liefen,
1116 1516 1153 1576 um
1201 1516 1248 1576 ihn

270 1577 295 1637 zu
327 1569 467 1629 Rettung
493 1567 544 1627 des
571 1566 700 1626 Kleides
727 1567 757 1627 zu
779 1566 1002 1626 interessiren,
1028 1566 1116 1626 indem
1158 1566 1189 1626 sie
1210 1566 1261 1626 ge¬

264 1616 321 1676 wiß
346 1616 471 1676 waren,
495 1616 553 1676 daß
582 1616 731 1676 dasselbe,
756 1613 837 1673 wenn
871 1613 895 1673 er
915 1613 944 1673 es
968 1613 1146 1673 beorderte,
1170 1610 1256 1670 wür¬

267 1661 296 1721 de
322 1660 508 1720 abgeliefert
534 1661 671 1721 werden.
701 1659 770 1719 Sie
795 1656 947 1716 erzählten
973 1655 1022 1715 ihm
1062 1655 1106 1715 die
1131 1655 1253 1715 Sache,

267 1703 296 1763 er
320 1703 455 1763 verwies
479 1703 508 1763 es
532 1703 623 1763 ihnen
653 1700 724 1760 aber
754 1699 816 1759 sehr
846 1697 942 1757 hart,
971 1699 1024 1759 daß
1058 1697 1091 1757 sie
1121 1697 1168 1757 sich
1202 1697 1260 1757 un¬

271 1745 481 1805 terstünden,
520 1745 606 1805 einen
640 1743 773 1803 einzigen
812 1740 960 1800 Artikel,
999 1737 1128 1797 welcher
1157 1739 1252 1799 wider

276 1796 320 1856 die
348 1790 470 1850 Gesetze
493 1793 604 1853 wäre,
626 1788 865 1848 einzuführen,
888 1787 948 1847 und
977 1787 1005 1847 er
1027 1787 1155 1847 befahl,
1183 1787 1254 1847 alles

274 1846 393 1906 sogleich
423 1843 450 1903 zu
480 1843 698 1903 verbrennen.
744 1840 852 1900 Wenn
882 1839 973 1899 dieses
996 1837 1133 1897 erhabne
1157 1835 1265 1895 Exem¬

272 1897 343 1957 pel,
373 1897 462 1957 sagen
499 1894 587 1954 unsre
618 1891 820 1951 Patrioten,
850 1891 1058 1951 Nachahmer
1084 1888 1208 1948 fände,
1232 1889 1255 1949 so

272 1945 399 2005 würden
426 1942 484 2002 wir
512 1942 569 2002 nur
591 1942 713 2002 wenige
740 1940 856 2000 Klagen
884 1939 936 1999 von
969 1936 1181 1996 Spitalfields
1208 1938 1260 1998 hö¬

272 1994 354 2054 ren,
380 1993 436 2053 und
463 1991 529 2051 noch
555 1990 715 2050 wenigere
736 1987 849 2047 Weber
880 1989 953 2049 nach
984 1984 1159 2044 entfernten
1185 1987 1256 2047 Na¬

272 2043 374 2103 tionen
412 2040 442 2100 um
489 2037 597 2097 Brodt
623 2037 732 2097 fliehen
763 2034 871 2094 sehen.
923 2033 1011 2093 Doch
1048 2032 1166 2092 leider,
1193 2034 1259 2094 eine

276 2091 372 2151 große
395 2088 497 2148 Seele
526 2088 565 2148 ist
589 2085 679 2145 selten
714 2085 759 2145 die
783 2082 958 2142 Gefährtin
993 2081 1105 2141 großer
1130 2079 1265 2139 Glücks¬

278 2140 392 2200 züter.

381 2184 445 2244 Aus
473 2181 554 2241 einem
598 2178 711 2238 Briefe
734 2178 793 2238 aus
820 2178 864 2238 der
886 2178 977 2238 Insel
994 2175 1157 2235 Bermuda

630 2221 685 2281 vom
736 2223 795 2283 12.
826 2223 921 2283 Jun.

324 2270 457 2330 Gestern
491 2267 640 2327 erhielten
674 2267 734 2327 wir
762 2268 812 2328 die
846 2272 1051 2332 zuverläßige
1074 2267 1262 2327 Nachricht,

273 2323 328 2383 daß
357 2321 400 2381 ein
429 2316 646 2376 französisches
669 2312 880 2372 Kriegsschiff
898 2317 908 2377 6
931 2318 1159 2378 Bermudische
1182 2315 1271 2375 Cha¬

274 2370 409 2430 luppen,
426 2366 485 2426 und
513 2363 524 2423 2
551 2361 605 2421 von
633 2361 872 2421 Neu=England
900 2368 975 2428 nahe
1003 2367 1030 2427 an
1063 2366 1182 2426 Turcks
1205 2363 1264 2423 Ey=

280 2423 350 2483 land
375 2412 593 2472 genommen,
617 2408 675 2468 und
706 2408 770 2468 nach
794 2410 847 2470 dem
889 2414 947 2474 Cap
977 2414 1130 2474 Francois
1154 2411 1266 2471 gefüh=

279 2470 328 2530 ret
351 2468 444 2528 habe.
489 2459 571 2519 Wir
588 2453 736 2513 wundern
764 2458 824 2518 uns
847 2461 995 2521 hierüber
1018 2458 1204 2518 destomehr,
1222 2457 1254 2517 da

275 2516 322 2576 die
347 2515 456 2575 Insel
481 2509 609 2569 Turcks
652 2504 743 2564 unter
786 2508 999 2568 französischer
1042 2507 1248 2567 Bothmäßig

279 2566 343 2626 keit
361 2563 472 2623 stehet.

497 2603 722 2663 Lissabon,
762 2596 813 2656 den
846 2600 909 2660 26.
936 2604 1032 2664 Jun.

328 2657 441 2717 Unsere
474 2652 738 2712 Tobackspacht,
772 2643 885 2703 welche
912 2649 1253 2709 gewöhnlichermaßen

280 2710 296 2770 3
325 2706 432 2766 Jahre
461 2703 596 2763 dauret,
625 2700 664 2760 ist
693 2695 749 2755 von
784 2689 835 2749 dem
881 2692 1005 2752 Könige
1034 2697 1090 2757 auf
1113 2698 1129 2758 9
1158 2697 1265 2757 Jahre

278 2754 309 2814 an
342 2751 415 2811 Don
442 2748 590 2808 Anselmo
617 2747 701 2807 Jose
723 2742 754 2802 da
781 2739 891 2799 Cruz,
924 2742 1008 2802 einen
1041 2745 1172 2805 Bruder
1205 2742 1257 2802 von

279 2802 330 2862 dem
370 2796 732 2856 Generalschatzmeister
760 2789 811 2849 für
835 2787 992 2847 2200000
1021 2795 1185 2855 Cruzados
1214 2792 1264 2852 des

282 2849 408 2909 Jahres
436 2847 602 2907 überlaßen
630 2847 783 2907 worden.

1535 382 1709 442 Algier,
1740 383 1796 443 vom
1846 381 1907 441 28.
1939 379 2032 439 Jun.

1339 422 1427 482 Seit
1447 422 1453 482 5
1473 426 1606 486 Wochen
1633 428 1690 488 sind
1716 430 1741 490 in
1773 431 1818 491 dem
1864 428 1991 488 hiesigen
2017 425 2112 485 Hafen
2139 425 2151 485 4
2183 425 2272 485 Spa=

1290 469 1387 529 nische
1411 470 1549 530 Prisen,
1580 475 1636 535 von
1672 478 1799 538 welchen
1834 479 1845 539 3
1881 479 1938 539 mit
1961 475 2054 535 Korn
2089 473 2147 533 und
2170 473 2187 533 1
2217 473 2274 533 mit

1291 520 1397 580 Zucker
1429 521 1556 581 beladen
1594 524 1731 584 waren,
1753 525 1959 585 aufgebracht
1986 521 2134 581 worden.
2193 518 2267 578 Der

1287 566 1375 626 Herr
1398 566 1447 626 von
1481 569 1602 629 Arboe,
1631 572 1758 632 welcher
1781 573 1825 633 als
1853 574 1991 634 Königl.
2003 569 2175 629 Dänischer
2197 568 2274 628 Con¬

1292 615 1333 675 sul
1352 613 1399 673 den
1429 616 1530 676 Herrn
1561 620 1697 680 Plojard
1722 622 1906 682 abgelöset,
1930 622 1965 682 ist
1984 619 2043 679 vor
2067 621 2168 681 kurzem
2211 616 2269 676 hier

1282 661 1539 721 angekommen.

1495 714 1772 774 Stockholm,
1794 715 1852 775 vom
1901 715 1959 775 21.
1986 715 2071 775 Jul.

1329 754 1408 814 Der
1443 760 1578 820 Königin
1618 760 1776 820 Majestät
1799 760 1895 820 haben
1929 760 2059 820 kürzlich
2093 761 2144 821 von
2178 763 2268 823 Ihro

1291 804 1429 864 Russisch
1457 807 1606 867 Kayserl.
1629 807 1795 867 Majestät
1823 807 1867 867 ein
1896 807 2039 867 Präsent
2061 807 2117 867 von
2151 807 2167 867 6
2200 810 2277 870 schö¬

1283 853 1341 913 nen
1368 852 1511 912 Pferden
1538 855 1702 915 erhalten.
1752 855 1905 915 Dagegen
1943 855 2038 915 haben
2071 855 2123 915 des
2146 855 2272 915 Königs

1291 903 1388 963 Maj.
1405 903 1453 963 den
1487 900 1621 960 Russisch
1649 903 1795 963 Kayserl.
1812 903 1952 963 Obristen
1980 903 2104 963 Fürsten
2132 903 2185 963 von
2213 905 2277 965 Ba¬

1290 948 1481 1008 ratinskoy,
1506 950 1635 1010 welcher
1669 947 1717 1007 den
1756 948 1827 1008 St.
1852 951 2101 1011 Andreasorden
2140 949 2193 1009 für
2217 954 2269 1014 den

1290 992 1514 1052 Kronprinzen
1544 992 1758 1052 überbrachte,
1778 992 1831 1052 zum
1865 995 1969 1055 Ritter
1994 995 2046 1055 vom
2090 998 2281 1058 Schwerdt¬

1292 1037 1380 1097 orden
1415 1040 1542 1100 creiret.
1592 1036 1641 1096 Es
1671 1037 1730 1097 hat
1755 1037 1823 1097 auch
1858 1037 1985 1097 derselbe
2020 1040 2069 1100 bey
2095 1045 2192 1105 seiner
2217 1046 2280 1106 Ab¬

1292 1083 1544 1143 schiedsaudienz
1569 1082 1618 1142 des
1643 1085 1771 1145 Königs
1797 1083 1855 1143 und
1886 1083 1939 1143 des
1965 1085 2187 1145 Kronprinzen
2222 1091 2280 1151 mit

1294 1130 1494 1190 Diamanten
1525 1130 1640 1190 besetzte
1661 1130 1832 1190 Portraits
1858 1130 1908 1190 zum
1948 1130 2094 1190 Präsent
2120 1133 2280 1193 erhalten.

1298 1175 1366 1235 Der
1388 1178 1452 1238 eine
1474 1181 1617 1241 Zeitlang
1644 1181 1712 1241 hier
1734 1181 1888 1241 gewesene
1910 1179 2010 1239 Prinz
2032 1180 2085 1240 von
2106 1181 2271 1241 Palästina

1300 1227 1458 1287 Cyavaysa
1487 1231 1520 1291 ist
1544 1231 1594 1291 von
1623 1231 1690 1291 hier
1714 1231 1781 1291 reich
1810 1231 1962 1291 beschenkt
1985 1230 2052 1290 nach
2070 1231 2273 1291 Petersburg

1299 1279 1439 1339 gereiset.

1510 1326 1706 1386 Quebec,
1747 1327 1802 1387 vom
1854 1330 1915 1390 24.
1944 1330 2051 1390 May.

1342 1375 1455 1435 Dieses
1477 1378 1639 1438 Frühjahr
1662 1378 1715 1438 sind
1738 1375 1943 1435 verschiedene
1960 1375 2084 1435 unserer
2101 1378 2274 1438 Handlung

1293 1425 1499 1485 nachtheilige
1531 1425 1701 1485 Umstände
1732 1425 1907 1485 zusammen
1939 1423 2140 1483 gekommen.
2202 1425 2274 1485 Der

1296 1473 1388 1533 Krieg
1415 1472 1471 1532 mit
1492 1472 1543 1532 den
1564 1473 1749 1533 Indianern
1770 1473 1847 1533 wird
1868 1470 1930 1530 noch
1951 1470 2069 1530 lebhaft
2085 1470 2280 1530 fortgesetzet,

1296 1518 1352 1578 und
1394 1519 1528 1579 scheinet
1549 1521 1569 1581 so
1601 1521 1667 1581 bald
1705 1520 1771 1580 noch
1808 1521 1864 1581 kein
1901 1521 1994 1581 Ende
2020 1521 2050 1581 zu
2082 1521 2283 1581 bekommen.

1298 1567 1363 1627 Alle
1385 1569 1629 1629 Gemeinschaft
1646 1568 1706 1628 mit
1722 1568 1771 1628 den
1804 1566 1901 1626 hohen
1935 1566 2108 1626 Gegenden
2141 1569 2173 1629 ist
2195 1569 2287 1629 abge¬

1298 1613 1458 1673 schnitten,
1484 1613 1544 1673 und
1569 1613 1624 1673 wir
1655 1613 1775 1673 werden
1812 1613 1907 1673 dieses
1937 1612 2027 1672 Jahr
2053 1611 2108 1671 fast
2129 1613 2183 1673 gar
2214 1615 2269 1675 kein

1302 1655 1464 1715 Pelzwerk
1483 1658 1640 1718 erhalten.
1670 1655 1784 1715 Unsere
1803 1655 1893 1715 ganze
1913 1655 2060 1715 Hofnung
2085 1658 2213 1718 beruhet
2228 1658 2280 1718 auf

1292 1697 1334 1757 die
1353 1700 1405 1760 von
1429 1697 1475 1757 der
1495 1697 1678 1757 Regierung
1706 1697 1923 1757 versprochene
1947 1699 2069 1759 baldige
2088 1700 2280 1760 Bezahlung

1297 1740 1344 1800 der
1369 1739 1579 1799 coursirenden
1609 1739 1824 1799 französischen
1859 1742 2016 1802 Papiere.
2070 1740 2174 1800 Wenn
2204 1747 2280 1807 diese

1300 1790 1432 1850 erfolgt,
1455 1792 1516 1852 und
1544 1790 1593 1850 der
1621 1790 1715 1850 Krieg
1744 1790 1804 1850 mit
1821 1793 1870 1853 den
1905 1793 2092 1853 Indianern
2121 1796 2187 1856 eine
2209 1798 2281 1858 gute

1301 1842 1468 1902 Wendung
1504 1843 1637 1903 nimmt,
1655 1843 1677 1903 so
1707 1842 1816 1902 können
1846 1843 1891 1903 die
1915 1843 2042 1903 Sachen
2072 1843 2141 1903 noch
2165 1848 2216 1908 gut
2240 1849 2286 1909 ge¬

1298 1894 1379 1954 hen,
1401 1891 1482 1951 sonst
1499 1893 1618 1953 werden
1646 1891 1694 1951 die
1711 1894 1846 1954 Früchte
1869 1892 1960 1952 dieser
1988 1894 2145 1954 kostbaren
2173 1897 2286 1957 Acqui¬

1298 1943 1379 2003 sition
1411 1942 1601 2002 wenigstens
1633 1942 1684 2002 auf
1705 1942 1808 2002 einige
1829 1942 1937 2002 Jahre
1964 1942 2097 2002 verloren
2129 1945 2216 2005 seyn.

1605 2031 1997 2091 AVERTISSEMENT.

1349 2081 1420 2141 Bey
1454 2081 1503 2141 dem
1548 2081 1703 2141 Verleger
1736 2082 1830 2142 dieser
1863 2082 1996 2142 Zeitung
2030 2082 2068 2142 ist
2090 2082 2123 2142 zu
2157 2082 2283 2142 haben:

1300 2128 1371 2188 Der
1387 2127 1495 2187 Stadt
1511 2127 1624 2187 Berlin
1645 2127 1872 2187 allergnädigst
1888 2129 2068 2189 approbirte
2084 2130 2208 2190 Taxen,
2218 2131 2228 2191 1
2249 2134 2285 2194 fl.

1298 2175 1555 2235 Sendschreiben
1581 2172 1610 2232 an
1636 2172 1716 2232 einen
1737 2172 1858 2232 Freund
1879 2175 1923 2235 der
1939 2175 2106 2235 Warheit,
2116 2178 2277 2238 betreffend

1299 2223 1405 2283 Herrn
1440 2221 1491 2281 D.
1520 2220 1637 2280 Tellers
1672 2220 1819 2280 Lehrbuch
1853 2220 1904 2280 des
1939 2223 2073 2283 Christl.
2097 2225 2288 2285 Glaubens,

1305 2273 1336 2333 12
1369 2273 1421 2333 gr.
1458 2267 1610 2327 Görings
1633 2267 1896 2327 Anzugspredigt
1923 2267 1954 2327 am
1997 2267 2065 2327 2ten
2103 2270 2281 2330 Sonntage

1303 2321 1370 2381 nach
1396 2317 1520 2377 Trinit.
1537 2314 1546 2374 9
1568 2312 1619 2372 gr.
1641 2315 1713 2375 Der
1734 2318 1910 2378 Catalogus
1927 2313 1978 2373 von
2005 2314 2051 2374 der
2072 2315 2274 2375 verwichenen

1309 2369 1463 2429 Leipziger
1482 2363 1688 2423 Ostermesse,
1715 2364 1757 2424 ist
1775 2365 2024 2425 ohnentgeltlich
2051 2363 2240 2423 abzuholen.

1310 2441 1635 2501 Wechsel-Cours
1650 2435 1664 2495 &
1716 2443 1860 2503 Species
1882 2440 1926 2500 d.
1948 2440 2012 2500 16.
2035 2440 2143 2500 Aug.
2158 2446 2280 2506 1764.

1888 2486 1931 2546 71
1951 2491 2036 2551 Tage

1309 2497 1486 2557 Amsterdam
1529 2490 1568 2550 41
1590 2488 1672 2548 Tage
1693 2497 1815 2557 305gr.

1308 2545 1477 2605 Hamburg
1505 2537 1518 2597 3
1546 2539 1600 2599 W.
1614 2540 1675 2600 134
1703 2545 1749 2605 gr.

1839 2539 1857 2599 6
1882 2540 1938 2600 W.
1970 2543 2032 2603 133
2051 2545 2101 2605 gr.

1785 2587 1933 2647 Dantzig

1307 2593 1410 2653 Berlin

1308 2641 1445 2701 Ducaten
1469 2633 1540 2693 neue
1564 2632 1569 2692 9
1594 2633 1623 2693 fl.
1636 2637 1647 2697 9
1666 2642 1718 2702 gr.

1856 2636 1981 2696 Alberts
1999 2635 2090 2695 Taler
2108 2638 2170 2698 131
2188 2641 2239 2701 gr.

1778 2680 1833 2740 Alt
1845 2685 1983 2745 Polnisch
2006 2685 2078 2745 Geld
2100 2688 2134 2748 13
2157 2685 2200 2745 pr.
2218 2683 2289 2743 Cto.

1307 2687 1413 2747 Rubel
1432 2683 1497 2743 113
1521 2682 1574 2742 gr.

1311 2754 1405 2814 Diese
1420 2748 1550 2808 Gelehrte
1573 2751 1622 2811 und
1645 2754 1804 2814 Politische
1819 2754 1942 2814 Zeitung
1972 2752 2036 2812 wird
2059 2751 2109 2811 den
2131 2748 2283 2808 Montags

1409 2793 1462 2853 und
1495 2794 1636 2854 Freytags
1658 2796 1680 2856 in
1702 2796 1750 2856 dem
1788 2796 1973 2856 Kanterschen
2006 2793 2179 2853 Buchladen

1691 2838 1903 2898 ausgegeben.
