2479 3508
248 344 325 404 den,
349 341 586 401 ordentlichen,
611 333 782 393 deutlichen
812 336 1019 396 Schreiben,
1044 336 1103 396 und
1133 336 1251 396 andern

242 392 454 452 allgemeinen
493 386 618 446 Regeln
652 385 799 445 geredet.
860 386 1012 446 Hierauf
1035 383 1138 443 folgen
1177 385 1264 445 Vor¬

247 440 388 500 schriften
427 437 480 497 für
509 434 704 494 verschiedne
727 436 917 496 Gattungen
956 434 1010 494 der
1033 434 1180 494 Briefe,
1207 433 1261 493 sdie

246 488 271 548 in
303 490 354 550 der
376 485 557 545 Handlung
584 485 812 545 vorkommen,
839 484 869 544 z.
885 485 932 545 E.
958 482 1264 542 Einladungsbrie¬

1163 532 1256 592 Eine

248 539 304 599 fe,
340 533 643 593 Einkaufsbriefe,
672 533 925 593 Frachtbriefe,
949 533 988 593 u.
1006 533 1034 593 s.
1063 533 1108 593 w.

246 585 339 645 lange
361 583 583 643 Abhandlung
610 583 698 643 redet
719 583 776 643 von
808 580 1093 640 Wechselbriefen.
1161 580 1249 640 Man

252 635 354 695 findet
376 634 489 694 darauf
510 634 685 694 Beyspiele
706 631 763 691 von
795 631 1052 691 Obligationen,
1074 631 1244 691 Vollmach

241 684 324 744 ten,
350 682 632 742 Assignationen,
664 679 919 739 Kaufbriefen,
951 679 1013 739 und
1045 679 1160 739 endlich
1197 679 1253 739 von

257 733 341 793 Ein=
367 731 432 791 und
462 728 869 788 Verkaufsrechnungen;
909 727 1039 787 welches
1075 727 1150 787 alles
1190 724 1255 784 sehr

250 784 380 844 deutlich
408 781 467 841 und
501 782 571 842 kurz
593 778 816 838 ausgeführt,
850 778 914 838 und
948 778 1002 838 auf
1029 778 1181 838 nützliche
1204 774 1263 834 Art

247 831 460 891 vorgetragen
487 828 541 888 ist.
589 828 669 888 Mit
691 825 744 885 der
767 825 969 885 Schreibart
991 825 1050 885 sind
1088 826 1146 886 wir
1179 825 1264 885 nicht

257 882 293 942 an
324 879 396 939 allen
422 876 521 936 Orten
547 876 733 936 zufrieden.
780 873 889 933 Wenn
915 876 946 936 z.
967 876 1008 936 E.
1024 876 1076 936 der
1097 875 1200 935 Verf.
1216 873 1262 933 die

253 927 394 987 Briefe,
427 927 526 987 worin
570 927 657 987 einer
696 924 750 984 des
783 924 903 984 andern
947 924 1127 984 Gutachten
1172 924 1264 984 sucht,

254 975 695 1035 Gutdünkensbriefe
738 972 870 1032 nennt,
897 972 929 1032 so
966 972 1083 1032 scheint
1116 974 1179 1034 uns
1211 969 1264 1029 der

262 1022 428 1082 Ausdruck
448 1020 534 1080 nicht
550 1016 620 1076 eben
646 1019 762 1079 bequem
803 1019 964 1079 gewählt.
1010 1019 1176 1079 Zuweilen
1202 1015 1272 1075 ver¬

262 1072 339 1132 geht
360 1069 406 1129 sich
433 1067 484 1127 der
506 1063 697 1123 Verfasser,
718 1064 811 1124 indem
858 1064 889 1124 er
920 1064 1008 1124 einen
1045 1067 1257 1127 gezwungnen

264 1118 350 1178 Witz
368 1118 403 1178 zu
427 1117 530 1177 zeigen
560 1115 664 1175 sucht,
694 1112 751 1172 und
775 1112 874 1172 wider
897 1112 966 1172 eben
1002 1113 1141 1173 desselben
1171 1112 1263 1172 guten

253 1169 447 1229 Geschmack
482 1166 638 1226 sündigt,
667 1163 700 1223 zu
740 1163 834 1223 dessen
875 1163 1109 1223 Beförderung
1143 1160 1176 1220 er
1205 1160 1265 1220 sein

265 1219 355 1279 Buch
384 1216 514 1276 schrieb.
572 1213 690 1273 Schon
726 1213 776 1273 der
799 1213 890 1273 Titel
913 1213 1009 1273 seiner
1033 1210 1191 1270 Zuschrift
1209 1209 1276 1269 lau¬

263 1267 307 1327 tet
340 1269 406 1329 sehr
441 1266 595 1326 komisch:
635 1261 755 1321 "denen
790 1264 1055 1324 vernünftigen,
1083 1261 1260 1321 geschickten

252 1309 340 1369 „und
379 1315 631 1375 lehrbegierigen
665 1314 779 1374 jungen
819 1315 961 1375 Leuten,
984 1315 1098 1375 welche
1132 1315 1181 1375 sich
1220 1312 1269 1372 der

250 1366 458 1426 „Handlung
486 1363 650 1423 widmen,
679 1365 738 1425 und
772 1364 859 1424 deren
887 1366 1019 1426 Absicht
1041 1366 1150 1426 weiter
1184 1364 1277 1424 geht,

257 1404 333 1464 "als
360 1414 408 1474 ihr
431 1414 609 1474 Lebenlang
631 1413 658 1473 in
691 1413 777 1473 einem
816 1413 945 1473 Lädchen
979 1413 1010 1473 zu
1044 1413 1173 1473 stehen,
1201 1413 1260 1473 und

263 1453 343 1513 »für
377 1464 463 1524 einen
507 1463 643 1523 Dreyer
670 1461 800 1521 Pfeffer
828 1461 1084 1521 abzuwiegen."
1150 1461 1263 1521 Gegen

259 1512 312 1572 den
350 1513 540 1573 ernsthaften
573 1510 663 1570 Titel
684 1510 737 1570 des
770 1512 881 1572 Buchs
914 1511 1003 1571 sticht
1030 1511 1094 1571 eine
1126 1509 1152 1569 so
1185 1512 1269 1572 kurz¬

258 1563 388 1623 weilige
421 1562 480 1622 und
514 1560 660 1620 niedrige
677 1560 872 1620 Zueignung
900 1560 986 1620 nicht
1009 1560 1068 1620 gar
1101 1560 1193 1620 wohl
1216 1560 1269 1620 ab,

263 1612 290 1672 in
318 1612 451 1672 welcher
474 1610 656 1670 überhaupt
678 1608 728 1668 der
750 1608 911 1668 Verfasser
934 1610 1000 1670 sehr
1017 1609 1199 1669 treuherzig
1227 1607 1271 1667 re¬

266 1706 323 1766 sten
361 1703 534 1763 Freunde,
559 1700 731 1760 fernere
760 1700 851 1760 Liebe
885 1700 1067 1760 ausbittet.
1130 1700 1263 1760 Seinen

257 1748 375 1808 ganzen
403 1745 490 1805 Witz
509 1743 582 1803 aber
606 1742 737 1802 schüttet
756 1742 784 1802 er
812 1741 866 1801 auf
885 1739 934 1799 der
963 1739 1054 1799 13ten
1082 1740 1182 1800 Seite
1197 1739 1274 1799 aus.

267 1789 313 1849 Er
334 1790 422 1850 giebt
443 1787 494 1847 den
521 1787 614 1847 guten
640 1784 758 1844 Rath,
786 1783 831 1843 die
853 1782 1132 1842 Schreibmeister
1159 1781 1261 1841 sollten

268 1844 298 1904 zu
330 1840 416 1900 ihren
447 1837 663 1897 Vorschriften
695 1834 794 1894 lieber
825 1834 948 1894 Regeln
986 1834 1035 1894 der
1060 1831 1276 1891 Rechtschrei¬

269 1892 376 1952 bung,
399 1891 449 1951 als
473 1890 653 1950 Sprüche,
677 1888 829 1948 wählen.
904 1888 982 1948 Nun
1011 1885 1090 1945 höre
1108 1885 1175 1945 man
1210 1885 1271 1945 ein¬

263 1945 349 2005 mal,
377 1942 404 2002 in
437 1942 562 2002 welchem
606 1939 699 1999 Tone
727 1938 780 1998 der
808 1936 912 1996 Verf.
939 1936 1020 1996 seine
1043 1936 1260 1996 Vorschriften

266 1993 402 2053 abfaßt:
437 1984 504 2044 "Im
545 1990 693 2050 Scherze
722 1988 795 2048 darf
819 1987 887 2047 man
927 1987 1007 2047 schon
1042 1987 1184 2047 denken,
1213 1987 1269 2047 daß

264 2038 424 2098 „Ammen
456 2038 504 2098 oft
520 2039 669 2099 mancher
692 2034 824 2094 Weiber
852 2035 894 2095 Ja
932 2036 990 2096 und
1017 2034 1112 2094 Amen
1146 2033 1203 2093 sind
1225 2029 1241 2089 -

271 2088 401 2148 „Klopf
423 2091 455 2151 an
488 2088 553 2148 eine
575 2087 716 2147 Tonne;
743 2085 802 2145 und
835 2085 895 2145 aus
928 2085 1020 2145 ihrem
1064 2085 1156 2145 Tone
1183 2079 1275 2139 wirst

268 2127 327 2187 „du
355 2139 447 2199 wohl
464 2136 616 2196 merken,
644 2136 676 2196 ob
709 2133 747 2193 sie
775 2133 845 2193 voll
868 2133 943 2193 oder
977 2134 1036 2194 leer
1064 2130 1107 2190 ist
1129 2129 1145 2189 —

1192 2131 1258 2191 Ein

267 2185 401 2245 „Mann
428 2187 505 2247 wird
532 2186 583 2246 zum
626 2181 791 2241 Stamme
813 2181 895 2241 eines
927 2182 1104 2242 Mannes,
1130 2181 1192 2241 und
1218 2181 1270 2241 der

264 2235 521 2295 "mannbaren,
552 2231 637 2291 nicht
663 2229 840 2289 manbaren
871 2230 986 2290 Leute,
1017 2231 1168 2291 werden,
1204 2229 1264 2289 und

285 2282 453 2342 Männer
480 2276 759 2336 hervorbringen,
791 2276 901 2336 welche
928 2279 1112 2339 männliche
1139 2276 1259 2336 Thaten

277 2330 324 2390 "in
356 2330 440 2390 ihrer
467 2327 652 2387 Mannheit
674 2324 769 2384 thun,
786 2324 870 2384 wenn
902 2327 938 2387 sie
960 2330 1114 2390 ermahnt
1135 2327 1251 2387 werden

272 2376 349 2436 „sich
376 2380 458 2440 recht
484 2378 515 2438 zu
547 2375 717 2435 ermannen

824 2372 886 2432 Ein
923 2378 1016 2438 Haus
1049 2378 1131 2438 wird
1163 2375 1267 2435 keines

276 2432 518 2492 "untauglichen
559 2423 693 2483 Haußes
722 2420 829 2480 Recht
852 2424 1021 2484 erweisen,
1049 2427 1179 2487 welches
1207 2426 1269 2486 nur

280 2475 349 2535 "dem
399 2479 512 2539 Hause
539 2471 722 2531 zukömmt,
750 2470 836 2530 wenn
870 2473 918 2533 die
940 2473 1177 2533 Haushaltung
1205 2475 1263 2535 und

274 2525 503 2585 „Behausung
539 2527 603 2587 gut
634 2523 715 2583 sind.
763 2522 811 2582 Zu
847 2521 893 2581 ihm
947 2524 1099 2584 bekennen
1135 2524 1188 2584 sich
1218 2522 1270 2582 die

277 2576 447 2636 Häuser,
472 2576 583 2636 welche
608 2571 690 2631 nicht
708 2567 808 2627 heiser
826 2566 896 2626 noch
920 2572 1050 2632 heißer,
1086 2572 1162 2632 aber
1181 2569 1268 2629 wohl

276 2626 448 2686 „Hausler
476 2623 627 2683 machen,
654 2621 703 2681 die
731 2619 757 2679 in
790 2617 876 2677 ihrem
915 2620 1071 2680 Gehäuse
1099 2620 1158 2680 auf
1180 2622 1277 2682 frem¬

278 2671 349 2731 „des
374 2673 507 2733 Geheiß
531 2670 670 2730 hauslich
701 2665 833 2725 heißen.
876 2666 1014 2726 Haussen
1045 2670 1087 2730 ist
1100 2670 1196 2730 außer
1227 2670 1274 2730 ih=

276 2716 345 2776 "rem
389 2721 551 2781 Bezirke;
595 2721 665 2781 doch
698 2717 773 2777 kann
817 2712 887 2772 man
920 2715 1071 2775 darinnen
1110 2718 1163 2778 gut
1191 2718 1266 2778 oder

278 2769 372 2829 "böse
401 2770 548 2830 hausen”
596 2763 601 2823 —

1297 331 1356 391 lern
1392 330 1421 390 so
1451 330 1616 390 einfältige
1647 336 1866 396 Vorschriften
1902 334 1996 394 geben
2033 333 2162 393 könnte.
2210 339 2304 399 Doch

1298 380 1379 440 diese
1412 380 1622 440 Erinnerung
1656 385 1769 445 betrift
1807 388 1866 448 nur
1899 386 1985 446 einen
2024 381 2315 441 Nebenumstand,

1302 431 1351 491 der
1379 428 1400 488 in
1429 428 1484 488 den
1512 431 1639 491 übrigen
1673 434 1795 494 Nutzen
1823 436 1872 496 des
1901 434 2017 494 Buchs
2040 431 2145 491 keinen
2179 433 2306 493 Einfluß

1296 479 1404 539 haben
1437 476 1540 536 kann.
1617 482 1731 542 Kostet
1759 483 1785 543 in
1825 485 2063 545 vorbemeldten
2102 482 2308 542 Kanterschen

1303 530 1614 590 Buchhandlungen
1651 530 1663 590 1
1694 532 1730 592 fl.

1528 580 1772 640 Frankfurt
1801 581 1857 641 und
1892 583 2080 643 Leipzig.

1348 613 1449 673 „Der
1484 626 1625 686 tugend=
1654 629 1715 689 und
1750 631 1937 691 lasterhafte
1966 634 2141 694 Student,
2176 631 2305 691 poetisch

1308 670 1388 730 "und
1416 675 1578 735 moralisch
1606 677 1800 737 entworfen,
1828 682 1957 742 1764.”
2018 679 2098 739 Wir
2126 684 2239 744 können
2278 680 2309 740 es

1300 720 1387 780 nicht
1419 724 1589 784 laugnen,
1620 725 1677 785 daß
1719 729 1775 789 wir
1812 727 1894 787 schon
1931 730 2096 790 längstens
2143 730 2168 790 in
2210 730 2308 790 diesen

1300 772 1450 832 schweren
1482 772 1616 832 Zeiten:
1643 769 1741 829 "Den
1773 778 1965 838 Studenten
1996 778 2016 838 in
2048 778 2100 838 der
2116 780 2318 840 Einsamkeit

1301 820 1444 880 gehoffet
1467 822 1538 882 oder
1560 820 1736 880 befürchtet
1759 828 1880 888 haben,
1902 828 1990 888 allein
2024 828 2056 888 an
2084 827 2172 887 dessen
2200 828 2304 888 Stelle

1298 871 1362 931 hat
1389 867 1438 927 die
1466 873 1795 933 poetischmoralische
1834 873 1936 933 rechte
1964 876 2055 936 Hand
2099 877 2185 937 eines
2218 876 2315 936 unge¬

1297 918 1439 978 nannten
1472 920 1657 980 Verfassers
1685 921 1768 981 einen
1802 924 1987 984 Studenten
2019 927 2151 987 gestellt,
2178 924 2230 984 der
2252 924 2310 984 wie

1303 964 1349 1024 ein
1376 966 1524 1026 Proteus
1556 966 1682 1026 allerley
1714 969 1877 1029 Gestalten
1915 972 2004 1032 lustig
2036 975 2209 1035 anzusehen
2247 975 2304 1035 und

1301 1010 1433 1070 deutlich
1463 1012 1610 1072 gedruckt
1630 1013 1654 1073 zu
1684 1013 1792 1073 lesen,
1812 1016 2032 1076 anzunehmen
2063 1022 2160 1082 weiß.
2215 1022 2317 1082 Wol¬

1305 1055 1349 1115 len
1385 1055 1420 1115 sie
1446 1058 1496 1118 den
1521 1058 1581 1118 auf
1602 1058 1702 1118 hohen
1728 1060 1874 1120 Schulen
1905 1062 2096 1122 gehenden,
2132 1066 2182 1126 den
2213 1067 2318 1127 Ange¬

1301 1106 1512 1166 kommenen,
1537 1104 1590 1164 den
1619 1109 1817 1169 Frommen,
1841 1109 1894 1169 den
1923 1111 2116 1171 Gottlosen,
2146 1112 2198 1172 den
2228 1112 2319 1172 Pra¬

1302 1154 1446 1214 lenden,
1472 1157 1523 1217 den
1560 1157 1792 1217 Borgenden,
1818 1159 1869 1219 den
1901 1160 2111 1220 Verzagten,
2143 1163 2194 1223 den
2220 1163 2318 1223 Rau=

1308 1204 1450 1264 fenden,
1473 1206 1528 1266 den
1562 1210 1947 1270 Nachhausegehenden,
1981 1213 2036 1273 den
2064 1214 2312 1274 Nachhausege=

1303 1255 1498 1315 kommnen,
1526 1255 1574 1315 den
1607 1258 1792 1318 Verliebten
1820 1261 1846 1321 ja
1874 1264 1961 1324 nicht
1984 1264 2016 1324 zu
2049 1264 2233 1324 vergessen?
2261 1258 2309 1318 Es

1302 1306 1341 1366 ist
1359 1309 1438 1369 alles
1461 1306 1523 1366 da,
1553 1308 1609 1368 und
1638 1306 1666 1366 es
1695 1307 1780 1367 fehlt
1810 1311 1866 1371 kein
1901 1315 2065 1375 einziger,
2090 1315 2140 1375 als
2175 1315 2226 1375 der
2255 1312 2317 1372 mit

1298 1357 1352 1417 der
1374 1357 1571 1417 Autorsucht
1594 1360 1796 1420 jämmerlich
1830 1363 1988 1423 befallene
2022 1363 2081 1423 und
2115 1363 2311 1423 Leberreime

1305 1407 1532 1467 schreibende,
1559 1407 1604 1467 als
1631 1408 1760 1468 welcher
1781 1410 1843 1470 uns
1870 1412 1921 1472 den
1958 1413 2061 1473 Herrn
2087 1410 2253 1470 Verfasser
2284 1410 2310 1470 in

1306 1455 1532 1515 Lebensgröße
1555 1458 1754 1518 dargestellet
1776 1459 1873 1519 haben
1901 1461 2030 1521 würde.
2079 1457 2127 1517 Er
2150 1458 2311 1518 versichert

1302 1506 1331 1566 in
1362 1506 1410 1566 der
1435 1506 1609 1566 Vorrede,
1652 1509 1905 1569 "gegenwärtige
1930 1511 2056 1571 geringe
2081 1506 2237 1566 Blätter,
2262 1510 2304 1570 sja

1331 1554 1467 1614 geringe
1484 1554 1642 1614 Blätter)
1660 1557 1716 1617 bey
1739 1560 1841 1620 seinen
1864 1560 2090 1620 akademischen
2113 1557 2316 1617 Nebenstun=

1313 1602 1381 1662 "den
1413 1604 1587 1664 entworfen
1615 1605 1646 1665 zu
1673 1605 1804 1665 haben,
1831 1606 1857 1666 zu
1890 1608 1974 1668 einer
1996 1607 2101 1667 Zeit,"
2144 1606 2175 1666 da
2202 1605 2233 1665 er
2260 1605 2323 1665 un¬

262 1660 336 1720 det,
362 1660 422 1720 und
448 1658 498 1718 sich
523 1658 573 1718 der
599 1655 971 1715 Kaufmannsbursche,
1007 1657 1107 1717 seiner
1132 1655 1268 1715 werthe=
1304 1649 1354 1709 ter
1380 1649 1459 1709 einen
1490 1649 1616 1709 Haufen
1646 1649 1756 1709 junger
1782 1649 1872 1709 Leute
1903 1649 2069 1709 gewesen,
2099 1649 2214 1709 welche
2240 1649 2310 1709 man

1303 1692 1366 1752 mit
1398 1691 1448 1751 dem
1498 1691 1630 1751 Namen
1662 1688 1716 1748 der
1739 1691 1929 1751 Studenten
1966 1694 2115 1754 beehret,
2139 1694 2315 1754 ohngeach¬

1309 1733 1356 1793 ter
1385 1732 1437 1792 die
1466 1730 1638 1790 wenigsten
1677 1735 1824 1795 desselben
1863 1736 1987 1796 würdig
2025 1739 2187 1799 gewesen.
2236 1739 2312 1799 Wir

1311 1775 1407 1835 geben
1436 1775 1532 1835 dieses
1561 1777 1605 1837 dem
1652 1779 1753 1839 Herrn
1782 1784 1947 1844 Verfasser
1970 1787 2032 1847 zu;
2061 1790 2151 1850 allein
2186 1790 2248 1850 wir
2277 1792 2322 1852 se¬

1312 1828 1369 1888 hen
1399 1828 1479 1888 nicht
1503 1828 1554 1888 ab,
1566 1831 1623 1891 wie
1647 1831 1820 1891 derselbige
1844 1836 1941 1896 seines
1971 1840 2306 1900 poetischmoralischen

1307 1881 1502 1941 Werkchens
1529 1882 1629 1942 wegen
1667 1883 1719 1943 den
1746 1888 1878 1948 Namen
1916 1891 2000 1951 eines
2027 1894 2190 1954 würdigen
2222 1891 2312 1951 Stu¬

1305 1933 1415 1993 denten
1441 1933 1607 1993 verdiene,
1633 1934 1764 1994 welchen
1795 1939 1921 1999 Namen
1952 1939 2022 1999 man
2048 1939 2098 1999 ihm
2139 1939 2214 1999 weit
2235 1942 2310 2002 eher

1307 1981 1491 2041 zugestehen
1523 1981 1649 2041 würde,
1676 1984 1765 2044 wenn
1792 1986 1823 2046 er
1844 1987 1928 2047 seine
1950 1990 2160 2050 akademische
2181 1990 2312 2050 Neben¬

1310 2028 1436 2088 stunden
1474 2029 1659 2089 verschlafen
1697 2032 1803 2092 hätte.
1851 2037 1941 2097 Kurz
1973 2037 2031 2097 alle
2058 2036 2137 2096 diese
2169 2035 2317 2095 verschie¬

1307 2079 1387 2139 dene
1413 2079 1600 2139 Studenten
1631 2079 1706 2139 weis
1737 2082 1787 2142 der
1808 2082 1974 2142 Verfasser
2005 2085 2096 2145 unter
2132 2085 2212 2145 einen
2243 2086 2318 2146 Hut

1311 2130 1337 2190 zu
1370 2127 1532 2187 bringen,
1554 2127 1618 2187 und
1646 2127 1683 2187 sie
1705 2127 1732 2187 so
1765 2130 1948 2190 ohngefähr
1981 2134 2039 2194 wie
2067 2136 2137 2196 man
2170 2136 2309 2196 Burles¬

1310 2176 1381 2236 quen
1408 2172 1562 2232 benamt:
1583 2172 1655 2232 Die
1676 2176 1836 2236 "tugend=
1852 2179 1908 2239 und
1934 2181 2130 2241 lasterhafte"
2161 2184 2316 2244 Studen=

1305 2226 1351 2286 ten
1382 2220 1531 2280 "poetisch
1564 2222 1620 2282 und
1646 2224 1832 2284 moralisch"
1858 2227 1889 2287 zu
1915 2229 2059 2289 nennen.
2117 2231 2194 2291 Den
2225 2231 2313 2291 völli¬

1306 2277 1361 2337 gen
1389 2272 1543 2332 Beschluß
1572 2270 1676 2330 macht
1704 2271 1748 2331 ein
1782 2276 2063 2336 sehenswürdiges
2092 2278 2312 2338 Extemporal¬

1305 2318 1490 2378 nachspiel,
1516 2318 1681 2378 genannt:
1712 2321 1807 2381 "Der
1828 2327 1993 2387 Candidat
2019 2327 2069 2387 der
2089 2324 2230 2384 Gottes=
2245 2327 2300 2387 und

1318 2369 1674 2429 "Rechtsgelahrtheit"
1702 2369 1729 2429 in
1762 2373 1842 2433 einem
1880 2372 2063 2432 Gespräch.
2113 2369 2161 2429 Es
2189 2378 2312 2438 enthält

1311 2423 1379 2483 eine
1395 2421 1654 2481 Aufmunterung
1681 2421 1733 2481 zur
1755 2426 1897 2486 Geduld,
1914 2423 1977 2483 und
2004 2423 2072 2483 eine
2089 2426 2310 2486 Anmerkung,

1311 2470 1364 2530 daß
1392 2470 1440 2530 das
1462 2467 1542 2527 Geld
1571 2464 1646 2524 heut
1668 2467 1689 2527 zu
1717 2472 1802 2532 Tage
1825 2473 1895 2533 eher
1917 2470 1960 2530 als
1988 2473 2198 2533 akademische
2215 2476 2312 2536 Testi=

1302 2520 1413 2580 monia
1430 2518 1482 2578 zum
1525 2515 1620 2575 Amte
1642 2518 1817 2578 verhelfen.
1844 2521 1896 2581 Ob
1923 2521 1981 2581 wir
2003 2521 2066 2581 nun
2093 2525 2182 2585 gleich
2210 2527 2299 2587 denen

1306 2569 1429 2629 Herren
1457 2564 1651 2624 Candidaten
1673 2571 1835 2631 hierinnen
1862 2569 1932 2629 alles
1949 2569 2051 2629 Recht
2068 2575 2299 2635 wiederfahren

1308 2617 1431 2677 laßen;
1454 2617 1480 2677 so
1508 2614 1610 2674 hätten
1637 2613 1685 2673 sich
1719 2618 1766 2678 die
1783 2620 1875 2680 guten
1902 2620 2026 2680 Herren
2059 2623 2188 2683 dennoch
2227 2625 2302 2685 über

1311 2664 1391 2724 diese
1414 2663 1592 2723 Wahrheit
1614 2661 1674 2721 mit
1702 2667 1788 2727 mehr
1811 2670 2081 2730 Geschicklichkeit
2109 2672 2298 2732 ausdrücken

1310 2715 1421 2775 sollen.
1469 2709 1574 2769 Wenn
1607 2709 1664 2769 wir
1686 2715 1743 2775 uns
1770 2717 1796 2777 im
1840 2715 1902 2775 Ton
1929 2718 1982 2778 des
2003 2718 2135 2778 lustigen
2157 2717 2310 2777 Studen=

654 2766 809 2826 Welcher
839 2760 1006 2820 armselige
1030 2764 1146 2824 Witz!
1181 2766 1262 2826 Wir
1309 2763 1354 2823 ten
1390 2759 1482 2819 (siehe
1506 2757 1557 2817 das
1587 2757 1633 2817 7te
1657 2764 1783 2824 Stuck)
1801 2766 1876 2826 über
1900 2768 1952 2828 das
1976 2767 2073 2827 ganze
2097 2766 2195 2826 Werk
2213 2763 2310 2823 erklä¬

271 2821 380 2881 hätten
409 2821 436 2881 es
464 2820 513 2880 dem
552 2817 740 2877 Verfasser,
763 2817 817 2877 der
846 2812 900 2872 sich
929 2811 1005 2871 sonst
1034 2813 1100 2873 sehr
1128 2814 1271 2874 verstan=
1305 2813 1360 2873 ren
1388 2805 1526 2865 dürfen;
1554 2808 1581 2868 so
1604 2809 1642 2869 ist
1659 2813 1719 2873 es,
1742 2814 1780 2874 da
1808 2814 1841 2874 es
1875 2814 1958 2874 nicht
1986 2814 2107 2874 einmal
2129 2811 2311 2871 Schulkna¬

272 2872 324 2932 dig
360 2873 507 2933 bezeigt,
537 2873 625 2933 nicht
649 2870 843 2930 zugetraut,
873 2863 925 2923 daß
962 2864 996 2924 er
1020 2864 1120 2924 seinen
1156 2866 1267 2926 Schü=
1304 2860 1379 2920 ben,
1410 2858 1615 2918 vielweniger
1639 2861 1750 2921 andern
1780 2864 1934 2924 ehrlichen
1958 2864 2069 2924 Leuten
2093 2861 2293 2921 anzupreisen
