2479 3508
241 455 311 515 men
345 456 382 516 sie
410 455 497 515 nicht
525 455 585 515 gar
613 452 639 512 in
668 452 908 512 Versuchung,
936 449 1012 509 ihre
1034 449 1269 509 Gedankenlo¬

250 508 363 568 sigkeit
384 506 446 566 mit
472 503 523 563 dem
565 501 699 561 Denken
735 502 766 562 zu
802 503 1029 563 vertauschen.
1077 500 1195 560 Kosten
1236 496 1262 556 in

249 557 487 617 vorbemeldten
522 551 727 611 Kanterschen
750 553 1058 613 Buchhandlungen
1087 551 1098 611 2
1122 551 1155 611 fl.
1167 548 1201 608 15
1224 551 1274 611 gr.

313 673 511 733 Chimische
540 670 816 730 Untersuchung
860 667 951 727 einer
988 666 1207 726 Salzquelle

524 751 549 811 in
589 751 646 811 dem
693 751 809 811 Dorfe
842 748 1011 808 Ponnau.

702 894 747 954 §.
771 891 817 951 1.

253 939 333 999 Da
363 941 422 1001 mir
452 939 510 999 vor
541 942 664 1002 einiger
695 943 767 1003 Zeit
798 942 842 1002 ein
872 939 1055 999 gesalzenes
1092 936 1282 996 Brunnen¬

255 990 368 1050 wasser
390 992 446 1052 aus
473 990 524 1050 dem
566 990 706 1050 Königl.
727 990 820 1050 Amte
846 987 960 1047 Salau
991 987 1017 1047 zu
1048 987 1250 1047 untersuchen

250 1038 312 1098 von
349 1035 453 1095 hoher
480 1034 579 1094 Hand
616 1034 815 1094 aufgegeben
852 1034 987 1094 wurde;
1014 1033 1039 1093 so
1077 1031 1160 1091 habe
1192 1031 1275 1091 nicht

255 1088 442 1148 ermangeln
469 1082 604 1142 wollen,
630 1082 682 1142 dem
724 1080 890 1140 Publicum
933 1078 1010 1138 diese
1026 1079 1265 1139 Untersuchung

258 1136 513 1196 mitzutheilen,
534 1131 565 1191 in
597 1133 649 1193 der
681 1130 873 1190 Hofnung,
900 1130 957 1190 daß
994 1127 1124 1187 manche
1150 1127 1275 1187 meiner

266 1187 482 1247 Landesleute
508 1181 652 1241 hiedurch
688 1181 827 1241 möchten
858 1178 1105 1238 aufgemuntert
1136 1175 1280 1235 werden,

272 1240 321 1300 sich
344 1237 376 1297 zu
404 1235 592 1295 bemühen,
625 1231 862 1291 merkwürdige
891 1228 1006 1288 Dinge
1035 1225 1061 1285 in
1096 1222 1183 1282 ihren
1212 1222 1283 1282 Ge¬

258 1288 381 1348 genden
408 1285 713 1345 wahrzunehmen,
739 1284 801 1344 und
833 1282 868 1342 sie
900 1279 1039 1339 bekannt
1066 1277 1096 1337 zu
1133 1276 1256 1336 machen

266 1336 410 1396 wodurch
437 1336 534 1396 außer
561 1333 607 1393 dem
649 1336 855 1396 allgemeinen
886 1330 1036 1390 Nutzen,
1062 1328 1113 1388 der
1140 1326 1191 1386 hie
1212 1327 1273 1387 und

258 1385 294 1445 da
321 1386 408 1446 durch
446 1384 638 1444 dergleichen
671 1384 921 1444 Bemerkungen
958 1381 1119 1441 entstehen
1151 1378 1265 1438 könnte

258 1434 332 1494 auch
365 1433 418 1493 die
445 1431 647 1491 Preußische
679 1431 993 1491 Naturgeschichte,
1020 1428 1110 1488 darin
1148 1428 1275 1488 manche

267 1480 385 1540 Fächer
419 1482 538 1542 annoch
567 1483 628 1543 leer
657 1482 793 1542 stehen,
816 1482 889 1542 nach
929 1482 990 1542 und
1030 1479 1098 1539 nach
1144 1479 1279 1539 gefüllet

259 1530 386 1590 werden
420 1530 552 1590 würde.

318 1584 353 1644 §.
384 1581 419 1641 2.
468 1581 539 1641 Die
565 1581 757 1641 Salzquelle
782 1580 818 1640 ist
837 1578 878 1638 ein
909 1578 1071 1638 Brunnen
1102 1575 1132 1635 im
1168 1572 1264 1632 Dorf

261 1628 440 1688 Ponnau,
468 1629 521 1689 dem
560 1628 701 1688 Königl.
723 1628 820 1688 Amte
843 1626 956 1686 Salau
984 1623 1185 1683 zugehörig,
1207 1622 1272 1682 wel

259 1678 330 1738 cher
350 1677 383 1737 an
418 1676 499 1736 einem
543 1676 753 1736 abtragenden
788 1670 898 1730 Berge
918 1673 1032 1733 lieger,
1057 1673 1114 1733 und
1143 1672 1157 1732 7
1187 1668 1229 1728 bis

259 1722 397 1782 Klafter
417 1721 476 1781 tief
497 1721 550 1781 ist.
601 1718 650 1778 Er
675 1718 709 1778 ist
729 1718 868 1778 reichlich
903 1715 962 1775 und
997 1714 1061 1774 mit
1086 1713 1288 1773 gleichhalti¬

258 1767 313 1827 gem
364 1765 497 1825 salzigem
549 1760 675 1820 Wasser
707 1763 732 1823 zu
778 1760 854 1820 aller
885 1754 1089 1814 Jahreszeit
1115 1754 1262 1814 versehen

267 1814 339 1874 Vor
367 1814 438 1874 etwa
468 1814 506 1874 30
540 1811 667 1871 Jahren
696 1811 756 1871 sind
779 1808 806 1868 in
840 1808 890 1868 dem
935 1804 1045 1864 Dorfe
1074 1804 1085 1864 3
1113 1804 1273 1864 Brunnen

262 1864 424 1924 gewesen.
477 1864 552 1924 Der
576 1863 768 1923 Erzählung
792 1861 867 1921 nach
891 1858 931 1918 ist
956 1858 1036 1918 einer
1060 1858 1211 1918 darunter
1235 1854 1286 1914 ge¬

267 1916 394 1976 wesen,
422 1917 472 1977 der
494 1917 538 1977 ein
572 1915 727 1975 bitterlich
761 1912 989 1972 schmeckendes
1017 1909 1138 1969 Waßer
1167 1907 1283 1967 gefüh¬

261 1969 311 2029 ret
328 1969 400 2029 hat.
446 1963 501 2023 Es
524 1964 562 2024 ist
585 1966 658 2026 aber
681 1966 708 2026 zu
742 1963 932 2023 bedauren,
967 1961 1022 2021 daß
1056 1960 1140 2020 diese
1157 1960 1279 2020 Quelle

261 2019 353 2079 nebst
375 2017 423 2077 der
446 2014 559 2074 zwoten
598 2014 755 2074 versieget
778 2014 842 2074 ist;
876 2012 929 2072 so,
957 2012 1011 2072 daß
1050 2009 1272 2069 gegenwärtig

258 2067 293 2127 an
329 2067 384 2127 dem
431 2064 501 2124 Ort
527 2064 572 2124 ein
614 2064 750 2124 einziger
787 2061 955 2121 Brunnen
986 2061 1016 2121 zu
1052 2058 1189 2118 finden,
1215 2058 1270 2118 von

258 2118 356 2178 dessen
383 2114 648 2174 Bestandtheilen
680 2115 716 2175 ich
742 2109 965 2169 gegenwärtig
992 2109 1127 2169 handeln
1159 2106 1278 2166 werde.

314 2172 356 2232 §.
378 2169 416 2229 3.
465 2169 529 2229 Ich
567 2163 648 2223 habe
675 2161 772 2221 dieses
800 2159 1080 2219 Brunnenwasser
1113 2157 1171 2217 auf
1199 2156 1269 2216 eben

258 2217 309 2277 die
336 2214 496 2274 Methode
524 2211 752 2271 untersuchet,
774 2208 908 2268 welcher
924 2208 965 2268 ich
1002 2208 1075 2268 mich
1112 2205 1169 2265 vor
1201 2205 1283 2265 eini¬

266 2264 322 2324 gen
354 2261 488 2321 Jahren
520 2257 576 2317 bey
614 2255 670 2315 der
697 2255 940 2315 Untersuchung
977 2257 1064 2317 derer
1091 2255 1257 2315 Brunnen

271 2309 444 2369 flüssenden
483 2306 541 2366 und
575 2303 737 2363 stehenden
776 2306 900 2366 Wässer
933 2304 960 2364 in
993 2303 1199 2363 Königsberg
1232 2301 1280 2361 be¬

267 2360 380 2420 dienet
408 2357 505 2417 habe.
555 2352 614 2412 Da
647 2352 690 2412 ich
729 2353 766 2413 20
799 2354 918 2414 Quart
941 2354 1092 2414 desselben
1126 2354 1153 2414 in
1191 2351 1261 2411 eine

269 2412 371 2472 neuen
409 2404 571 2464 gläsernen
599 2402 733 2462 Retorte
761 2402 890 2462 gelinde
918 2405 1107 2465 destilliret,
1129 2402 1193 2462 und
1232 2398 1274 2458 die

268 2458 585 2518 niedergeschlagene
612 2446 697 2506 Erde
719 2449 745 2509 in
772 2449 883 2509 dreyen
915 2455 1015 2515 malen
1052 2452 1153 2512 davon
1185 2449 1280 2509 abge¬

273 2512 401 2572 sondert
421 2509 522 2569 habe,
549 2503 573 2563 so
600 2500 701 2560 waren
734 2497 792 2557 alle
812 2497 888 2557 diese
908 2503 1016 2563 Erden
1049 2504 1106 2564 von
1132 2500 1266 2560 einerley

269 2560 355 2620 Art,
377 2560 442 2620 und
464 2557 633 2617 gehöreten
671 2551 698 2611 zu
736 2547 785 2607 der
812 2548 986 2608 Kalkerde.
1036 2551 1138 2611 Denn
1171 2551 1209 2611 sie
1237 2550 1279 2610 lö¬

272 2610 349 2670 seten
377 2610 421 2670 sich
450 2605 627 2665 sammtlich
650 2601 677 2661 im
722 2596 982 2656 Salpetergeiste
1006 2602 1189 2662 schaumend
1217 2599 1277 2659 und

268 2661 302 2721 zu
331 2658 411 2718 einer
435 2655 498 2715 hell
516 2655 759 2715 durchsichtigen
788 2645 973 2705 Flußigkeit
991 2649 1066 2709 auf.
1113 2651 1187 2711 Bey
1216 2648 1279 2708 fer¬

260 2708 352 2768 neren
393 2705 595 2765 Abdampfen
630 2702 682 2762 des
718 2697 850 2757 übrigen
886 2696 1030 2756 wenigen
1054 2700 1198 2760 Wassers
1234 2699 1262 2759 in
1303 2700 1395 2760 arme
1420 2698 1511 2758 Sole
1535 2697 1563 2757 in
1593 2697 1731 2757 Ponnau
1761 2703 1813 2763 zum
1854 2702 1946 2762 Salz
1970 2703 2183 2763 einzusieden.

258 2757 348 2817 einer
380 2755 439 2815 vor
466 2754 518 2814 dem
573 2754 710 2814 Staube
738 2746 897 2806 bedeckten
934 2749 1152 2809 Glasschale,
1190 2748 1274 2808 setzte

267 2811 313 2871 sich
342 2808 423 2868 keine
442 2807 522 2867 Erde
546 2805 638 2865 mehr
662 2805 714 2865 ab.
779 2796 941 2856 Dagegen
971 2798 1040 2858 aber
1058 2800 1192 2860 überzog
1221 2798 1267 2858 die

250 408 375 468 gänger
400 407 450 467 von
482 404 531 464 ihm
576 402 669 462 hören
701 401 851 461 können;
889 401 945 461 und
977 401 1045 461 wer
1077 401 1182 461 weis,
1208 400 1264 460 kä=
1296 395 1496 455 Oberfläche
1528 394 1677 454 desselben
1715 395 1783 455 eine
1816 398 1922 458 dünne
1948 395 2160 455 Salzhaut,
2192 393 2253 453 und
2285 398 2316 458 an

1300 446 1350 506 die
1373 443 1492 503 Seiten
1521 440 1571 500 des
1601 442 1725 502 Glases
1748 446 1844 506 legten
1879 446 1924 506 sich
1953 446 2054 506 kleine
2083 443 2225 503 kubische
2248 445 2332 505 Kry¬

1304 496 1411 556 stallen
1439 494 1503 554 an,
1525 491 1573 551 die
1596 491 1638 551 ich
1666 494 1736 554 nach
1769 496 1828 556 und
1850 497 1920 557 nach
1947 497 2163 557 absonderte,
2191 494 2239 554 bis
2266 494 2320 554 daß

1299 545 1380 605 alles
1408 539 1539 599 Wasser
1561 545 1780 605 abgedampft
1808 548 1889 608 war.

1346 596 1384 656 §.
1407 592 1451 652 6.
1502 591 1724 651 Diesemnach
1752 597 1829 657 habe
1858 598 1896 658 ich
1925 598 1980 658 aus
2014 595 2108 655 denen
2142 598 2174 658 20
2208 595 2330 655 Quart

1302 640 1519 700 Salzwasser
1550 642 1725 702 erhalten:

1421 701 1468 761 An
1500 700 1657 760 trockenem
1701 704 1810 764 Salze
1835 706 1877 766 6½
1902 706 1998 766 Loth,
2012 706 2047 766 40
2078 708 2193 768 Gran.

1424 754 1472 814 An
1505 754 1667 814 Kalkerde
1690 757 1705 817 1
1733 760 1933 820 Quentlein,
1955 760 1993 820 12
2020 758 2139 818 Gran.

1299 804 1426 864 Dieses
1448 804 1747 864 herausgebrachte
1770 809 1830 869 auf
1853 808 1864 868 1
1887 810 1997 870 Quart
2020 810 2202 870 berechnet,
2219 810 2241 870 so
2264 810 2335 870 hält

1309 857 1352 917 ein
1386 855 1500 915 Quart
1522 852 1675 912 Wasser:

1423 904 1472 964 An
1504 903 1591 963 Salz
1617 903 1628 963 1
1655 906 1853 966 Quentlein,
1874 906 1916 966 15
1942 908 2066 968 Gran.

1420 963 1467 1023 An
1499 963 1660 1023 Kalkerde
1684 963 1720 1023 3½
1751 963 1864 1023 Gran.

1505 1013 1624 1073 Dieses
1653 1013 1748 1073 Salz
1766 1013 1805 1073 ist
1828 1015 1901 1075 aber
1924 1016 1985 1076 kein
2020 1018 2161 1078 anderes
2195 1021 2246 1081 als
2275 1020 2319 1080 ein

1362 1020 1397 1080 §.
1420 1019 1464 1079 5.

1303 1062 1472 1122 gemeines
1500 1061 1562 1121 und
1589 1061 1694 1121 reines
1722 1061 1944 1121 Küchensalz.
2008 1065 2193 1125 Vorläusig
2220 1070 2341 1130 bewei¬

1312 1116 1355 1176 set
1378 1111 1427 1171 sich
1455 1109 1582 1169 dieses:

1426 1157 1511 1217 Das
1541 1157 1669 1217 Wasser
1692 1158 1835 1218 schmeckt
1858 1159 1900 1219 als
1936 1157 2008 1217 eine
2037 1160 2102 1220 sehr
2131 1163 2331 1223 verdünnete

1430 1207 1609 1267 Auflösung
1638 1209 1690 1269 des
1719 1210 1904 1270 Kochsalzes
1934 1210 1956 1270 im
1997 1210 2141 1270 Wasser.

1352 1261 1396 1321 2)
1427 1258 1502 1318 Das
1541 1258 1631 1318 Vieh
1670 1261 1782 1321 säufet
1814 1264 1911 1324 davon
1957 1264 2017 1324 mit
2048 1265 2161 1325 großem
2215 1264 2327 1324 Appe=

1434 1309 1497 1369 tit,
1526 1309 1589 1369 und

1429 1361 1502 1421 Die
1525 1360 1734 1420 Einwohner
1757 1360 1785 1420 im
1825 1360 1938 1420 Dorfe
1956 1363 2102 1423 Ponnau
2138 1363 2233 1423 haben
2268 1363 2318 1423 von

1424 1410 1480 1470 dem
1519 1409 1692 1469 Gebrauch
1727 1410 1827 1470 dieses
1856 1410 2006 1470 Wassers
2041 1410 2074 1470 zu
2108 1410 2197 1470 ihren
2226 1410 2337 1470 Spei¬

1432 1460 1476 1520 sen
1511 1458 1561 1518 den
1602 1461 1782 1521 Vortheil,
1817 1463 1873 1523 daß
1902 1464 1941 1524 sie
1970 1461 2122 1521 dieselben
2163 1461 2247 1521 nicht
2276 1460 2337 1520 sal¬

1428 1509 1481 1569 zen
1514 1509 1647 1569 duͤrfen.

1410 1557 1456 1617 6.
1504 1557 1551 1617 Am
1592 1558 1828 1618 eigentlichsten
1862 1560 1929 1620 aber
1957 1560 2139 1620 bestimmen
2180 1563 2327 1623 folgende

1313 1606 1471 1666 Versuche
1500 1605 1594 1665 dieses
1624 1608 1781 1668 Salzes:

1415 1654 1514 1714 Denn
1556 1652 1587 1712 es
1619 1652 1697 1712 hat:

1429 1697 1591 1757 Kubische
1609 1697 1669 1757 und
1694 1695 1844 1755 gleichsam
1881 1697 2067 1757 lagenweise
2086 1700 2230 1760 gehölete
2248 1703 2326 1763 Kry¬

1430 1739 1570 1799 stallen,
1594 1739 1706 1799 welche
1730 1739 1781 1799 dem
1824 1742 1997 1802 Kochsalze
2016 1742 2100 1802 eigen
2133 1745 2212 1805 sind.

1355 1785 1410 1845 2)
1435 1786 1551 1846 Dieses
1583 1784 1680 1844 Salz
1706 1788 1865 1848 prasselt,
1903 1790 1994 1850 wenn
2032 1790 2062 1850 es
2093 1793 2154 1853 auf
2180 1795 2326 1855 Kohlen=

1429 1840 1522 1900 feuer
1545 1840 1705 1900 gestreuet
1728 1840 1827 1900 wird.

1428 1891 1522 1951 Wird
1548 1891 1579 1951 es
1611 1891 1635 1951 im
1674 1891 1799 1951 Wasser
1831 1893 2032 1953 aufgelöset,
2064 1894 2088 1954 so
2121 1897 2258 1957 schläget
2284 1897 2315 1957 es

1424 1942 1483 2002 das
1517 1939 1544 1999 in
1572 1942 1839 2002 Salpetersauer
1867 1943 2030 2003 zerlaßene
2053 1948 2260 2008 Quecksilber
2288 1949 2320 2009 zu

1423 1990 1509 2050 einem
1556 1990 1674 2050 weißen
1705 1991 1838 2051 Pulver
1859 1990 1986 2050 nieder.

1420 2040 1522 2100 Wenn
1569 2040 1637 2100 man
1678 2040 1815 2100 hierauf
1844 2041 1947 2101 dieses
1982 2040 2114 2100 Pulver
2149 2040 2240 2100 wohl
2275 2040 2332 2100 ab¬

1428 2088 1544 2148 süßet,
1566 2089 1629 2149 und
1656 2088 1682 2148 es
1709 2091 1920 2151 sublimiret;
1947 2092 1973 2152 so
2005 2091 2084 2151 wird
2116 2091 2238 2151 daraus
2275 2093 2317 2153 ein

1423 2137 1515 2197 sicher
1549 2136 1575 2196 zu
1625 2139 1887 2199 gebrauchender
1931 2142 2095 2202 versüßter
2134 2143 2324 2203 Sublimat

1422 2185 1482 2245 des
1508 2184 1752 2244 Quecksilbers.

1355 2236 1393 2296 §.
1419 2235 1457 2295 8.
1509 2233 1591 2293 Nun
1624 2234 1707 2294 wäre
1733 2234 1803 2294 noch
1829 2234 1874 2294 die
1894 2234 2021 2294 Frage:
2048 2234 2085 2294 ob
2112 2236 2143 2296 es
2169 2239 2329 2299 vortheil¬

1314 2286 1384 2346 haft
1412 2283 1476 2343 seyn
1514 2282 1649 2342 würde,
1676 2282 1773 2342 dieses
1806 2282 2092 2342 Brunnenwasser
2125 2285 2179 2345 zum
2228 2288 2319 2348 Salz

1303 2334 1535 2394 einzusieden?
1562 2330 1712 2390 Hierauf
1733 2333 1805 2393 kann
1837 2335 1872 2395 ich
1904 2333 1987 2393 nicht
2013 2332 2132 2392 anders
2168 2331 2214 2391 als
2251 2335 2323 2395 ver¬

1303 2384 1572 2444 neinungsweise
1598 2383 1805 2443 antworten.
1852 2381 1955 2441 Denn
1987 2381 2022 2441 da
2059 2381 2074 2441 1
2111 2384 2224 2444 Pfund
2261 2386 2312 2446 der

1306 2435 1492 2495 Hallischen
1523 2432 1613 2492 Sole
1632 2429 1643 2489 6
1674 2431 1747 2491 Loth
1777 2435 1837 2495 und
1862 2435 1873 2495 3
1892 2432 2073 2492 Quentlein
2098 2433 2188 2493 Salz
2201 2436 2327 2496 liefert,

1305 2494 1317 2554 1
1347 2494 1459 2554 Pfund
1484 2489 1733 2549 Ponnauisches
1763 2494 1971 2554 Salzwasser
2001 2491 2137 2551 dagegen
2162 2498 2221 2558 nur
2251 2505 2316 2565 38,

1313 2550 1400 2610 Gran
1438 2548 1534 2608 Salz
1557 2545 1667 2605 giebt,
1698 2548 1823 2608 folglich
1846 2548 1897 2608 sich
1921 2547 1979 2607 fast
2003 2547 2053 2607 wie
2084 2548 2090 2608 1
2122 2551 2150 2611 zu
2181 2554 2217 2614 54
2247 2557 2320 2617 ver=

1312 2601 1400 2661 halt;
1430 2602 1453 2662 so
1478 2596 1619 2656 ergiebet
1643 2594 1689 2654 sich
1714 2601 1844 2661 hieraus
1874 2599 1926 2659 zur
1951 2597 2098 2657 Gnüge,
2128 2603 2180 2663 daß
2211 2605 2239 2665 es
2270 2605 2316 2665 die

1308 2649 1423 2709 Kosten
1458 2646 1521 2706 und
1551 2643 1665 2703 Mühe
1695 2647 1781 2707 nicht
1805 2649 1960 2709 belohnen
2001 2648 2134 2708 wurde,
2169 2653 2214 2713 die
2244 2653 2313 2713 sehr
