2479 3508
223 342 430 402 Bierfässern
484 339 536 399 die
573 339 696 399 Hähne
745 339 928 399 ausdrehte
982 340 1041 400 und
1101 339 1230 399 dadurch

225 394 402 454 ziemlichen
435 387 586 447 Schaden
619 388 702 448 that.

456 434 709 494 Warschau,
733 440 790 500 den
825 437 894 497 26.
918 437 1004 497 Jul.

274 482 349 542 Des
377 482 506 542 Fürsten
534 485 706 545 Primas,
729 488 923 548 desgleichen
962 485 1015 545 des
1038 485 1237 545 Reichstag¬

228 536 413 596 marschalls
446 533 587 593 Prinzen
626 539 843 599 Czartoryski
866 536 1018 596 Durchl.
1046 536 1149 596 haben
1198 533 1241 593 so¬

227 583 319 643 wohl
341 583 391 643 für
413 583 464 643 sich
490 583 536 643 als
562 586 629 646 auch
661 583 686 643 im
722 586 851 646 Namen
882 586 933 646 des
960 586 1073 646 ganzen
1099 583 1228 643 Senats

223 633 286 693 und
319 631 530 691 sämmtlicher
563 634 743 694 Landboten
786 634 817 694 an
855 634 944 694 Ihro
977 631 1230 691 Hochfürstliche

223 682 371 742 Durchl.
388 684 440 744 den
468 684 595 744 Herzog
622 683 680 743 von
707 682 850 742 Curland
877 680 978 740 Ernst
1000 682 1137 742 Johann
1175 679 1238 739 die¬

225 733 330 793 jenige
381 733 602 793 Constitution
658 733 713 793 der
765 731 1233 791 Convocationsreichstage,

225 784 273 844 die
307 783 452 843 Curland
496 781 658 841 angehet,
708 783 734 843 in
778 781 864 841 ihren
914 784 1097 844 Schreiben
1141 778 1238 838 über¬

235 831 342 891 sandt,
375 830 586 890 demselbigen
625 831 651 891 zu
689 830 743 890 der
771 831 970 891 geschehenen
1014 828 1230 888 Bestätigung

235 880 334 940 seiner
356 879 472 939 Rechte
494 879 679 939 gratulirt,
701 879 764 939 und
796 880 849 940 ihn
881 879 981 939 dabey
1014 879 1156 939 ersucht,
1178 875 1246 935 die¬

235 933 278 993 sen
312 930 561 990 Curländischen
601 930 717 990 Punkt
751 930 778 990 in
812 930 912 990 seinen
946 927 1228 987 Herzogthümern

234 980 409 1040 publiciren
446 979 471 1039 zu
508 981 626 1041 laßen,
668 981 771 1041 damit
803 978 849 1038 sich
880 978 1035 1038 niemand
1067 975 1232 1035 weikerhin

230 1027 295 1087 mit
316 1025 365 1085 der
386 1025 623 1085 Unwissenheit
644 1022 876 1082 entschuldigen
902 1022 1013 1082 möge.
1069 1022 1129 1082 Da
1160 1019 1230 1079 man

232 1072 307 1132 auch
337 1070 362 1130 in
398 1070 453 1130 dem
499 1070 736 1130 Supplement
762 1067 812 1127 der
848 1067 1070 1127 französischen
1106 1067 1236 1127 Leidner

236 1121 369 1181 Zeitung
406 1118 492 1178 einen
529 1116 667 1176 Artickel
689 1115 838 1175 gelesen,
860 1115 992 1175 welcher
1026 1115 1073 1175 die
1100 1115 1238 1175 neuliche

236 1169 434 1229 Disposition
477 1168 525 1228 der
563 1168 761 1228 vereinigten
804 1164 949 1224 Stände
987 1161 1039 1221 der
1078 1163 1248 1223 Republik

240 1218 364 1278 Pohlen
404 1221 426 1281 in
461 1219 635 1279 Ansehung
670 1217 720 1277 des
743 1218 986 1278 Herzogthums
1015 1212 1161 1272 Curland
1190 1210 1240 1270 be¬

234 1270 329 1330 trift,
356 1273 413 1333 und
446 1270 615 1330 worinnen
652 1267 737 1327 das,
764 1267 827 1327 was
865 1269 917 1329 bey
955 1265 1050 1325 dieser
1082 1261 1246 1321 Gelegen¬

234 1321 299 1381 heit
322 1321 513 1381 vorgefallen
540 1321 616 1381 irrig
644 1319 824 1379 angeführt
841 1318 950 1378 wird,
983 1316 1010 1376 so
1038 1318 1147 1378 dienet
1174 1314 1245 1374 dar¬

234 1370 321 1430 auf,
347 1369 398 1429 daß
430 1369 476 1429 der
502 1371 667 1431 Landbote
689 1369 905 1429 Sosnowski
921 1368 946 1428 in
978 1369 1076 1429 seiner
1102 1366 1246 1426 gedruck¬

234 1419 285 1479 ten
311 1419 403 1479 Rede
425 1419 517 1479 mehr
539 1419 584 1479 die
606 1418 724 1478 Rechte
746 1419 797 1479 der
818 1416 982 1476 Republik
1009 1416 1055 1476 als
1087 1416 1138 1476 des
1164 1413 1246 1473 Her¬

233 1467 309 1527 zogs
342 1467 440 1527 Ernst
468 1467 603 1527 Johann
642 1467 870 1527 vertheidigt,
898 1467 1061 1527 darüber,
1100 1464 1153 1524 daß
1187 1464 1240 1524 der

237 1518 410 1578 hochselige
432 1518 534 1578 König
562 1517 621 1577 und
649 1515 697 1575 der
719 1515 838 1575 Senat
866 1515 946 1575 ohne
969 1515 1152 1575 Zuziehung
1185 1512 1239 1572 der

235 1566 404 1626 Republik
428 1566 496 1626 eine
525 1568 604 1628 neue
627 1564 826 1624 Disposition
861 1566 939 1626 über
968 1565 1019 1625 die
1037 1563 1246 1623 Herzogthü¬

242 1613 308 1673 mer
330 1613 501 1673 getroffen,
524 1613 739 1673 Beschwerde
762 1613 911 1673 geführt,
934 1613 994 1673 und
1022 1611 1055 1671 zu
1083 1610 1232 1670 Aufrecht

240 1661 370 1721 haltung
402 1659 451 1719 des
477 1658 593 1718 Rechts
629 1661 680 1721 der
710 1658 877 1718 Republik
903 1657 998 1717 solche
1029 1655 1251 1715 aufzuheben,

238 1706 288 1766 als
316 1706 379 1766 eine
403 1703 502 1763 Folge
526 1703 626 1763 davon
654 1700 727 1760 aber
755 1701 823 1761 auch
850 1700 896 1760 die
920 1697 1156 1757 Anerkennung
1193 1699 1243 1759 des

240 1750 388 1810 Herzogs
418 1748 516 1808 Ernst
532 1746 675 1806 Johann
700 1745 887 1805 verlanget.
956 1742 1079 1802 Dieser
1105 1742 1242 1802 Vortrag

243 1802 278 1862 ist
300 1799 382 1859 nicht
403 1793 475 1853 etwa
502 1796 563 1856 nur
584 1794 641 1854 von
672 1796 682 1856 7
704 1794 879 1854 Landboten
911 1793 1169 1853 angenommen,
1185 1792 1252 1852 son¬

242 1851 312 1911 dern
339 1849 474 1909 nachdem
513 1848 583 1908 noch
611 1849 708 1909 andre
730 1846 838 1906 Reden
871 1846 1012 1906 gehalten
1040 1843 1191 1903 wurden,
1203 1846 1245 1906 die

248 1901 304 1961 alle
333 1900 428 1960 dahin
463 1897 667 1957 abgezielet,
696 1900 780 1960 ohne
809 1897 865 1957 den
905 1897 1080 1957 geringsten
1115 1897 1233 1957 Wider

242 1954 342 2014 spruch
369 1953 432 2013 und
454 1951 634 2011 einmüͤthig
661 1948 714 2008 von
747 1948 820 2008 allen
847 1948 984 2008 beliebet
1007 1948 1160 2008 worden,
1187 1948 1245 2008 wie

241 2002 320 2062 denn
347 2002 415 2062 auch
442 2000 495 2060 bey
522 1999 574 2059 den
601 1999 929 2059 Unterschreibungen
956 1998 1009 2058 der
1025 1997 1236 2057 Constitution

240 2050 335 2110 dieses
356 2049 807 2109 Convocationsreichstages
832 2047 918 2107 nicht
939 2046 1004 2106 eine
1025 2045 1146 2105 einzige
1167 2045 1252 2105 Con¬

238 2100 405 2160 tradiction
441 2098 517 2158 oder
543 2097 762 2157 Reservation
798 2097 899 2157 wider
936 2094 1037 2154 diesen
1073 2094 1256 2154 Curländi¬

244 2151 325 2211 schen
354 2148 470 2208 Punkt
494 2148 522 2208 zu
552 2145 627 2205 lesen
651 2145 708 2205 ist.
755 2145 859 2205 Diese
883 2145 1080 2205 Disposition
1110 2142 1162 2202 der
1185 2143 1248 2203 Re¬

242 2199 347 2259 publik
372 2196 444 2256 kann
478 2194 550 2254 auch
574 2193 766 2253 niemanden
796 2193 915 2253 fremde
940 2193 1166 2253 vorkommen,
1176 2193 1247 2253 wel¬

245 2243 308 2303 chem
351 2243 408 2303 aus
435 2240 488 2300 dem
526 2240 594 2300 Ivre
621 2237 748 2297 publico
775 2237 864 2297 dieses
891 2243 1007 2303 Reichs
1034 2240 1171 2300 bekannt
1198 2242 1245 2302 ist,

246 2291 301 2351 daß
335 2289 378 2349 die
407 2285 566 2345 Republik
595 2284 644 2344 die
672 2288 859 2348 währender
888 2291 1081 2351 Regierung
1109 2291 1158 2351 des
1192 2290 1247 2350 vo¬

242 2341 330 2401 rigen
364 2336 491 2396 Königs
519 2333 734 2393 vorgefallene
758 2340 1001 2400 Exorbitantien
1035 2340 1062 2400 in
1091 2339 1140 2399 dem
1184 2338 1250 2398 dar¬

246 2392 303 2452 auf
327 2386 488 2446 folgenden
517 2381 719 2441 Interregno
755 2387 963 2447 abzuschaffen
998 2389 1170 2449 berechtigt
1194 2390 1251 2450 ist,

244 2442 299 2502 daß
330 2439 373 2499 ein
399 2436 509 2496 König
535 2432 615 2492 ohne
640 2432 875 2492 Einwilligung
901 2439 955 2499 auf
988 2439 1073 2499 einem
1111 2437 1253 2497 Reichs¬

231 2490 303 2550 tage
327 2490 404 2550 über
429 2488 470 2548 die
495 2479 763 2539 Herzogthümer
782 2485 925 2545 Curland
949 2488 1008 2548 und
1039 2488 1236 2548 Semgallen

247 2539 331 2599 nicht
354 2536 535 2596 disponiren
576 2531 677 2591 kann;
712 2529 775 2589 daß
809 2533 928 2593 endlich
963 2537 1008 2597 die
1037 2536 1155 2596 Rechte
1190 2539 1246 2599 des

248 2587 398 2647 Herzogs
429 2584 526 2644 Ernst
557 2582 696 2642 Johann
733 2578 823 2638 durch
854 2581 902 2641 die
933 2587 1151 2647 Constitution
1188 2585 1242 2645 von

248 2638 336 2698 1736
366 2635 425 2695 und
449 2635 501 2695 dem
537 2635 566 2695 zu
596 2634 684 2694 folge
708 2628 838 2688 selbiger
868 2631 921 2691 von
951 2635 1068 2695 Seiten
1104 2635 1157 2695 der
1181 2635 1245 2695 Re=

243 2685 349 2745 publik
374 2683 433 2743 mit
452 2682 504 2742 ihm
547 2680 731 2740 getroffenen
761 2673 868 2733 Pacto
899 2681 1011 2741 bereits
1042 2685 1172 2745 fundirt
1202 2685 1249 2745 ge¬

248 2733 366 2793 wesen,
402 2730 430 2790 in
464 2733 595 2793 welchem
641 2730 761 2790 letztern
795 2724 847 2784 ihm
893 2725 937 2785 die
967 2731 1138 2791 Republik
1167 2733 1246 2793 seine

248 2782 512 2842 Herzogthümer
549 2781 746 2841 garantiret.
807 2769 879 2829 Die
916 2779 1077 2839 Republik
1108 2781 1168 2841 hat
1199 2781 1234 2841 an

249 2832 300 2892 der
340 2831 531 2891 Gültigkeit
560 2829 650 2889 ihrer
690 2826 859 2886 Garantie
893 2825 1028 2885 niemals
1057 2831 1237 2891 gezweifelt

248 2882 279 2942 es
305 2879 342 2939 ist
361 2879 423 2939 also
449 2879 618 2939 offenbar,
644 2877 699 2937 daß
738 2877 793 2937 der
819 2870 994 2930 hochselige
1014 2879 1120 2939 König
1152 2882 1245 2942 solche

240 2932 325 2992 nicht
352 2930 508 2990 aufheben
555 2930 699 2990 können.
766 2928 844 2988 Die
871 2924 1041 2984 Meinung
1074 2933 1165 2993 also,
1186 2932 1244 2992 daß

1279 338 1359 398 diese
1383 339 1573 399 Lehnssache
1596 341 1677 401 nicht
1700 342 1821 402 anders
1856 340 1902 400 als
1931 339 2006 399 nach
2041 337 2092 397 der
2116 343 2271 403 Krönung

1277 385 1362 445 eines
1387 386 1488 446 neuen
1513 389 1644 449 Königs
1675 390 1735 450 von
1771 389 1846 449 allen
1882 386 1992 446 dreyen
2023 386 2179 446 Ständen
2215 393 2260 453 dem

1275 434 1430 494 Könige,
1456 435 1507 495 dem
1549 437 1688 497 Senat,
1715 440 1771 500 und
1803 440 1849 500 der
1865 437 2020 497 Noblesse
2036 434 2185 494 decidiret
2207 438 2284 498 wer¬

1276 486 1327 546 den
1369 485 1518 545 können,
1550 488 1652 548 findet
1684 491 1751 551 hier
1787 490 1874 550 nicht
1901 490 2004 550 statt,
2035 485 2195 545 immaßen
2232 489 2278 549 die

1275 533 1491 593 conföderirte
1529 536 1718 596 Republik,
1751 538 1861 598 welche
1893 537 1966 597 ihre
2004 538 2098 598 eigne
2136 535 2278 595 verletzte

1276 582 1394 642 Rechte
1416 583 1621 643 reclamiret,
1649 588 1729 648 nicht
1752 588 1860 648 nöthig
1893 586 2011 646 gehabt
2033 584 2271 644 Exorbitantien

1275 631 1326 691 bis
1357 632 1414 692 zur
1445 634 1594 694 Decision
1641 634 1723 694 eines
1765 637 1862 697 neuen
1899 637 2027 697 Königs
2064 634 2285 694 auszusetzen,

1275 679 1367 739 wohl
1393 682 1465 742 aber
1491 682 1707 742 beantwortet
1738 687 1784 747 sich
1816 686 1866 746 die
1888 687 2011 747 Frage,
2042 688 2108 748 mit
2130 686 2258 746 welchem

1275 729 1381 789 Recht
1403 728 1455 788 der
1477 731 1652 791 hochselige
1674 736 1780 796 König
1812 736 1875 796 und
1908 733 1955 793 der
1982 736 2099 796 Senat
2126 736 2215 796 allein
2253 732 2279 792 in

1280 778 1364 838 einem
1407 778 1538 838 Senatus
1560 781 1691 841 consilio
1718 784 1770 844 den
1797 784 1918 844 Herzog
1945 784 2044 844 Ernst
2061 784 2197 844 Johann
2230 783 2282 843 sei=

1276 825 1335 885 nes
1363 828 1465 888 Lehns
1498 831 1644 891 entsetzen
1677 834 1796 894 könne.
1846 834 1921 894 Der
1954 833 2051 893 Fürst
2079 831 2133 891 von
2171 831 2279 891 Wilda

1281 879 1461 939 Radziwill
1483 878 1519 938 ist
1536 882 1721 942 nunmehro
1748 882 1880 942 wirklich
1913 882 1933 942 in
1966 882 2013 942 die
2029 882 2209 942 Wallachey
2236 882 2289 942 ge¬

1278 927 1427 987 flüchtet,
1454 928 1515 988 und
1552 930 1634 990 seine
1666 931 1763 991 Leute
1796 933 1950 993 gefangen
1993 933 2178 993 genommen
2220 930 2282 990 und

1276 975 1449 1035 zerstreuet
1464 972 1617 1032 worden.

1432 1022 1821 1082 Constantinopel,
1854 1022 1912 1082 vom
1962 1025 2026 1085 16.
2054 1028 2150 1088 Jun.

1328 1061 1397 1121 Die
1423 1067 1533 1127 Sache
1564 1067 1624 1127 mit
1654 1067 1704 1127 dem
1755 1067 1930 1127 Rußischen
1966 1070 2121 1130 Courier,
2152 1073 2282 1133 welcher

1281 1112 1335 1172 bey
1368 1112 1628 1172 Vierzigkirchen
1672 1115 1758 1175 einen
1802 1115 1975 1175 Postillion
2019 1115 2181 1175 erschossen
2220 1119 2295 1179 hat,

1285 1163 1344 1223 und
1367 1163 1486 1223 darauf
1508 1163 1530 1223 in
1557 1166 1666 1226 Arrest
1688 1168 1867 1228 gekommen
1890 1166 1943 1226 ist,
1966 1166 2047 1226 wird
2069 1166 2151 1226 keine
2168 1166 2281 1226 Folgen

1282 1213 1409 1273 haben;
1437 1213 1514 1273 denn
1547 1213 1647 1273 sobald
1675 1216 1724 1276 der
1747 1216 1907 1276 Rußische
1930 1219 2084 1279 Resident
2113 1219 2195 1279 Herr
2223 1216 2272 1276 von

1281 1264 1445 1324 Obreskow
1483 1264 1536 1324 den
1563 1267 1700 1327 Vorfall
1716 1270 1923 1330 vernommen
1950 1270 2051 1330 hatte,
2078 1270 2199 1330 sendete
2221 1270 2274 1330 der

1285 1315 1360 1375 selbe
1383 1318 1464 1378 einen
1497 1318 1589 1378 seiner
1617 1318 1796 1378 Bedienten
1823 1319 1883 1379 mit
1911 1321 1997 1381 einer
2025 1321 2177 1381 Summe
2210 1318 2290 1378 Gel¬

1285 1366 1332 1426 des
1359 1368 1411 1428 ab,
1439 1368 1486 1428 die
1507 1369 1724 1429 Verwandten
1756 1369 1809 1429 des
1836 1369 2037 1429 Erschossnen
2074 1369 2100 1429 zu
2138 1369 2291 1429 befriedi¬

1280 1416 1357 1476 gen,
1380 1416 1513 1476 welches
1541 1416 1590 1476 ihm
1630 1419 1696 1479 auch
1724 1419 1879 1479 gelungen
1908 1419 1957 1479 ist,
1985 1419 2035 1479 so,
2069 1419 2124 1479 daß
2147 1416 2218 1476 hier
2241 1413 2285 1473 die

1286 1464 1390 1524 Regel
1413 1465 1478 1525 statt
1501 1464 1622 1524 findet:
1650 1466 1716 1526 Wo
1750 1467 1810 1527 kein
1838 1467 1959 1527 Kläger
1987 1467 2047 1527 ist,
2076 1467 2114 1527 da
2142 1465 2180 1525 ist
2208 1464 2274 1524 auch

1283 1513 1340 1573 kein
1373 1516 1520 1576 Richter,
1542 1516 1605 1576 und
1627 1515 1700 1575 wird
1723 1518 1775 1578 der
1797 1517 1955 1577 Courier,
1977 1518 2040 1578 fals
2062 1518 2093 1578 es
2120 1517 2183 1577 noch
2210 1515 2289 1575 nicht

1274 1566 1436 1626 geschehen
1460 1569 1518 1629 ist,
1536 1566 1657 1626 ehstens
1687 1569 1710 1629 in
1740 1569 1884 1629 Freiheit
1897 1568 2001 1628 gesetzt
2013 1566 2158 1626 werden.

1598 1634 1982 1694 AVERTISSEMENT.

1331 1676 1404 1736 Bey
1439 1675 1493 1735 dem
1538 1678 1695 1738 Verleger
1730 1676 1828 1736 dieser
1858 1679 1996 1739 Zeitung
2031 1678 2065 1738 ist
2095 1676 2124 1736 zu
2159 1679 2292 1739 haben:

1281 1721 1456 1781 Joachims
1492 1719 1667 1779 historische
1693 1721 1915 1781 Abhandlung
1946 1721 2000 1781 von
2036 1724 2086 1784 dem
2127 1724 2287 1784 Ursprun¬

1278 1774 1311 1834 ge
1339 1769 1394 1829 des
1422 1769 1627 1829 Wahlrechts
1655 1769 1682 1829 in
1722 1769 1771 1829 dem
1817 1772 2027 1832 Königreiche
2056 1772 2183 1832 Pohlen
2217 1775 2277 1835 und

1276 1819 1369 1879 dessen
1399 1820 1580 1880 bisherigen
1610 1822 1820 1882 Gebrauche,
1844 1823 1855 1883 1
1885 1825 1920 1885 fl.
1944 1825 1978 1885 21
1996 1826 2054 1886 gr.
2102 1825 2283 1885 Joachims

1278 1873 1466 1933 fortgesetzte
1495 1873 1683 1933 Geschichte
1712 1873 1761 1933 der
1790 1876 2190 1936 Staatsveränderungen
2229 1877 2279 1937 des

1285 1926 1377 1986 Ruß.
1399 1924 1535 1984 Reiches
1569 1925 1611 1985 als
1639 1924 1692 1984 der
1716 1924 1807 1984 dritte
1829 1927 1932 1987 Theil
1949 1927 1976 1987 zu
2015 1927 2052 1987 La
2080 1926 2205 1986 Combe
2222 1925 2291 1985 Ge¬

1286 1972 1406 2032 schichte
1429 1972 1484 2032 von
1512 1975 1688 2035 Rußland,
1706 1975 1766 2035 mit
1789 1976 1926 2036 Kupfer,
1943 1978 1954 2038 3
1976 1976 2009 2036 fl.
2021 1975 2031 2035 6
2054 1975 2108 2035 gr.
2137 1975 2186 2035 D.
2203 1975 2285 2035 Heu=

1283 2022 1398 2082 manns
1424 2019 1580 2079 Erweis,
1606 2023 1661 2083 daß
1697 2023 1742 2083 die
1773 2023 1869 2083 Lehre
1900 2023 1950 2083 der
1976 2021 2178 2081 reformirten
2214 2023 2289 2083 Kir¬

1280 2072 1326 2132 che
1352 2070 1403 2130 vom
1445 2070 1657 2130 Abendmahl
1679 2070 1725 2130 die
1747 2072 1844 2132 rechte
1866 2071 1928 2131 und
1954 2073 2062 2133 wahre
2089 2070 2151 2130 sey,
2172 2072 2208 2132 15
2235 2071 2286 2131 gr.

1283 2120 1396 2180 Neues
1438 2117 1494 2177 und
1536 2118 1768 2178 vollständiges
1800 2121 1975 2181 Handbuch
2017 2121 2068 2181 für
2095 2121 2291 2181 Kaufleute,

1280 2167 1445 2227 worinnen
1482 2163 1544 2223 alle
1571 2162 1736 2222 Intressen
1778 2166 1835 2226 und
1867 2172 2199 2232 Agio=Rechnungen
2231 2173 2287 2233 auf

1286 2217 1339 2277 das
1366 2212 1535 2272 genaueste
1557 2212 1785 2272 ausgerechnet
1807 2214 1865 2274 und
1892 2217 1966 2277 aufs
1988 2220 2168 2280 deutlichste
2195 2223 2290 2283 gezei¬

1286 2270 1329 2330 get
1352 2264 1496 2324 werden,
1514 2261 1535 2321 in
1564 2261 1631 2321 498
1665 2263 1809 2323 Tabellen
1837 2264 2021 2324 bestehend,
2049 2267 2060 2327 1
2088 2267 2126 2327 fl.
2149 2270 2182 2330 15
2210 2269 2265 2329 gr.

1335 2327 1414 2387 Dem
1455 2322 1599 2382 Publico
1624 2322 1695 2382 wird
1721 2327 1857 2387 hiermit
1874 2327 2010 2387 bekannt
2035 2327 2203 2387 gemacht,
2228 2329 2283 2389 daß

1283 2378 1330 2438 der
1367 2378 1438 2438 Tag
1474 2373 1534 2433 zur
1564 2372 1688 2432 fünften
1726 2378 1874 2438 Ziehung
1905 2375 1958 2435 der
1988 2375 2131 2435 Königl.
2156 2377 2292 2437 Preuß.

1285 2427 1418 2487 Lotterie
1450 2425 1510 2485 auf
1542 2420 1596 2480 den
1634 2425 1737 2485 31sten
1780 2429 1878 2489 dieses
1915 2426 2068 2486 Monats
2105 2428 2294 2488 festgesetzet

1288 2476 1414 2536 worden
1441 2473 1498 2533 ist.

1309 2542 1626 2602 Wechsel-Cours
1647 2538 1656 2598 &
1707 2545 1854 2605 Species
1885 2543 1924 2603 d.
1945 2545 1993 2605 .10
2034 2549 2142 2609 Aug.
2153 2551 2281 2611 1764.

1290 2593 1475 2653 Amsterdam
1514 2591 1554 2651 41
1577 2584 1660 2644 Tage

1884 2596 1923 2656 71
1943 2596 2029 2656 Tage

1283 2645 1462 2705 Hamburg
1493 2638 1506 2698 3
1531 2639 1586 2699 W.

1821 2643 1932 2703 6W.

1281 2691 1395 2751 Berlin

1772 2694 1929 2754 Dantzig

1286 2740 1424 2800 Ducaten
1451 2734 1523 2794 neue
1544 2735 1550 2795 9
1577 2738 1610 2798 fl.
1617 2741 1623 2801 8
1650 2746 1702 2806 gr.

1847 2743 1976 2803 Alberts
1994 2745 2089 2805 Taler
2107 2745 2168 2805 132
2191 2745 2241 2805 gr.

1286 2789 1398 2849 Rubel
1422 2784 1481 2844 113
1511 2785 1564 2845 gr.

1770 2787 1822 2847 Alt
1836 2793 1976 2853 Polnisch
1996 2793 2070 2853 Geld
2097 2790 2130 2850 13
2151 2790 2197 2850 pr.
2211 2790 2283 2850 Cto.

1289 2850 1382 2910 Diese
1398 2842 1536 2902 Gelehrte
1558 2847 1608 2907 und
1631 2849 1798 2909 Politische
1813 2851 1944 2911 Zeitung
1967 2848 2038 2908 wird
2061 2847 2105 2907 des
2135 2849 2286 2909 Montags

1388 2890 1449 2950 und
1481 2888 1622 2948 Freytags
1647 2891 1671 2951 in
1697 2888 1739 2948 dem
1777 2891 1968 2951 Kanterschen
2006 2889 2178 2949 Buchladen

1674 2933 1894 2993 ausgegeben.
