2479 3508
218 348 324 408 Salmo
357 348 495 408 nitens,
517 345 666 405 anguilla
698 342 799 402 vorax
837 342 890 402 cum
938 344 1087 404 principe
1120 342 1236 402 trutta

268 419 385 479 Mugil
415 418 443 478 et
473 416 666 476 alburnus,
690 416 801 476 gobio,
825 416 948 476 perca,
972 416 1077 476 lupus

219 494 337 554 Carpio
372 491 427 551 cum
473 491 557 551 tinca
591 491 816 551 muraenulal,
839 491 985 551 barbus,
1014 488 1132 548 asellus

263 566 310 626 Et
343 565 443 625 genus
470 566 496 626 in
534 566 639 626 nassas
671 566 751 626 quod
783 563 883 623 natat
911 563 1000 623 omne
1033 563 1143 623 venit.

228 640 306 700 Non
341 641 447 701 surgit
482 640 600 700 nostris
629 639 752 699 Bachus
781 637 922 697 genialis
950 634 984 694 ab
1013 634 1085 694 oris

271 715 406 775 Solibus
430 712 551 772 arctois
580 712 638 772 non
672 712 783 772 coquit
813 709 875 769 vua
910 709 1059 769 merum.

223 786 320 846 Dona
358 786 460 846 tamen
493 786 679 846 portantur
715 784 746 844 et
773 784 834 844 huc
866 784 1016 844 generosa
1048 785 1150 845 Lyaei

283 861 377 921 Quae
407 861 548 921 celehrat
579 858 708 918 Teuto,
733 858 915 918 Sarmata,
940 858 1069 918 gallus,
1094 858 1181 918 iber.

233 934 373 994 Insuper
407 933 531 993 ingenio
564 933 770 993 reparantur
803 933 917 993 damna
950 932 1074 992 racemi

282 1004 362 1064 Dum
411 1007 569 1067 spumant
602 1004 721 1064 nostris
748 1004 878 1064 pinguia
911 1001 1013 1061 mulsa
1047 1004 1149 1064 cadis.

233 1076 374 1136 Largior
408 1076 487 1136 alma
522 1074 617 1134 Ceres
646 1073 690 1133 sed
726 1073 894 1133 fructibus
923 1070 1036 1130 horrea
1071 1073 1155 1133 ditat

287 1145 336 1205 Et
364 1148 512 1208 cumulat
545 1146 635 1206 vario
667 1145 802 1205 munere
835 1142 929 1202 ruris
957 1145 1042 1205 opes.

243 1225 385 1285 Tribula
414 1225 517 1285 grana
552 1222 689 1282 quatit,
724 1222 787 1282 dum
839 1219 953 1279 rustica
988 1219 1113 1279 brachia
1148 1219 1239 1279 lassat

286 1300 425 1360 Frugum
474 1302 548 1362 pars
576 1302 714 1362 editur,
742 1300 886 1360 parsque
914 1297 1036 1357 locatur
1069 1297 1165 1357 agro.

239 1375 359 1435 Altera
390 1376 471 1436 pars
497 1375 587 1435 venit
618 1375 724 1435 pretio
755 1372 921 1432 gaudente
947 1372 1053 1432 colono

284 1446 353 1506 Cum
399 1448 515 1508 grauis
541 1449 611 1509 aere
642 1449 757 1509 domum
803 1449 964 1509 plenaque
995 1446 1115 1506 dextra
1146 1447 1251 1507 redit.

231 1521 302 1581 Nec
331 1521 447 1581 Venus
475 1524 558 1584 alget
586 1524 702 1584 iners,
730 1521 852 1581 socialia
886 1521 1013 1581 foedera
1047 1521 1140 1581 villis

287 1593 353 1653 Vix
386 1596 446 1656 alio
475 1596 573 1656 nectit
607 1596 749 1656 tempore
778 1596 882 1656 festus
910 1596 1058 1656 Hymen.

240 1668 315 1728 Ipsa
348 1667 472 1727 Thalia
506 1670 581 1730 calet
615 1667 756 1727 flammis
789 1667 935 1727 rediuiua
973 1667 1093 1727 camini

285 1736 419 1796 Hosque
451 1736 553 1796 modos
580 1736 693 1796 facilis
714 1735 859 1795 concipit
885 1733 962 1793 ante
989 1733 1117 1793 focum.

297 1900 533 1960 "Instructions
556 1901 635 1961 pour
664 1903 708 1963 les
737 1903 849 1963 jeunes
872 1903 1007 1963 Dames,
1030 1903 1092 1963 qui
1115 1903 1250 1963 entrent

241 1950 346 2010 "dans
365 1953 389 2013 le
414 1951 557 2011 Monde:
596 1951 624 2011 se
649 1952 807 2012 marient:
841 1951 932 2011 leurs
952 1954 1081 2014 devoirs
1100 1957 1177 2017 dans
1201 1954 1254 2014 cet

244 1998 339 2058 Etat
359 2000 368 2060 &
407 2002 516 2062 envers
540 2002 626 2062 leurs
651 2002 784 2062 Enfans.
823 2002 913 2062 Pour
933 2005 1028 2065 servir
1052 2005 1081 2065 de
1105 2005 1181 2065 suite
1210 2004 1238 2064 au

235 2050 402 2110 "magasin
422 2050 474 2110 des
489 2049 723 2109 adolescentes,
733 2052 785 2112 par
805 2049 910 2109 Mdme
929 2052 953 2112 le
968 2052 1077 2112 Prince
1097 2052 1130 2112 de
1145 2052 1245 2112 Beau-

258 2100 379 2160 mont,
406 2100 511 2160 Tome
533 2099 596 2159 IV,
618 2103 633 2163 a
655 2102 680 2162 la
702 2100 834 2160 Haye.
871 2101 945 2161 Die
966 2103 1161 2163 Verfasserin
1194 2103 1246 2163 hat

248 2151 343 2211 diesem
386 2151 502 2211 Bande
524 2148 613 2208 ihrer
634 2151 914 2211 Unterweisungen
947 2151 988 2211 ein
1021 2154 1110 2214 Paar
1132 2151 1248 2211 Worte

241 2199 302 2259 ans
339 2200 452 2260 Herz,
489 2199 571 2259 ber
608 2199 690 2259 einen
732 2196 1031 2256 Catechismustext
1063 2199 1249 2259 vorgesetzt,

240 2246 373 2306 welcher
403 2246 433 2306 in
473 2243 601 2303 unserer
636 2246 794 2306 deutschen
839 2248 992 2308 Sprache
1027 2251 1086 2311 also
1127 2249 1249 2309 lautet:

247 2287 397 2347 "Warum
439 2293 497 2353 hat
521 2291 578 2351 dich
608 2289 712 2349 GOtt
730 2293 753 2353 in
783 2292 834 2352 die
853 2295 945 2355 Welt
963 2295 1120 2355 gesetzt?
1173 2297 1259 2357 Ant

250 2339 353 2399 wort.
400 2341 469 2401 Um
516 2339 567 2399 ihn
602 2339 630 2399 zu
672 2340 850 2400 erkennen,
874 2346 925 2406 ihn
960 2351 989 2411 zu
1024 2348 1156 2408 lieben,
1180 2347 1225 2407 ihm

241 2381 293 2441 zu
331 2390 475 2450 dienen,
502 2390 560 2450 und
599 2387 748 2447 hiedurch
775 2390 854 2450 ewig
892 2396 961 2456 selig
999 2402 1031 2462 zu
1069 2396 1218 2456 werden.

248 2440 371 2500 Dieses
400 2443 461 2503 sagt
483 2439 530 2499 die
552 2437 778 2497 Verfasserin,
807 2441 840 2501 ist
869 2443 916 2503 die
944 2449 1157 2509 vernnftige
1179 2445 1226 2505 lau

246 2496 311 2556 tere
334 2494 460 2554 Milch,
483 2491 527 2551 die
550 2488 610 2548 wir
632 2485 759 2545 unserer
782 2491 914 2551 Jugend
942 2494 963 2554 in
997 2497 1046 2557 den
1075 2496 1190 2556 Mund
1213 2494 1251 2554 le

246 2545 333 2605 gen;
362 2545 450 2605 allein
489 2544 533 2604 die
556 2539 677 2599 Herzen
716 2536 871 2596 derselben
905 2544 959 2604 sind
982 2545 1070 2605 ferne
1098 2545 1153 2605 von
1181 2545 1247 2605 ihr.

250 2593 319 2653 Sie
343 2593 482 2653 glaubt,
506 2593 551 2653 ein
581 2590 715 2650 Heyde,
739 2587 860 2647 gestellt
890 2590 982 2650 unter
1006 2596 1093 2656 einen
1123 2593 1255 2653 christli

244 2643 315 2703 chen
343 2643 503 2703 Haufen,
526 2641 636 2701 wrde
664 2639 719 2699 auf
742 2636 841 2696 nichts
869 2640 1007 2700 weniger
1035 2646 1162 2706 fallen,
1196 2645 1245 2705 als

251 2691 304 2751 da
343 2688 434 2748 dieses
461 2688 515 2748 der
537 2688 710 2748 Endzweck
738 2683 791 2743 des
824 2684 1013 2744 christlichen
1052 2693 1154 2753 Volks
1187 2692 1256 2752 w

243 2742 295 2802 re,
306 2742 364 2802 und
392 2739 465 2799 weit
487 2739 556 2799 eher
577 2739 683 2799 wrde
700 2737 731 2797 er
752 2736 810 2796 auf
832 2733 874 2793 die
896 2739 1065 2799 Gedanken
1092 2742 1256 2802 kommen,

246 2790 301 2850 da
329 2790 390 2850 wir
413 2790 473 2850 uns
496 2790 596 2850 nichts
619 2790 729 2850 weiter
752 2784 801 2844 als
825 2784 869 2844 ein
897 2784 991 2844 Paar
1014 2791 1130 2851 Worte
1153 2793 1258 2853 Fran

241 2842 347 2902 zsisch
374 2841 400 2901 zu
427 2841 612 2901 plaudern,
639 2841 697 2901 und
729 2837 793 2897 eine
820 2835 994 2895 glnzende
1017 2840 1111 2900 Rolle
1138 2841 1164 2901 in
1191 2840 1244 2900 der

243 2891 339 2951 Welt
357 2894 381 2954 zu
412 2891 521 2951 spielen
552 2891 715 2951 vorgesetzt
740 2888 873 2948 htten.
946 2885 1030 2945 Eine
1049 2891 1248 2951 Wahrheit,

1280 339 1323 399 die
1351 336 1406 396 wir
1429 338 1490 398 uns
1518 339 1567 399 der
1590 339 1790 399 Verfasserin
1823 342 1906 402 nicht
1934 342 2161 402 abzulugnen
2190 342 2278 402 unter

1281 389 1375 449 stehen
1408 386 1566 446 wrden,
1593 388 1683 448 wenn
1715 392 1752 452 sie
1779 394 1874 454 gleich
1917 389 2012 449 diesem
2055 387 2187 447 Heyden
2224 393 2292 453 eine

1276 437 1410 497 Laterne
1433 436 1465 496 am
1504 434 1600 494 hellen
1634 438 1779 498 Mittage
1802 443 1829 503 in
1857 443 1905 503 die
1927 440 2024 500 Hand
2057 437 2193 497 gegeben
2226 439 2295 499 ht

1276 485 1320 545 te.
1348 485 1425 545 Wir
1448 485 1564 545 knnen
1592 485 1641 545 den
1675 487 1763 547 wohl
1786 491 2013 551 angebrachten
2036 488 2124 548 Eifer
2147 488 2201 548 fr
2224 488 2290 548 eine

1280 538 1303 598 so
1332 533 1449 593 heilige
1467 533 1577 593 Sache
1601 536 1647 596 als
1677 536 1724 596 die
1748 542 1899 602 Religion
1929 542 1986 602 ist,
2004 540 2132 600 unserer
2156 539 2185 599 so
2209 539 2307 599 sanft

1278 580 1443 640 mthigen
1475 583 1727 643 Beaumont
1749 588 1779 648 um
1822 589 1847 649 so
1873 591 2012 651 weniger
2039 592 2219 652 verargen,
2256 588 2292 648 da

1284 631 1366 691 einer
1392 631 1625 691 unchristlichen
1656 637 1836 697 Lebensart
1858 640 2049 700 ungeachtet
2065 640 2147 700 schon
2179 640 2302 700 Saug

1279 678 1369 738 linge
1390 682 1602 742 ausgelernet
1623 685 1774 745 werden,
1815 689 1875 749 fein
1911 688 1981 748 laut
2012 690 2068 750 und
2104 691 2234 751 deutlich
2265 691 2295 751 in

1286 727 1401 787 Poesie
1419 730 1482 790 und
1500 732 1604 792 Prosa
1634 730 1662 790 zu
1686 736 1807 796 sagen:
1830 739 1893 799 Ich
1918 736 1969 796 bin
2005 736 2044 796 ein
2068 733 2206 793 Christ

1285 775 1355 835 Die
1377 778 1566 838 Anekdote,
1594 781 1702 841 welche
1724 785 1772 845 die
1795 786 1994 846 Verfasserin
2022 786 2081 846 von
2108 788 2157 848 sich
2179 789 2303 849 anfh

1283 826 1354 886 ret,
1383 830 1432 890 da
1460 828 1499 888 sie
1522 828 1654 888 nmlich
1682 832 1754 892 blos
1782 835 1809 895 in
1843 837 1893 897 der
1916 837 2042 897 Maske
2065 837 2148 897 einer
2171 837 2303 897 franz

1289 876 1388 936 sischen
1427 879 1726 939 Sprachmeisterin
1771 885 1820 945 ihr
1853 885 1969 945 tglich
2003 885 2097 945 Brod
2130 888 2290 948 gefunden

1285 927 1397 987 htte,
1426 927 1482 987 und
1511 927 1561 987 da
1590 930 1629 990 sie
1647 930 1691 990 als
1732 930 1799 990 eine
1817 933 2059 993 Lehrmeisterin
2100 936 2150 996 der
2173 936 2297 996 Moral

1282 975 1489 1035 verhungert
1515 975 1629 1035 ware,
1660 975 1717 1035 hat
1748 978 1810 1038 uns
1837 981 1955 1041 wichtig
1987 984 2085 1044 genug
2117 987 2287 1047 geschienen

1288 1020 1350 1080 hier
1376 1022 1542 1082 hergesetzt
1569 1022 1594 1082 zu
1626 1022 1745 1082 werden
1855 1019 1870 1079 -

1925 1022 2005 1082 Wir
2027 1031 2218 1091 wnschen,
2235 1035 2292 1095 da

1290 1067 1339 1127 die
1365 1068 1617 1128 Bemhungen
1653 1070 1783 1130 unserer
1815 1070 2066 1130 Beaumont
2087 1076 2177 1136 ihres
2213 1080 2303 1140 End

1283 1115 1393 1175 zwecks
1419 1117 1505 1177 nicht
1531 1115 1692 1175 verfehlen
1728 1121 1869 1181 mgen,
1910 1121 1970 1181 und
2006 1121 2036 1181 da
2072 1122 2168 1182 dieser
2193 1124 2289 1184 Band

1283 1166 1515 1226 insbesondere
1546 1166 1636 1226 denen
1667 1172 1930 1232 Candidatinnen
1961 1170 2011 1230 des
2047 1171 2127 1231 heil.
2143 1171 2299 1231 Ehestan

1288 1214 1343 1274 des
1377 1216 1553 1276 gewidmet
1576 1216 1637 1276 ist,
1659 1219 1686 1279 so
1715 1219 1819 1279 hoffen
1859 1220 1919 1280 wir
1947 1222 1997 1282 den
2031 1221 2224 1281 Liebhabern
2263 1222 2290 1282 in

1288 1267 1382 1327 dieser
1410 1267 1666 1327 hochzeitreichen
1695 1271 1906 1331 Michaelzeit
1929 1273 2012 1333 einen
2034 1273 2251 1333 Liebesdienst
2268 1273 2295 1333 zu

1287 1318 1463 1378 erweisen,
1489 1319 1579 1379 wenn
1615 1321 1675 1381 wir
1706 1321 1802 1381 diesen
1838 1324 1953 1384 vierten
1990 1326 2090 1386 Band
2126 1326 2156 1386 zu
2197 1327 2282 1387 einem

1288 1370 1508 1430 vorzglichen
1548 1370 1696 1430 Prsent
1719 1372 1757 1432 an
1791 1372 1862 1432 ihre
1885 1375 2039 1435 Schnen
2078 1375 2299 1435 vorschlagen.

1290 1417 1355 1477 Die
1377 1419 1540 1479 Pflichten
1568 1422 1660 1482 gegen
1688 1422 1736 1482 die
1758 1422 1883 1482 Kinder
1906 1424 2030 1484 werden
2064 1425 2237 1485 gleichfalls
2270 1425 2291 1485 in

1290 1469 1359 1529 eben
1395 1470 1495 1530 diesem
1540 1470 1660 1530 Bande
1691 1472 1966 1532 mitgenommen.
2017 1473 2087 1533 Die
2117 1473 2297 1533 Schnen,

1281 1518 1416 1578 welchen
1453 1515 1499 1575 die
1526 1521 1896 1581 Beaumontschen
1933 1521 2088 1581 Arbeiten
2120 1524 2203 1584 ganz
2235 1524 2297 1584 und

1288 1570 1358 1630 gar,
1373 1569 1459 1629 durch
1485 1566 1545 1626 und
1571 1569 1661 1629 durch
1687 1569 1864 1629 gewidmet
1885 1571 1965 1631 sind,
1976 1572 2102 1632 wrden
2128 1572 2183 1632 wir
2204 1575 2289 1635 durch

1290 1615 1358 1675 eine
1380 1616 1517 1676 Lobrede
1544 1616 1601 1676 auf
1617 1617 1728 1677 unsere
1749 1616 1944 1676 Verfasserin
1976 1619 2171 1679 beleidigen.
2224 1622 2292 1682 Sie

1287 1661 1387 1721 haben
1418 1664 1473 1724 von
1509 1661 1534 1721 je
1565 1661 1620 1721 her
1646 1661 1691 1721 die
1717 1662 1898 1722 Wahrheit
1924 1665 2228 1725 liebenswurdiger
2253 1670 2303 1730 ge

1291 1706 1435 1766 funden,
1463 1706 1548 1766 wenn
1580 1705 1630 1765 sich
1657 1706 1706 1766 hie
1730 1707 1788 1767 und
1816 1706 1847 1766 da
1879 1709 1942 1769 eine
1961 1706 2146 1766 Schwester
2169 1712 2222 1772 von
2250 1712 2299 1772 ih

1280 1745 1340 1805 nen
1378 1745 1406 1805 in
1444 1748 1495 1808 der
1519 1748 1683 1808 Gemeine
1716 1751 1744 1811 zu
1778 1751 1871 1811 reden
1909 1751 2101 1811 entschlossen
2139 1756 2219 1816 hat,
2247 1756 2303 1816 lie

1290 1795 1543 1855 benswrdiger
1566 1796 1636 1856 sage
1659 1798 1728 1858 ich,
1756 1799 1799 1859 als
1826 1799 1912 1859 wenn
1940 1802 1978 1862 sie
2006 1802 2065 1862 aus
2098 1805 2146 1865 dem
2190 1808 2303 1868 Mun

1289 1846 1316 1906 de
1339 1849 1422 1909 eines
1451 1849 1506 1909 von
1541 1849 1652 1909 unserm
1686 1852 1870 1912 Geschlecht
1893 1852 1998 1912 fliet,
2010 1855 2077 1915 oder
2100 1857 2189 1917 (rara
2212 1859 2295 1919 avis)

1287 1901 1336 1961 auf
1359 1903 1409 1963 die
1432 1903 1544 1963 Lippen
1572 1903 1662 1963 ihrer
1679 1903 1858 1963 Liebhaber
1881 1906 2032 1966 verirret.
2083 1909 2133 1969 Es
2162 1911 2301 1971 versteht

1292 1951 1336 2011 sich
1367 1952 1452 2012 also,
1478 1954 1532 2014 da
1563 1957 1819 2017 Beaumont
1845 1957 1875 2017 zu
1910 1957 1985 2017 allen
2016 1960 2297 2020 Frauenzimmer

1288 2002 1498 2062 bibliotheken
1525 2005 1673 2065 gehret.
1700 2005 1810 2065 Kostet
1832 2007 1858 2067 in
1890 2007 1937 2067 der
1958 2008 2164 2068 Kanterschen
2191 2011 2296 2071 Buch=

1288 2052 1452 2112 handlung
1489 2052 1629 2112 allhier,
1660 2051 1722 2111 wie
1753 2052 1820 2112 auch
1857 2055 1887 2115 in
1924 2055 2043 2115 Elbing
2080 2055 2136 2115 und
2173 2057 2286 2117 Mitau

1289 2103 1299 2163 4
1327 2100 1366 2160 fl.
1383 2101 1421 2161 15
1450 2103 1505 2163 gr.
1550 2100 1622 2160 Die
1645 2100 1783 2160 deutsche
1806 2103 2028 2163 Uebersetzung
2062 2106 2118 2166 von
2152 2107 2284 2167 Johann

1296 2151 1428 2211 Joachim
1471 2148 1682 2208 Schwaben,
1707 2151 1864 2211 ebenfalls
1889 2154 1901 2214 4
1931 2154 1967 2214 fl.
1986 2154 2022 2214 15
2053 2157 2100 2217 gr.

1330 2234 1430 2294 Der
1464 2243 1676 2303 Schauplatz
1704 2246 1759 2306 der
1793 2247 1910 2307 Liebe,
1950 2249 1994 2309 ein
2039 2249 2200 2309 Geschenk
2234 2252 2289 2312 fr

1289 2291 1394 2351 "mein
1433 2292 1564 2352 Liebstes
1597 2292 1655 2352 zum
1693 2297 1809 2357 Neuen
1847 2297 1963 2357 Jahr.
2044 2294 2085 2354 La
2112 2297 2224 2357 Satyre
2256 2299 2292 2359 ne

1286 2344 1365 2404 sert,
1392 2342 1465 2402 qu
1487 2339 1597 2399 rendre
1624 2339 1655 2399 un
1687 2342 1734 2402 fat
1751 2346 1872 2406 illustre
1893 2345 1961 2405 sagt
1988 2345 2199 2405 Boileau,
2226 2348 2283 2408 und

1287 2393 1334 2453 die
1366 2392 1561 2452 Erfahrung
1588 2390 1694 2450 lehret
1715 2395 1778 2455 es,
1810 2396 1862 2456 da
1895 2395 1942 2455 die
1974 2396 2106 2456 Kritik,
2133 2396 2217 2456 wenn
2254 2398 2290 2458 sie

1288 2445 1374 2505 einen
1402 2443 1531 2503 Autor,
1559 2438 1607 2498 der
1634 2440 1725 2500 vllig
1753 2446 1839 2506 unter
1861 2445 1898 2505 sie
1926 2443 2104 2503 erniedrigt
2132 2446 2190 2506 ist,
2218 2449 2271 2509 zum

1287 2495 1417 2555 Narren
1448 2491 1579 2551 macht,
1610 2491 1770 2551 denselben
1802 2495 1977 2555 bekannter
1998 2494 2124 2554 macht,
2160 2499 2205 2559 als
2235 2500 2285 2560 ers

1295 2545 1468 2605 verdienet.
1521 2537 1601 2597 Der
1619 2544 1781 2604 Verfasser
1800 2545 1851 2605 des
1881 2545 2123 2605 Schauplatzes
2148 2548 2199 2608 der
2223 2549 2292 2609 Lie=

1288 2593 1327 2653 be
1361 2593 1434 2653 mag
1475 2590 1531 2650 sein
1577 2587 1742 2647 Geschenk
1776 2593 1810 2653 an
1850 2593 1906 2653 sein
1947 2593 2117 2653 Liebstes,
2157 2596 2287 2656 welches

1289 2642 1370 2702 ohne
1387 2639 1522 2699 Zweifel
1539 2635 1582 2695 ein
1610 2643 1898 2703 Stubenmdchen
1926 2641 1990 2701 seyn
2013 2645 2105 2705 mu,
2122 2645 2159 2705 um
2198 2646 2284 2706 einen

1292 2691 1318 2751 so
1345 2691 1497 2751 plumpen
1530 2683 1651 2743 Scherz
1673 2691 1831 2751 verdauen
1869 2691 1894 2751 zu
1921 2691 2043 2751 knnen
2075 2696 2127 2756 zum
2170 2697 2281 2757 Neuen

1298 2742 1384 2802 Jahr
1420 2738 1494 2798 oder
1530 2736 1581 2796 zum
1635 2740 1837 2800 Jahrmarkt
1866 2742 2086 2802 anbringen;
2127 2742 2196 2802 wir
2237 2739 2294 2799 ha

1288 2788 1340 2848 ben
1368 2784 1468 2844 nichts
1496 2781 1666 2841 dawider,
1693 2787 1725 2847 ob
1752 2790 1811 2850 wir
1833 2790 1923 2850 gleich
1955 2790 2034 2850 nicht
2057 2790 2190 2850 lugnen
2228 2786 2302 2846 kn

1283 2836 1370 2896 nen,
1393 2833 1447 2893 da
1481 2831 1508 2891 er
1531 2836 1757 2896 vernnftiger
1780 2840 1890 2900 gethan
1918 2840 2029 2900 htte,
2051 2840 2100 2900 ihr
2123 2832 2222 2892 etwas
2250 2832 2277 2892 zu

1286 2885 1506 2945 Stecknadeln
1540 2883 1567 2943 in
1607 2888 1650 2948 die
1678 2891 1777 2951 Hand
1806 2891 1838 2951 zu
1872 2891 2026 2951 drucken.
2071 2885 2154 2945 Wir
2182 2882 2281 2942 haben

2208 2935 2279 2995 uns
