2479 3508
225 342 344 402 bunden
375 341 481 401 achten
512 339 660 399 müssen,
685 340 720 400 sie
744 340 774 400 zu
804 339 923 399 loben;
965 338 1018 398 das
1055 339 1132 399 aber
1162 336 1251 396 kâme

232 390 333 450 seinem
376 389 445 449 Haß
472 389 504 449 zu
531 389 648 449 schwer
675 389 733 449 an.

275 437 347 497 Die
370 437 464 497 Welt
482 437 520 497 ist
543 437 565 497 in
593 437 693 497 seinen
721 436 827 496 Augen
856 437 961 497 nichts
984 436 1028 496 als
1057 434 1101 494 ein
1129 434 1257 494 schreck¬

231 488 325 548 licher
353 488 535 548 Abgrund,
558 487 629 547 voll
652 485 707 545 von
740 486 856 546 Lastern
896 485 956 545 und
984 485 1255 545 Ausschweifun=
1289 484 1404 544 mögen
1438 482 1537 542 nichts
1571 482 1670 542 wider
1687 485 1748 545 sie.

232 538 321 598 gen;
348 536 412 596 alle
434 537 608 597 Menschen
640 536 697 596 sind
730 536 830 596 davon
862 536 1058 596 angesteckt;
1096 535 1127 595 er
1159 533 1248 593 allein

231 583 267 643 ist
298 583 355 643 der
387 586 599 646 allgemeinen
647 585 860 645 Verderbniß
897 583 1104 643 entgangen.

1173 582 1252 642 Die

226 634 482 694 Ueberzeugung
521 634 658 694 hiervon
702 634 739 694 ist
772 634 830 694 das
868 634 996 694 einzige
1034 631 1258 691 Vergnügen,

233 683 288 743 das
317 685 366 745 für
389 685 438 745 den
472 685 744 745 Menschenfeind
767 683 911 743 rüͤhrend
934 684 994 744 ist,
1028 682 1128 742 daher
1162 682 1256 742 über¬

233 733 306 793 laßt
323 733 350 793 er
374 736 423 796 sich
452 733 502 793 ihm
547 736 620 796 auch
648 736 743 796 ganz.

287 781 357 841 Von
396 783 450 843 den
483 782 657 842 Menschen
695 782 722 842 in
761 781 858 841 seiner
886 780 1092 840 Gegenwart
1126 780 1250 840 günstig

234 831 409 891 sprechen,
444 831 505 891 das
540 831 653 891 heißt,
688 831 744 891 sich
779 831 812 891 zu
852 831 937 891 ihrem
995 831 1249 891 Mitschuldigen

232 882 383 942 machen.
434 876 484 936 Er
505 882 676 942 betrachtet
697 882 737 942 sie
763 882 864 942 daher
895 879 990 939 unter
1026 882 1111 942 einem
1163 876 1258 936 zwie¬

234 933 338 993 fachen
374 930 693 990 Gesichtspunkte;
746 932 798 992 als
833 930 1066 990 Lasterhafte,
1107 930 1170 990 und
1206 926 1252 986 als

242 979 392 1039 Freunde
414 979 465 1039 der
487 980 731 1040 Lasterhaften.

291 1024 373 1084 Sein
408 1025 474 1085 Haß
502 1025 597 1085 gegen
625 1025 675 1085 die
698 1022 870 1082 Menschen
905 1022 982 1082 geht
1010 1022 1033 1082 so
1056 1025 1161 1085 weit,
1195 1023 1250 1083 daß

243 1074 274 1134 er
308 1073 399 1133 sogar
426 1073 518 1133 ihren
557 1070 697 1130 Beyfall
725 1070 898 1130 verwirft;
942 1070 995 1130 die
1023 1073 1255 1133 Hochachtung

238 1124 398 1184 derselben
441 1121 477 1181 ist
515 1121 568 1181 ihm
622 1121 862 1181 fürchterlich;
900 1119 963 1179 und
1007 1118 1080 1178 eben
1124 1121 1262 1181 darinne

240 1175 322 1235 zeigt
353 1174 399 1234 sich
436 1175 654 1235 vornehmlich
696 1174 778 1234 seine
809 1171 1027 1231 Eigenliebe;
1063 1171 1092 1231 er
1129 1169 1169 1229 ist
1200 1169 1252 1229 sich

248 1222 337 1282 selbst
361 1225 485 1285 genug.

293 1270 353 1330 So
375 1275 435 1335 wie
458 1275 486 1335 er
514 1273 702 1333 jedermann
730 1272 834 1332 haßt,
857 1270 885 1330 so
919 1270 957 1330 ist
985 1270 1012 1330 er
1046 1268 1079 1328 es
1113 1270 1184 1330 auch
1212 1267 1267 1327 zu¬

243 1324 386 1384 frieden,
409 1327 597 1387 jedermann
626 1324 765 1384 verhaßt
799 1324 826 1384 zu
854 1321 954 1381 seyn;
988 1321 1020 1381 er
1054 1321 1198 1381 wünscht
1221 1319 1253 1379 es

237 1372 344 1432 sogar.
402 1375 543 1435 Allein,
584 1372 611 1432 so
640 1375 736 1435 fertig
771 1372 838 1432 auch
873 1371 958 1431 sonst
993 1372 1043 1432 die
1072 1372 1247 1432 Menschen

239 1422 330 1482 sind,
358 1422 444 1482 böses
477 1421 536 1481 mit
558 1422 644 1482 bösem
688 1422 822 1482 reichlich
850 1422 876 1482 zu
909 1422 1108 1482 erwiedern,
1131 1421 1157 1481 so
1185 1421 1260 1481 hin¬

237 1470 388 1530 tergehen
416 1470 448 1530 sie
465 1470 529 1530 doch
552 1473 720 1533 hierinnen
747 1472 823 1532 seine
839 1470 1068 1530 Erwartung;
1095 1470 1133 1530 sie
1150 1470 1246 1530 hassen

239 1518 287 1578 ihn
320 1521 422 1581 nicht,
439 1521 476 1581 sie
499 1524 655 1584 bedauren
683 1521 736 1581 ihn
764 1521 845 1581 nur.
900 1521 1024 1581 Selbst
1046 1521 1110 1581 ihre
1138 1518 1257 1578 Eigen¬

233 1571 314 1631 liebe
336 1569 418 1629 wird
446 1570 533 1630 durch
561 1572 659 1632 seinen
687 1572 757 1632 Haß
796 1570 878 1630 nicht
906 1569 1086 1629 beleidigt;
1125 1569 1168 1629 sie
1191 1571 1250 1631 sind

237 1619 398 1679 allzusehr
421 1619 520 1679 davon
554 1619 760 1679 überzeugt,
788 1622 876 1682 daß,
910 1622 1099 1682 jedermann
1133 1619 1255 1679 hassen,

239 1665 342 1725 soviel
364 1667 435 1727 sey,
463 1667 539 1727 als,
567 1667 675 1727 keinen
703 1664 828 1724 hassen.

280 1707 354 1767 Der
377 1709 642 1769 Menschenfeind
666 1709 740 1769 kann
763 1709 843 1769 zwar
862 1706 977 1766 andern
1001 1708 1098 1768 seines
1117 1706 1247 1766 gleichen

240 1753 330 1813 böses
354 1754 544 1814 nachreden,
558 1753 640 1813 nicht
658 1751 726 1811 aber
754 1751 840 1811 boͤses
863 1748 1053 1808 wünschen;
1081 1748 1158 1808 denn
1181 1748 1262 1808 sonst

244 1802 354 1862 müßte
377 1802 406 1862 er
436 1799 638 1859 befürchten,
656 1799 679 1859 so
703 1799 772 1859 böse
790 1799 824 1859 zu
848 1799 940 1859 seyn,
958 1798 1004 1858 als
1028 1796 1068 1856 sie
1092 1796 1201 1856 selbst.

288 1849 406 1909 Wider
437 1852 543 1912 keinen
585 1850 685 1910 bricht
721 1852 780 1912 sein
816 1853 886 1913 Haß
929 1849 993 1909 mit
1024 1850 1136 1910 solcher
1160 1850 1254 1910 Hitze

232 1906 313 1966 aus,
325 1906 371 1966 als
395 1906 447 1966 den
477 1906 715 1966 Schmeichler.
740 1903 833 1963 Dies
851 1902 885 1962 ist
904 1901 955 1961 sein
985 1903 1230 1963 Gegenfüßler.

281 1957 351 2017 Hat
373 1957 400 2017 er
428 1957 553 2017 einmal
570 1957 618 2017 sich
646 1957 672 2017 in
706 1956 804 2016 seinen
832 1954 1071 2014 Vorurtheilen
1104 1954 1245 2014 bestärkt

238 2007 264 2067 so
296 2008 428 2068 vermag
460 2008 512 2068 ihn
550 2008 650 2068 nichts
682 2007 776 2067 mehr
803 2005 903 2065 davon
935 2005 966 2065 zu
994 2005 1120 2065 heilen.
1163 2002 1257 2062 Ver¬

238 2057 324 2117 sucht
342 2057 446 2117 man,
470 2055 510 2115 sie
528 2055 556 2115 zu
586 2056 812 2116 widerlegen,
836 2057 864 2117 so
888 2055 991 2115 macht
1010 2055 1085 2115 man
1120 2054 1154 2114 sie
1184 2052 1235 2112 ihm

235 2104 297 2164 nur
327 2105 443 2165 immer
467 2104 583 2164 lieber.

275 2153 348 2213 Von
376 2154 426 2214 den
461 2156 634 2216 Menschen
663 2154 825 2214 verachtet
848 2152 1004 2212 werden,
1027 2152 1100 2212 dies
1128 2151 1167 2211 ist
1196 2150 1251 2210 für

227 2203 281 2263 ihn
314 2203 379 2263 eine
402 2205 544 2265 Freude.
593 2204 686 2264 Man
714 2202 789 2262 kann
824 2202 877 2262 von
905 2202 959 2262 ihm
999 2202 1118 2262 sagen,
1146 2199 1178 2259 er
1206 2199 1249 2259 sey

232 2249 391 2309 vielmehr
424 2251 625 2311 tugendhaft
652 2249 710 2309 aus
742 2249 816 2309 Haß
849 2252 943 2312 gegen
976 2251 1023 2311 die
1056 2249 1230 2309 Menschen

227 2300 344 2360 welche
378 2297 428 2357 die
457 2298 596 2358 Tugend
624 2297 882 2357 hindansetzen,
905 2303 954 2363 als
989 2303 1050 2363 aus
1073 2300 1167 2360 Liebe
1196 2297 1251 2357 zur

234 2348 381 2408 Tugend
405 2345 515 2405 selbst.

286 2399 351 2459 Ich
382 2398 466 2458 halte
498 2396 551 2456 den
582 2393 848 2453 Menschenfeind
880 2396 945 2456 frey
982 2399 1036 2459 vom
1080 2396 1254 2456 Ehrgeize.

239 2446 329 2506 Ehre
360 2446 419 2506 und
450 2443 716 2503 Reichthümer,
754 2443 808 2503 die
833 2449 1068 2509 Gegenstände
1093 2445 1244 2505 desselben

232 2497 353 2557 können
388 2500 439 2560 ihm
492 2497 578 2557 nicht
602 2491 828 2551 schmeicheln;
858 2494 886 2554 er
916 2499 1088 2559 betrachtet
1118 2496 1158 2556 sie
1182 2496 1245 2556 nur

237 2548 288 2608 als
312 2548 561 2608 Belohnungen
591 2544 641 2604 des
671 2539 812 2599 Lasters.

270 2597 323 2657 Es
354 2599 472 2659 scheint
497 2596 728 2656 wunderbar,
771 2590 823 2650 daß
866 2592 919 2652 der
949 2593 1246 2653 Menschenfeind,

228 2644 278 2704 der
313 2644 364 2704 sich
404 2645 506 2705 dafür
542 2643 729 2703 ausgiebt,
758 2638 815 2698 daß
856 2638 883 2698 er
918 2643 1106 2703 jedermann
1153 2645 1254 2705 hasse,

226 2694 424 2754 gleichwohl
453 2694 551 2754 gegen
593 2694 645 2754 die
669 2691 767 2751 Liebe
797 2686 878 2746 nicht
908 2694 1158 2754 unempfindlich
1193 2694 1250 2754 ist.

231 2743 279 2803 Er
307 2744 382 2804 liebt
410 2745 593 2805 zuweilen,
632 2745 691 2805 und
724 2739 804 2799 liebt
826 2738 988 2798 heftiger,
1021 2742 1069 2802 als
1097 2744 1248 2804 jemand.

233 2793 362 2853 Seinem
412 2793 585 2853 Vorgeben
623 2793 693 2853 nach
732 2791 769 2851 ist
802 2789 855 2849 der
883 2787 991 2847 Zweck
1019 2791 1121 2851 seiner
1149 2790 1240 2850 Liebe

226 2844 353 2904 dieser,
381 2844 423 2904 ein
455 2844 546 2904 Herz
578 2844 625 2904 der
658 2838 866 2898 Verderbniß
904 2836 930 2896 zu
968 2841 1159 2901 entreißen;
1197 2840 1239 2900 ein

227 2894 349 2954 elender
372 2891 560 2951 Vorwand,
588 2894 693 2954 hinter
716 2891 765 2951 dem
810 2888 859 2948 die
877 2885 1065 2945 Eigenliebe
1093 2893 1137 2953 sich
1171 2891 1254 2951 ver¬

1295 333 1398 393 birgt.
1445 333 1520 393 Die
1544 335 1659 395 Natur
1683 334 1862 394 behauptet
1886 333 1960 393 stets
1990 333 2059 393 ihre
2088 332 2204 392 Rechte
2239 339 2314 399 über

1291 381 1350 441 alle
1378 380 1447 440 ihre
1470 381 1610 441 Wesen;
1638 383 1675 443 sie
1703 383 1784 443 weis
1817 386 1860 446 sie
1888 383 1990 443 gültig
2029 382 2055 442 zu
2094 383 2250 443 machen,
2273 386 2321 446 so¬

1285 431 1357 491 bald
1391 431 1418 491 es
1446 431 1496 491 ihr
1519 429 1652 489 gefällt;
1681 434 1730 494 die
1753 434 1975 494 menschlichen
2004 432 2225 492 Vorurtheile
2248 434 2320 494 ver¬

1695 679 1898 739 Leipzig.

1339 715 1446 775 „Des
1475 724 1560 784 Qv.
1578 727 1742 787 Horatius
1772 730 1908 790 Flaccus
1948 727 2079 787 lyrische
2102 732 2261 792 Gedichte
2285 730 2312 790 in

1296 774 1479 834 „deutschen
1513 775 1599 835 Oden
1626 778 1778 838 übersetzt
1805 780 1859 840 von
1897 780 2114 840 Gotthilf
2141 784 2314 844 Flamin

1294 825 1587 885 „Weidnern.
1631 828 1744 888 Nebst
1766 828 1847 888 einer
1875 828 2026 888 Vorrede
2054 828 2107 888 D.
2130 831 2313 891 Johann

1327 874 1502 934 Wendel
1531 876 1843 936 Neuhausens.
1872 879 1928 939 gr.
1940 878 2024 938 8vo,
2048 879 2161 939 1764,
2184 879 2224 939 19
2253 878 2325 938 Bo¬

1315 923 1399 983 gen.
1479 922 1574 982 Dies
1601 924 1637 984 ist
1659 924 1727 984 eine
1749 927 1828 987 neue
1850 927 1986 987 Auflage
2019 927 2103 987 eines
2136 930 2309 990 poetischen

1289 969 1439 1029 Werks,
1473 972 1528 1032 das
1563 972 1662 1032 zuerst
1696 971 1779 1031 1690
1830 975 1857 1035 zu
1892 975 2019 1035 Leipzig
2053 978 2231 1038 erschienen
2265 978 2320 1038 ist.

1299 1019 1374 1079 Wir
1394 1019 1494 1079 finden
1530 1019 1681 1079 darinnen
1712 1019 1782 1079 sehr
1813 1019 1878 1079 viel
1894 1020 2115 1080 Fließendes,
2140 1025 2200 1085 und
2226 1025 2321 1085 man¬

1300 1067 1348 1127 che
1376 1067 1543 1127 Stellen,
1566 1067 1614 1127 die
1641 1067 1695 1127 ihr
1723 1064 1907 1124 Verdienst
1929 1067 2058 1127 haben;
2097 1069 2123 1129 im
2173 1072 2307 1132 Ganzen

1295 1115 1372 1175 aber
1393 1117 1589 1177 betrachtet,
1616 1115 1651 1175 ist
1672 1115 1740 1175 doch
1771 1115 1817 1175 die
1843 1115 2070 1175 Uebersetzung
2097 1118 2123 1178 so
2154 1118 2210 1178 gut
2237 1120 2319 1180 nicht

1295 1166 1476 1226 gerathen,
1502 1166 1548 1226 als
1580 1164 1616 1224 sie
1638 1166 1746 1226 Horaz
1772 1167 1969 1227 verdiente,
1996 1166 2057 1226 und
2094 1169 2162 1229 eine
2193 1166 2317 1226 strenge

1300 1216 1407 1276 Kritik
1440 1213 1548 1273 würde
1581 1216 1645 1276 hier
1689 1216 1758 1276 noch
1797 1219 1899 1279 vieles
1932 1219 2153 1279 auszubessern
2191 1219 2315 1279 finden.

1296 1267 1403 1327 Wenn
1431 1267 1502 1327 man
1529 1267 1664 1327 indessen
1692 1267 1779 1327 billig
1801 1269 1898 1329 seyn,
1926 1268 1985 1328 und
2018 1270 2077 1330 auf
2100 1270 2154 1330 die
2176 1267 2246 1327 Zeit
2268 1270 2322 1330 zu¬

1291 1319 1362 1379 rück
1396 1320 1479 1380 sehen
1519 1318 1618 1378 will,
1641 1318 1668 1378 in
1702 1319 1757 1379 der
1791 1321 1829 1381 sie
1852 1321 2101 1381 ausgearbeitet
2130 1321 2246 1381 ward,

1299 1371 1376 1431 kann
1407 1369 1474 1429 man
1506 1370 1587 1430 nicht
1609 1369 1779 1429 läugnen,
1826 1368 1882 1428 daß
1914 1369 1959 1429 der
1986 1369 2151 1429 Verfasser
2178 1371 2311 1431 Talente

1295 1419 1418 1479 gehabt
1440 1419 1548 1479 habe,
1575 1419 1637 1479 und
1663 1419 1735 1479 man
1767 1419 1839 1479 muß
1865 1416 1917 1476 sich
1949 1419 2109 1479 vielmehr
2140 1419 2316 1479 wundern,

1295 1470 1351 1530 daß
1388 1467 1419 1527 es
1456 1468 1538 1528 schon
1575 1470 1704 1530 damals
1736 1469 1828 1529 Leute
1855 1467 1948 1527 gab,
1979 1469 2025 1529 die
2057 1468 2113 1528 den
2150 1467 2305 1527 deutschen

1296 1518 1495 1578 Wohlklang
1523 1518 1550 1578 so
1573 1518 1628 1578 gut
1651 1518 1678 1578 in
1701 1518 1789 1578 ihrer
1818 1518 1955 1578 Gewalt
1979 1518 2111 1578 hatten.
2190 1518 2311 1578 Daher

1295 1566 1459 1626 verdiente
1480 1566 1557 1626 diese
1578 1566 1804 1626 Uebersetzung
1836 1566 1954 1626 schon,
1985 1568 2036 1628 als
2068 1568 2139 1628 eine
2166 1566 2309 1626 gelehrte

1301 1616 1620 1676 Merkwürdigkeit,
1647 1616 1734 1676 durch
1766 1615 1833 1675 eine
1859 1615 1936 1675 neue
1957 1616 2117 1676 Ausgabe
2138 1616 2313 1676 bekannter

1293 1666 1322 1726 zu
1357 1661 1504 1721 werden.
1559 1661 1632 1721 Hr.
1662 1658 1716 1718 D.
1741 1661 1982 1721 Neuhaus,
2022 1663 2066 1723 ein
2101 1664 2213 1724 Mann
2248 1663 2302 1723 von

1289 1706 1393 1766 vieler
1432 1706 1680 1766 philologischer
1714 1703 2015 1763 Gelehrsamkeit,
2049 1706 2111 1766 und
2145 1708 2302 1768 Mitglied

1293 1743 1347 1803 des
1379 1745 1542 1805 Leipziger
1575 1745 1815 1805 Stadtraths,
1843 1745 1901 1805 hat
1933 1745 1960 1805 in
1997 1748 2051 1808 der
2083 1748 2233 1808 Vorrede
2265 1751 2305 1811 ein

1292 1793 1507 1853 Verzeichniß
1536 1792 1587 1852 der
1610 1796 1763 1856 deutschen
1786 1798 2053 1858 Uebersetzungen
2082 1799 2246 1859 geliefert,
2263 1802 2308 1862 die

1291 1846 1352 1906 wir
1375 1846 1430 1906 vom
1475 1846 1587 1906 Horaz
1604 1849 1733 1909 haben.
1783 1849 2018 1909 Nothwendig
2046 1852 2158 1912 mußte
2181 1852 2208 1912 in
2248 1855 2308 1915 uns

1294 1900 1349 1960 bey
1372 1900 1470 1960 dieser
1493 1900 1719 1960 Gelegenheit
1737 1903 1802 1963 eine
1825 1901 1902 1961 neue
1930 1903 2118 1963 Sehnsucht
2152 1906 2217 1966 nach
2246 1905 2300 1965 den

1295 1951 1480 2011 übersetzten
1517 1951 1712 2011 horazischen
1749 1954 1842 2014 Oden
1873 1954 1950 2014 rege
1977 1956 2130 2016 werden,
2173 1954 2223 2014 die
2250 1954 2306 2014 wir

1290 2002 1346 2062 von
1393 2002 1490 2062 Hrn.
1522 2002 1738 2062 Ramlers
1775 2002 1955 2062 geschickter
1987 2003 2089 2063 Feder
2131 2002 2311 2062 erwarten,

1287 2050 1344 2110 und
1374 2049 1426 2109 von
1456 2050 1551 2110 denen
1590 2049 1648 2109 uns
1682 2050 1763 2110 seine
1798 2052 1893 2112 daran
1928 2052 2115 2112 verwandte
2139 2052 2307 2112 Sorgfalt

1288 2097 1335 2157 die
1362 2100 1441 2160 beste
1463 2098 1621 2158 Hofnung
1648 2097 1769 2157 giebet.
1818 2100 1896 2160 Wir
1929 2103 2092 2163 wünschen
2130 2103 2203 2163 dazu
2241 2103 2309 2163 die¬

1291 2151 1331 2211 sem
1379 2148 1565 2208 verdienten
1601 2147 1736 2207 Manne
1757 2148 1855 2208 Leben
1892 2150 1954 2210 und
1980 2154 2213 2214 Gesundheit,
2239 2154 2301 2214 und

1290 2199 1341 2259 die
1367 2196 1667 2256 Aufmerksamkeit
1698 2196 1812 2256 irgend
1854 2199 1941 2259 eines
1983 2200 2096 2260 großen
2138 2203 2298 2263 Gönners

1286 2247 1339 2307 der
1366 2243 1656 2303 Wissenschaften,
1678 2246 1715 2306 um
1763 2246 1815 2306 ihm
1869 2246 1937 2306 eine
1964 2249 2064 2309 seinem
2112 2250 2223 2310 Fleiße
2255 2249 2308 2309 ge¬

1285 2299 1382 2359 mäße
1410 2294 1610 2354 Belohnung
1638 2294 1665 2354 zu
1698 2297 1871 2357 ertheilen.
1920 2297 2039 2357 Kosten
2073 2297 2099 2357 in
2138 2297 2191 2357 der
2214 2297 2305 2357 Kan¬

1285 2348 1417 2408 terschen
1451 2342 1722 2402 Buchhandlung
1756 2348 1889 2408 allhier,
1912 2345 1972 2405 wie
2001 2347 2072 2407 auch
2112 2347 2139 2407 in
2173 2348 2294 2408 Elbing

1283 2396 1347 2456 und
1375 2396 1489 2456 Mitau
1522 2393 1532 2453 2
1565 2393 1603 2453 fl.

1708 2446 1875 2506 Zürich.

1326 2489 1501 2549 „Marcus
1537 2488 1671 2548 Tullius
1707 2494 1847 2554 Cicero,
1871 2494 1918 2554 ein
1953 2492 2193 2552 Trauerspiel,
2223 2497 2304 2557 8vo,

1288 2542 1432 2602 21764,
1450 2546 1455 2606 |
1467 2544 1478 2604 5
1519 2539 1657 2599 Bogen.
1739 2539 1802 2599 Ein
1837 2543 1952 2603 kleines
1993 2542 2097 2602 Stück
2132 2545 2183 2605 von
2225 2545 2270 2605 fün

1285 2593 1392 2653 kurzen
1420 2589 1610 2649 Aufzügen.
1659 2584 1735 2644 Der
1752 2591 1854 2651 Verf.
1871 2591 2017 2651 erinnert
2039 2593 2131 2653 gleich
2154 2594 2180 2654 im
2219 2595 2305 2655 Vor¬

1285 2642 1433 2702 berichte,
1460 2640 1512 2700 daß
1540 2637 1608 2697 man
1640 2636 1724 2696 keine
1752 2641 1868 2701 heftige
1890 2641 1948 2701 und
1975 2641 2154 2701 sturmische
2182 2643 2298 2703 Bewe¬

1284 2693 1369 2753 gung
1399 2688 1550 2748 darinnen
1581 2685 1610 2745 zu
1641 2690 1746 2750 suchen
1782 2691 1887 2751 habe,
1923 2690 1983 2750 und
2019 2690 2074 2750 daß
2104 2690 2129 2750 er
2155 2693 2215 2753 nur
2235 2691 2290 2751 den

1284 2741 1432 2801 Beyfall
1454 2733 1612 2793 Weniger
1645 2736 1702 2796 von
1740 2739 1877 2799 sanftern
1904 2739 2105 2799 Neigungen
2143 2736 2301 2796 begehre.

1284 2789 1356 2849 Aus
1387 2784 1484 2844 diesem
1537 2787 1811 2847 Gesichtspunkte
1847 2789 1924 2849 muß
1966 2790 2032 2850 man
2075 2787 2105 2847 es
2142 2784 2291 2844 demnach

1273 2836 1505 2896 beurtheilen,
1536 2833 1596 2893 und
1632 2837 1717 2897 nicht
1754 2838 1834 2898 seine
1875 2838 2108 2898 Forderungen
2149 2832 2179 2892 so
2215 2832 2290 2892 hoch

1280 2888 1449 2948 spannen,
1476 2884 1523 2944 als
1551 2888 1767 2948 gemeiniglich
1800 2888 1857 2948 von
1884 2888 1994 2948 unsern
2027 2882 2217 2942 Witzlingen
2249 2881 2302 2941 ge=

2150 2931 2283 2991 schieht.
