2479 3508
225 337 297 397 auch
335 336 426 396 durch
457 334 493 394 sie
531 333 572 393 ein
610 330 756 390 gewisser
787 331 891 391 Geist
916 330 964 390 der
990 330 1154 390 Trägheit
1185 330 1246 390 und

233 386 514 446 Unwirksamkeit
541 382 568 442 so
595 380 779 440 schleichend
812 382 903 442 fort,
942 381 995 441 daß
1034 380 1169 440 dadurch
1202 377 1250 437 die

231 436 350 496 Hälfte
383 433 470 493 derer
493 428 716 488 Lebensjahre
749 431 830 491 sonst
858 431 1015 491 gesunder
1038 428 1174 488 Bürger
1202 425 1261 485 ab¬

236 486 396 546 gekürzt,
430 482 490 542 und
524 479 767 539 Stuffenweise
796 479 851 539 von
890 479 1078 539 Geschlecht
1112 478 1144 538 zu
1184 476 1261 536 Ge¬

230 534 386 594 schlecht,
409 532 511 592 kleine
539 530 701 590 keichende
729 530 793 590 und
831 530 901 590 bald
935 527 1134 587 ermattende
1156 525 1253 585 Pup=
1292 523 1373 583 über
1395 521 1497 581 Unsre
1519 527 1747 587 Erkänntniß,
1774 530 1833 590 und
1861 530 1958 590 bleibt
1981 530 2045 590 doch
2072 530 2099 590 in
2132 527 2202 587 allen
2235 523 2310 583 We¬

238 582 330 642 pen,
352 581 428 641 statt
450 580 604 640 gesunder
631 578 837 638 Einwohner
859 578 992 638 geboren
1029 578 1183 638 werden,
1210 574 1256 634 die

241 631 327 691 schon
355 629 424 689 halb
452 628 478 688 in
507 628 593 688 ihrer
615 628 756 688 Geburt
779 628 946 688 verzehrt,
979 625 1033 685 den
1066 625 1179 685 Beruf
1207 623 1255 683 der

236 682 355 742 Natur
377 681 464 741 nicht
481 679 611 739 erfüllen
644 679 791 739 können,
813 676 878 736 und
900 676 1019 736 endlich
1047 673 1123 733 ohne
1151 673 1259 733 Nach¬

241 730 383 790 kommen
410 729 601 789 ausgehen.
660 723 733 783 Ihr
755 726 972 786 Vermögen,
999 724 1084 784 wenn
1121 721 1158 781 sie
1185 720 1264 780 wel¬

239 781 305 841 ches
334 781 457 841 gehabt
480 778 602 838 haben,
625 775 708 835 wird
737 775 865 835 dadurch
894 775 1067 835 zerstreut,
1090 775 1145 835 und
1174 772 1268 832 fließt

235 828 266 888 in
292 828 396 888 andre
418 828 579 888 Familien
605 825 704 885 über.
756 822 829 882 Und
861 825 891 885 es
923 822 1006 882 wird
1038 825 1121 885 diese
1137 821 1262 881 Quelle

246 878 303 938 vom
346 876 419 936 Fall
442 876 526 936 derer
553 873 769 933 Geschlechter
791 873 881 933 wohl
902 873 970 933 noch
997 873 1114 933 immer
1146 868 1261 928 reicher

235 927 302 987 und
329 927 511 987 ergiebiger
533 924 678 984 werden,
705 924 730 984 je
753 922 841 982 mehr
867 924 893 984 zu
925 924 1039 984 unsern
1066 924 1170 984 Zeiten
1202 915 1253 975 von

240 975 442 1035 verdorbnen
469 972 729 1032 Staatslehrern
762 971 808 1031 der
835 971 1001 1031 Ueberfluß
1033 972 1079 1032 der
1101 969 1262 1029 Wollüste

240 1023 302 1083 und
339 1022 614 1082 Vergnügungen
646 1019 697 1079 für
729 1017 775 1077 ein
802 1019 931 1079 Zeichen
968 1015 1019 1075 der
1051 1016 1264 1076 Gesundheit

943 1060 1023 1120 Das
1056 1064 1253 1124 Aussterben

243 1072 300 1132 der
327 1070 458 1130 Nation
495 1067 642 1127 gehalten
679 1064 783 1124 wird.

236 1118 444 1178 männlicher
477 1115 616 1175 Erben,
649 1112 799 1172 wodurch
838 1112 1036 1172 Familien,
1079 1112 1170 1172 durch
1203 1108 1261 1168 das

241 1170 295 1230 der
317 1169 497 1229 weiblichen
530 1164 617 1224 Linie
640 1163 721 1223 nicht
743 1163 814 1223 eben
842 1163 896 1223 gar
918 1160 950 1220 zu
984 1160 1070 1220 billig
1104 1160 1261 1220 geraubte

244 1220 373 1280 Recht,
407 1219 460 1279 den
499 1216 628 1276 Namen
667 1215 715 1275 der
743 1213 873 1273 Väter,
912 1213 987 1273 statt
1015 1207 1068 1267 des
1102 1206 1258 1266 Namens

239 1270 293 1330 der
316 1270 468 1330 Männer
491 1269 517 1329 zu
545 1269 681 1329 tragen,
699 1264 955 1324 verschwinden,
972 1262 1092 1322 möchte
1109 1258 1147 1318 ich
1175 1255 1261 1315 wohl

236 1321 336 1381 denen
365 1321 527 1381 Aerzten,
556 1318 612 1378 zur
641 1315 859 1375 Erforschung
893 1315 944 1375 der
972 1312 1124 1372 Ursachen
1163 1309 1258 1369 dessel

243 1369 333 1429 ben,
354 1369 612 1429 wohlbedächtig
643 1366 846 1426 überlaßen;
882 1365 942 1425 und
978 1363 1033 1423 von
1069 1363 1165 1423 denen
1201 1360 1251 1420 ent

240 1419 384 1479 ferntern
416 1419 597 1479 Ursachen,
624 1416 768 1476 wodurch
800 1414 901 1474 ganze
923 1413 1082 1473 Familien
1120 1412 1258 1472 oftmals

240 1468 366 1528 fallen,
392 1468 483 1528 wenn
514 1467 549 1527 sie
570 1464 650 1524 etwa
676 1466 731 1526 alle
757 1464 939 1524 zusammen
975 1461 1000 1521 in
1031 1461 1117 1521 einer
1138 1461 1254 1521 solchen

240 1518 464 1578 Verbindung
502 1518 662 1578 standen,
690 1515 748 1575 daß
786 1512 828 1572 ein
871 1512 1015 1572 einziger
1048 1512 1122 1572 Fall
1150 1509 1256 1569 keinen

240 1566 336 1626 unter
363 1566 458 1626 ihnen
496 1566 677 1626 verschonen
715 1563 858 1623 konnte,
891 1563 1008 1623 glaube
1035 1561 1109 1621 ich,
1137 1561 1189 1621 daß
1222 1557 1259 1617 sie

249 1616 317 1676 sehr
339 1616 428 1676 selten
461 1615 545 1675 sind,
572 1613 635 1673 und
662 1613 757 1673 unter
785 1610 837 1670 dem
885 1610 1097 1670 allgemeinen
1124 1609 1256 1669 Namen

235 1664 565 1724 landverderblicher
592 1661 739 1721 Seuchen
770 1658 866 1718 stehen
897 1658 1039 1718 köͤnnen.

291 1707 399 1767 Wenn
444 1709 527 1769 einem
581 1705 802 1765 Landesherrn
847 1703 945 1763 daran
985 1702 1112 1762 gelegen
1152 1698 1245 1758 wäre

244 1757 349 1817 lieber
378 1753 474 1813 große
508 1751 666 1811 Familien
705 1748 757 1808 aus
786 1742 886 1802 Einem
935 1745 1059 1805 Stamm
1103 1742 1165 1802 und
1194 1739 1266 1799 Na¬

254 1854 287 1914 zu
315 1852 447 1912 haben:
470 1849 498 1909 so
526 1846 652 1906 köͤnnten
681 1846 769 1906 durch
798 1843 958 1903 genauere
975 1844 1257 1904 Aufzeichnungen

255 1900 348 1960 derer
376 1902 535 1962 Erstern,
569 1902 635 1962 und
669 1897 922 1957 Bemerkungen
967 1894 1054 1954 derer
1088 1891 1264 1951 Unglücks¬

250 1951 350 2011 fälle,
377 1949 599 2009 Krankheiten
626 1946 689 2006 und
711 1948 949 2008 Todesarten,
971 1945 1118 2005 wodurch
1145 1943 1181 2003 sie
1203 1942 1266 2002 ver¬

249 2002 432 2062 schwunden
465 1999 547 2059 sind,
569 2001 639 2061 sehr
661 1996 742 2056 viele
770 1996 921 2056 heilsame
944 1996 1106 2056 Anstalten
1139 1991 1193 2051 zur
1210 1990 1269 2050 Er¬

253 2052 391 2112 haltung
423 2049 583 2109 derselben
619 2046 769 2106 gemacht
790 2043 939 2103 werden.
1001 2043 1058 2103 So
1084 2043 1156 2103 bald
1187 2043 1259 2103 man

249 2100 390 2160 alsdenn
428 2099 517 2159 durch
555 2097 639 2157 diese
671 2094 850 2154 öffentliche
882 2091 1166 2151 Untersuchungen
1209 2093 1267 2153 an¬

251 2148 396 2208 merkte,
424 2148 478 2208 daß
516 2147 586 2207 eine
608 2145 749 2205 Familie
777 2142 825 2202 sich
864 2144 934 2204 sehr
961 2142 1172 2202 verringere,
1200 2141 1232 2201 un

248 2198 338 2258 ihrem
381 2196 514 2256 Verfall
536 2194 615 2254 nahe
637 2193 710 2253 sey:
738 2190 763 2250 so
791 2193 923 2253 konnten
956 2191 1093 2251 alsdenn
1131 2190 1263 2250 oftmals

243 2246 318 2306 noch
344 2243 472 2303 Mittel
487 2240 625 2300 geschaft
646 2237 803 2297 werden,
829 2240 900 2300 die,
926 2240 951 2300 so
977 2240 1053 2300 weit
1074 2237 1099 2297 es
1130 2237 1176 2297 die
1197 2239 1272 2299 Na¬

250 2294 308 2354 tur
340 2291 393 2351 der
420 2288 536 2348 Dinge
568 2285 721 2345 erlaubt,
753 2285 854 2345 etwas
886 2290 912 2350 zu
954 2288 1044 2348 ihrer
1076 2288 1261 2348 Erhaltung

254 2342 313 2402 und
341 2338 439 2398 neuem
477 2333 683 2393 Wachsthum
727 2336 923 2396 beytrügen.
973 2337 1075 2397 Diese
1098 2336 1266 2396 Vorsorge

251 2391 306 2451 für
334 2387 550 2447 weitläuftige
573 2381 728 2441 Familien
756 2384 867 2444 würde
890 2387 1083 2447 wenigstens
1117 2387 1167 2447 den
1195 2386 1272 2446 Nu=

255 2440 310 2500 ten
340 2438 469 2498 haben,
493 2435 543 2495 den
583 2432 651 2492 man
680 2432 866 2492 überhaupt
895 2435 945 2495 bey
974 2438 1070 2498 denen
1105 2435 1251 2495 spätesten

252 2488 572 2548 Nachkömmlingen
605 2479 768 2539 bemerkt,
801 2482 859 2542 daß
886 2485 925 2545 sie
952 2487 1036 2547 sich,
1063 2488 1121 2548 aus
1154 2485 1238 2545 einem

256 2539 378 2599 Triebe
405 2539 458 2599 der
480 2533 756 2593 Nacheiferung,
783 2531 868 2591 durch
906 2533 958 2593 das
991 2536 1161 2596 Andenken
1188 2536 1267 2596 alter

251 2587 443 2647 Verfahren
472 2587 500 2647 zu
529 2586 619 2646 guten
648 2578 869 2638 Handlungen
898 2584 1090 2644 begeistern,
1114 2587 1170 2647 und
1199 2584 1266 2644 ger¬

246 2641 289 2701 ne
317 2638 343 2698 in
377 2636 567 2696 Fußstapfen
595 2634 692 2694 treten
720 2627 861 2687 mögen,
895 2630 943 2690 die
971 2635 1079 2695 irgend
1107 2635 1134 2695 zu
1173 2635 1259 2695 einer

241 2688 318 2748 Zet
341 2687 402 2747 mit
419 2685 497 2745 einem
536 2685 708 2745 Merkmal
731 2677 782 2737 des
804 2676 937 2736 Segens
960 2684 1116 2744 begleitet
1133 2685 1261 2745 waren.

305 2731 378 2791 Bey
405 2733 479 2793 allen
506 2733 601 2793 denen
628 2729 918 2789 Schwierigkeiten
950 2730 1045 2790 aber,
1072 2733 1129 2793 von
1156 2733 1250 2793 diesen

249 2784 531 2844 Veränderungen
560 2784 625 2844 eine
648 2784 731 2844 ganz
754 2776 881 2836 gewisse
898 2775 959 2835 und
987 2782 1180 2842 allgemeine
1203 2784 1258 2844 Ur¬

243 2841 329 2901 sache
355 2838 385 2898 zu
423 2838 596 2898 erfinden,
622 2835 739 2895 müssen
771 2829 833 2889 wir
865 2829 975 2889 endlich
1013 2835 1149 2895 dennoch
1181 2835 1249 2895 eine

1291 327 1438 387 göttliche
1462 327 1675 387 Vorsehung,
1693 330 1746 390 die
1764 331 1959 391 überhaupt
1978 328 2000 388 in
2031 327 2125 387 denen
2155 332 2314 392 Ordnun¬

1287 379 1344 439 gen
1377 374 1429 434 der
1451 373 1587 433 Geburt
1614 377 1671 437 und
1709 377 1761 437 des
1788 380 1893 440 Todes
1931 377 1983 437 der
2010 374 2209 434 Menschen,
2236 380 2304 440 ihre

1290 422 1583 482 Majestätsrechte
1611 428 1692 488 ganz
1719 428 1932 488 willkührlich
1970 428 2160 488 bestimmt,
2199 428 2301 488 hierin

1289 476 1443 536 erkennen
1480 473 1537 533 und
1568 476 1785 536 bewundern.
1833 479 1910 539 Sie
1931 479 2085 539 schwingt
2112 476 2163 536 sich
2200 476 2303 536 hierin

1294 575 1350 635 gen
1377 572 1479 632 lauter
1500 572 1587 632 Güte
1614 578 1671 638 und
1692 578 1872 638 Weisheit.
1903 574 1913 634 —

2041 578 2131 638 Man
2163 577 2242 637 kann
2274 575 2305 635 es

1297 621 1344 681 sich
1371 620 1461 680 leicht
1483 625 1678 685 vorstellen,
1705 625 1773 685 was
1806 627 1858 687 für
1890 628 1942 688 den
1975 627 2143 687 Ueberrest
2171 625 2308 685 anderer

1292 670 1473 730 Menschen
1509 673 1635 733 daraus
1666 676 1822 736 entstehen
1858 676 2004 736 wurde,
2046 679 2136 739 wenn
2178 678 2238 738 nur
2263 676 2318 736 ge=

1294 720 1376 780 wisse
1403 721 1573 781 zahlreiche
1594 727 1754 787 Familien
1791 727 1878 787 allein
1915 727 1940 787 im
1983 727 2184 787 Wachsthum
2231 727 2308 787 blie¬

1295 772 1375 832 ben.
1424 770 1499 830 Sie
1527 773 1656 833 würden
1695 776 1840 836 endlich,
1862 775 1926 835 mit
1943 775 2202 835 Unterdrückung
2240 778 2310 838 klei¬

1292 819 1347 879 ner
1373 819 1616 879 Geschlechter,
1641 822 1686 882 die
1712 824 1772 884 wie
1793 825 1950 885 einsames
1981 825 2087 885 Moos
2113 825 2143 885 an
2174 825 2300 885 niedern

1297 867 1514 927 Gesträuchen
1552 871 1721 931 wachsen,
1753 874 1806 934 die
1833 873 2039 933 herrschende
2061 873 2299 933 Nebensonnen

1291 918 1444 978 werden,
1469 920 1563 980 durch
1588 921 1677 981 deren
1712 922 1820 982 Glanz
1846 922 1890 982 die
1915 924 2048 984 kleinern
2079 924 2236 984 Gestirne
2257 924 2315 984 un¬

1300 966 1428 1026 sichtbar
1450 969 1595 1029 werden.
1647 966 1709 1026 Wo
1735 969 1864 1029 würden
1901 970 1942 1030 die
1969 972 2108 1032 weniger
2135 975 2310 1035 zahlreiche

1297 1013 1544 1073 Geschlechter,
1571 1015 1673 1075 Muth
1705 1013 1730 1073 zu
1762 1016 2071 1076 Unternehmungen
2108 1022 2314 1082 bekommen,

1297 1058 1389 1118 wenn
1426 1061 1477 1121 sich
1514 1061 1570 1121 das
1597 1061 1740 1121 Geschick
1767 1063 1921 1123 gleichsam
1963 1064 2174 1124 verschworen
2211 1070 2313 1130 hätte,

1302 1109 1363 1169 nur
1389 1109 1435 1169 die
1456 1109 1575 1169 Cedern
1606 1108 1663 1168 auf
1684 1109 1823 1169 Libanon
1849 1112 1879 1172 zu
1906 1109 2045 1169 stüͤtzen,
2071 1113 2117 1173 die
2143 1112 2195 1172 sich
2221 1118 2303 1178 schon

1298 1157 1324 1217 in
1352 1157 1498 1217 mehrern
1526 1158 1672 1218 Zweigen
1701 1160 1923 1220 ausgebreitet
1945 1160 2075 1220 haben?

1341 1204 1434 1264 Eben
1465 1207 1522 1267 aus
1559 1210 1611 1270 dem
1658 1210 1746 1270 Falle
1773 1210 1866 1270 derer
1892 1213 2053 1273 Familien
2090 1213 2214 1273 werden
2251 1211 2308 1271 wir

1292 1256 1360 1316 uns
1393 1258 1509 1318 immer
1541 1260 1630 1320 mehr
1663 1262 1900 1322 überzeugen,
1943 1264 1995 1324 daß
2033 1264 2080 1324 die
2107 1264 2307 1324 menschliche

1298 1312 1446 1372 Hoheit,
1486 1312 1535 1372 die
1563 1312 1827 1372 Unsterblichkeit
1856 1314 1905 1374 des
1939 1315 2126 1375 Namens,
2159 1315 2219 1375 und
2259 1315 2308 1375 die

1293 1360 1422 1420 Sorge
1444 1362 1492 1422 für
1514 1360 1562 1420 die
1585 1363 1762 1423 Nachwelt
1779 1363 1811 1423 zu
1844 1365 1924 1425 leben
1963 1363 2005 1423 ein
2044 1366 2157 1426 kleines
2184 1366 2303 1426 Nichts

1294 1410 1405 1470 unsrer
1432 1410 1580 1470 geliebten
1612 1411 1761 1471 Eitelkeit
1782 1412 1878 1472 sind?
1910 1411 1989 1471 Wir
2011 1413 2122 1473 mögen
2149 1413 2175 1473 es
2202 1413 2318 1473 anstel¬

1287 1459 1369 1519 len,
1396 1458 1452 1518 wie
1473 1461 1535 1521 wir
1556 1461 1695 1521 wollen:
1727 1463 1752 1523 so
1778 1464 1850 1524 muß
1877 1461 2011 1521 dennoch
2042 1462 2130 1522 Erde
2151 1461 2176 1521 zu
2208 1464 2311 1524 Erde,

1292 1509 1352 1569 und
1383 1509 1499 1569 Staub
1525 1509 1555 1569 zu
1586 1510 1702 1570 Staub
1728 1512 1875 1572 werden.
1916 1512 1986 1572 Die
2007 1512 2230 1572 Ausbreitung
2261 1512 2311 1572 der

1292 1557 1477 1617 Geschöpfe
1493 1559 1541 1619 ins
1563 1559 1753 1619 Unendliche
1775 1560 1806 1620 ist
1823 1561 1902 1621 einer
1923 1562 2198 1622 mathematischen
2226 1560 2310 1620 Linie

1292 1608 1412 1668 gleich,
1438 1608 1483 1668 die
1508 1608 1563 1668 nur
1594 1608 1619 1668 in
1650 1608 1694 1668 der
1720 1608 2038 1668 Einbildungskraft
2059 1610 2174 1670 immer
2200 1610 2310 1670 weiter

1292 1653 1472 1713 fortgehet.
1520 1652 1680 1712 Dasselbe
1702 1652 1836 1712 Gesetz,
1862 1655 1997 1715 welches
2023 1655 2147 1715 macht,
2174 1657 2230 1717 daß
2257 1658 2308 1718 der

1291 1695 1433 1755 Schooß
1453 1696 1501 1756 der
1522 1694 1600 1754 Erde
1620 1697 1727 1757 ältert,
1742 1697 1796 1757 und
1821 1697 1967 1757 aufhört,
1983 1700 2002 1760 so
2027 1700 2134 1760 häufig
2159 1701 2188 1761 zu
2218 1700 2310 1760 gebä¬

1291 1739 1367 1799 ren,
1382 1739 1424 1799 als
1444 1739 1468 1799 in
1492 1739 1539 1799 der
1564 1739 1654 1799 ersten
1684 1741 1812 1801 Jugend
1842 1742 1894 1802 der
1909 1742 2014 1802 Welt,
2029 1745 2210 1805 verursacht
2230 1748 2301 1808 eben

253 1804 355 1864 men,
384 1800 431 1860 als
460 1799 555 1859 andre
577 1796 714 1856 kleinere
736 1793 790 1853 von
825 1793 1031 1853 verschiednem
1074 1790 1259 1850 Ursprunge
1301 1790 1382 1850 diese
1397 1790 1596 1850 Nichtigkeit
1611 1790 1631 1850 in
1659 1791 1707 1851 dem
1749 1793 1941 1853 Wachsthum
1984 1796 2065 1856 derer
2080 1799 2313 1859 Geschlechter,

1345 1838 1420 1898 Die
1455 1840 1652 1900 Vorsehung
1688 1846 1798 1906 theilet
1827 1846 1890 1906 also
1920 1846 1972 1906 die
1996 1849 2216 1909 Wohnplätze
2251 1850 2309 1910 und

1297 1894 1407 1954 Güter
1450 1893 1503 1953 der
1535 1894 1629 1954 Welt
1673 1897 1746 1957 viel
1778 1897 1921 1957 genauer
1964 1899 2027 1959 und
2065 1900 2127 1960 mit
2160 1901 2307 1961 klügerer

1302 1944 1503 2004 Proportion
1544 1945 1642 2005 unter
1679 1945 1740 2005 alle
1772 1946 1993 2006 Sterbliche,
2040 1948 2132 2008 wenn
2179 1950 2220 2010 sie
2257 1952 2313 2012 ge¬

1298 1993 1384 2053 wisse
1411 1993 1568 2053 Familien
1606 1993 1665 2053 nur
1698 1994 1762 2054 eine
1790 1996 1936 2056 Zeitlang
1969 1998 2082 2058 steigen
2115 1999 2207 2059 läßt,
2240 2000 2304 2060 und

1297 2043 1431 2103 hernach
1468 2042 1560 2102 denen
1592 2043 1741 2103 andern,
1783 2045 1829 2105 die
1861 2045 1927 2105 noch
1964 2046 2062 2106 nichts
2099 2046 2191 2106 sind,
2223 2049 2310 2109 ruft,

1297 2091 1355 2151 daß
1382 2091 1413 2151 sie
1435 2091 1535 2151 etwas
1562 2091 1710 2151 werden.
1764 2091 1859 2151 Dies
1886 2095 2018 2155 nöthige
2040 2098 2315 2158 Gleichgewicht,

1298 2139 1433 2199 welches
1466 2139 1503 2199 sie
1531 2139 1589 2199 auf
1612 2137 1660 2197 die
1687 2139 1752 2199 Art
1779 2142 1871 2202 unter
1899 2145 1996 2205 denen
2034 2148 2207 2208 Menschen
2240 2153 2315 2213 auf¬

1289 2190 1432 2250 richtet,
1454 2187 1602 2247 beweiset
1624 2187 1714 2247 uns,
1736 2189 1794 2249 daß
1821 2190 1868 2250 die
1890 2190 1975 2250 Erde
2002 2196 2071 2256 Uns
2098 2199 2177 2259 allen
2215 2202 2310 2262 ange¬

1298 2237 1403 2297 höre,
1426 2236 1486 2296 und
1514 2233 1569 2293 daß
1597 2233 1642 2293 ein
1670 2237 1752 2297 jeder
1781 2237 1808 2297 zu
1842 2240 1941 2300 seiner
1964 2243 2058 2303 Zeit,
2081 2243 2135 2303 das
2164 2246 2307 2306 Wenige

1305 2287 1413 2347 Gute,
1439 2284 1573 2344 welches
1605 2285 1723 2345 darauf
1755 2288 1832 2348 etwa
1869 2291 1946 2351 kann
1988 2291 2127 2351 genossen
2164 2295 2313 2355 werden,

1299 2338 1375 2398 auch
1398 2335 1579 2395 bekommen
1607 2333 1678 2393 soll.
1728 2339 1817 2399 Eben
1845 2339 1932 2399 durch
1961 2339 2015 2399 den
2043 2340 2114 2400 Fall
2131 2342 2186 2402 der
2209 2346 2313 2406 begü¬

1295 2387 1392 2447 terten
1425 2385 1484 2445 und
1511 2384 1631 2444 großen
1658 2387 1816 2447 Familien
1843 2389 1919 2449 wird
1946 2387 1994 2447 der
2017 2391 2233 2451 Reichthum,
2250 2398 2304 2458 das

1304 2437 1447 2497 Ansehen
1477 2435 1534 2495 und
1564 2432 1615 2492 die
1634 2435 1754 2495 Macht
1778 2440 1852 2500 weit
1882 2437 2148 2497 ausfließender,
2171 2445 2234 2505 und
2264 2448 2309 2508 ge¬

1294 2486 1363 2546 räth
1393 2485 1415 2545 in
1451 2484 1532 2544 einen
1561 2482 1765 2542 Cirkellauf,
1795 2489 1846 2549 der
1876 2488 1928 2548 zur
1952 2489 2138 2549 Erhaltung
2168 2493 2213 2553 der
2237 2499 2312 2559 Be¬

1301 2536 1354 2596 sten
1396 2533 1508 2593 Welt,
1532 2530 1609 2590 eben
1639 2531 1668 2591 so
1699 2536 1840 2596 nöthig,
1865 2539 1912 2599 als
1942 2537 1995 2597 der
2026 2542 2143 2602 gleiche
2167 2546 2309 2606 Umlauf

1295 2584 1349 2644 des
1382 2584 1485 2644 Bluts
1519 2580 1572 2640 zur
1600 2586 1813 2646 Gesundheit
1835 2587 1884 2647 des
1912 2587 2042 2647 Leibes,
2070 2591 2118 2651 ist.

2220 2599 2296 2659 Und

1292 2634 1430 2694 dennoch
1462 2632 1541 2692 wird
1579 2630 1620 2690 ein
1658 2636 1796 2696 Patriot
1823 2638 1934 2698 hiebey
1966 2637 2040 2697 noch
2067 2641 2188 2701 immer
2215 2647 2310 2707 wün¬

1294 2683 1378 2743 schen
1405 2682 1547 2742 konnen,
1569 2679 1621 2739 daß
1648 2684 1748 2744 GOtt
1769 2687 1822 2747 den
1849 2685 1975 2745 Stamm
2013 2688 2097 2748 edler
2124 2693 2292 2753 Menschen

1294 2735 1320 2795 so
1342 2730 1421 2790 weit
1438 2727 1570 2787 wachsen
1603 2730 1687 2790 laßen
1714 2736 1831 2796 wolle,
1858 2738 1906 2798 als
1938 2737 1969 2797 es
2002 2739 2134 2799 möglich
2173 2739 2230 2799 ist,
2258 2739 2310 2799 da=

1293 2781 1357 2841 mit
1379 2780 1433 2840 von
1461 2777 1678 2837 vortreflichen
1706 2786 1863 2846 Vätern,
1890 2787 1960 2847 auch
1989 2792 2037 2852 für
2064 2793 2107 2853 die
2129 2791 2303 2851 Nachwelt

1292 2835 1389 2895 große
1414 2826 1517 2886 Enkel
1537 2832 1694 2892 entstehen
1726 2835 1866 2895 mögen!
