2479 3508
142 392 311 452 Ansehen,
333 387 409 447 noch
431 380 523 440 durch
545 374 629 434 seine
652 369 756 429 vorige
778 371 969 431 Verdienste
985 369 1012 429 in
1041 367 1125 427 ihrem

141 441 318 501 steigenden
344 429 547 489 Wachsthum
585 419 745 479 erhalten.
795 417 898 477 Wenn
936 418 985 478 die
1004 417 1133 477 Letztern

141 491 227 551 selbst
251 481 436 541 Verdienste
454 472 588 532 hätten:
611 468 640 528 so
664 467 750 527 wäre
780 467 872 527 ihnen
908 468 977 528 noch
1012 468 1041 528 zu
1076 466 1139 526 hel¬

139 538 216 598 fen.
241 534 295 594 Da
320 530 362 590 sich
393 524 465 584 aber
483 521 568 581 viele
587 518 677 578 unter
702 518 792 578 ihnen
823 518 889 578 bloß
920 518 974 578 auf
987 518 1137 578 Unkosten

397 678 586 738 Berlin,
618 679 672 739 den
710 679 752 739 1.
777 679 893 739 Sept.

183 727 255 787 Bey
289 724 339 784 dem
379 727 585 787 Meyerschen
620 730 982 790 Dragonerregimente
1005 727 1067 787 sind
1095 725 1145 785 die

139 775 504 835 Premierlieutenants
531 775 620 835 Hrn.
638 775 690 835 von
727 778 838 838 Unruh
865 778 923 838 und
955 777 1008 837 von
1035 775 1134 835 Hirsch

139 828 168 888 zu
204 822 531 882 Staabscapitains,
562 822 611 882 die
637 825 979 885 Secondlieutenants
1010 822 1130 882 Herren

129 871 186 931 von
213 870 369 930 Kalkstein
401 870 459 930 und
485 870 542 930 von
575 873 784 933 Wallenrodt
805 873 831 933 zu
869 873 1140 933 Premierlieute,

136 921 260 981 nants,
283 917 334 977 die
363 918 545 978 Fähnrichs
580 921 698 981 Herren
733 921 909 981 Heilsberg
944 921 1137 981 Majöwsky

134 967 190 1027 von
222 968 351 1028 Harysz
378 968 434 1028 und
466 969 517 1029 von
554 969 767 1029 Taubenheim
814 969 844 1029 zu
886 972 1145 1032 Secondlieute=

136 1016 268 1076 nants,
301 1016 358 1076 und
396 1016 443 1076 die
465 1022 735 1082 Fahnenjunkers
767 1021 888 1081 Herren
926 1019 984 1079 von
1016 1019 1148 1079 Oertel,

135 1068 196 1128 von
230 1069 395 1129 Pohlentz
418 1069 479 1129 und
507 1070 562 1130 von
596 1073 712 1133 Taube
735 1073 762 1133 zu
790 1073 967 1133 Fähnrichs
990 1070 1145 1130 ernannt.

135 1118 210 1178 Se.
227 1121 325 1181 Maj.
353 1121 401 1181 der
429 1121 538 1181 König
571 1121 668 1181 haben
701 1124 756 1184 dem
811 1121 985 1181 gewesenen
1023 1121 1148 1181 Lieute¬

134 1171 222 1231 nant
238 1171 289 1231 des
316 1169 512 1229 ehemaligen
549 1166 704 1226 Luckschen
741 1172 1140 1232 Infanterieregiments,

131 1218 244 1278 Herrn
280 1214 409 1274 Ludwig
440 1213 584 1273 Wilhelm
631 1213 687 1273 von
734 1216 888 1276 Liebenau
919 1216 1006 1276 nebst
1038 1216 1130 1276 dessen

129 1264 143 1324 4
175 1261 337 1321 Söhnen,
363 1258 556 1318 namentlich
588 1260 725 1320 George
746 1261 878 1321 Ludwig
904 1263 960 1323 und
986 1261 1133 1321 Heinrich

133 1306 277 1366 Wilhelm
320 1303 412 1363 beyde
441 1306 667 1366 Lieutenants,
692 1309 821 1369 ersterer
850 1309 942 1369 unter
971 1306 1023 1366 dem
1072 1306 1143 1366 Va¬

139 1354 298 1414 foldtschen
330 1351 515 1411 Curassier=
536 1351 592 1411 und
619 1351 752 1411 letzterer
778 1354 865 1414 unter
897 1354 969 1414 Sr.
1000 1352 1139 1412 Königl.

136 1402 263 1462 Hoheit
290 1399 347 1459 des
380 1399 523 1459 Prinzen
560 1400 613 1460 von
656 1399 814 1459 Preussen
852 1399 1143 1459 Infanterieregi¬

134 1452 240 1512 ment,
267 1448 324 1508 wie
352 1446 420 1506 auch
452 1447 541 1507 deren
569 1446 663 1506 beyde
701 1449 833 1509 Brüder
865 1449 949 1509 Carl
971 1449 1129 1509 Friedrich

134 1500 192 1560 und
225 1497 373 1557 Albrecht
400 1497 560 1557 Friedrich
592 1495 650 1555 von
683 1497 869 1557 Liebenau,
912 1497 1002 1557 ihren
1050 1497 1129 1557 alten

136 1551 223 1611 Adel
250 1548 482 1608 allergnädigst
503 1548 683 1608 renoviret,
720 1548 916 1608 corfirmiret
942 1545 1004 1605 und
1035 1545 1128 1605 ihnen

138 1602 274 1662 darüber
298 1599 355 1659 das
379 1596 539 1656 Diploma
562 1599 763 1659 ausfertigen
792 1599 820 1659 zu
849 1599 935 1659 lassen
965 1599 1119 1659 geruhet.

400 1649 553 1709 Wien,
584 1649 642 1709 den
678 1649 742 1709 11.
767 1649 860 1709 Aug.

135 1754 201 1814 ches
224 1754 274 1814 der
302 1754 413 1814 Prinz
441 1754 497 1814 von
531 1754 725 1814 Löwenstein
759 1754 942 1814 angestellet
971 1754 1031 1814 und
1065 1753 1120 1813 ihm

135 1803 250 1863 20000
284 1802 509 1862 Kaisergulden
549 1802 681 1862 gekostet
715 1805 814 1865 haben
847 1802 918 1862 soll.
969 1802 1040 1862 Die
1068 1805 1139 1865 bey¬

135 1846 190 1906 den
219 1846 364 1906 Kaiserl.
383 1846 481 1906 Maj.
500 1846 598 1906 haben
627 1846 678 1906 ihm
716 1843 757 1903 ein
781 1843 940 1903 Geschenk
964 1843 1015 1903 von
1044 1843 1127 1903 7000

135 1896 194 1956 Fl.
204 1892 238 1952 an
258 1889 371 1949 Werth
401 1888 460 1948 und
490 1888 539 1948 der
559 1888 726 1948 Römische
752 1888 855 1948 König
880 1887 943 1947 eine
959 1888 1130 1948 Tabatiere

139 1945 195 2005 von
232 1940 315 2000 4000
347 1939 399 1999 Fl.
415 1936 450 1996 an
477 1936 612 1996 Werth,
644 1933 748 1993 davor
780 1933 992 1993 einhändigen
1029 1933 1138 1993 lassen.

136 1993 277 2053 Johann
306 1987 443 2047 Philipp
478 1984 597 2044 Joseph
631 1981 728 2041 Graf
757 1981 814 2041 von
848 1981 1019 2041 Harrach,
1054 1978 1139 2038 Kai¬

136 2045 213 2105 serl.
238 2031 623 2091 Generalfeldmarschall
648 2031 707 2091 und
744 2031 924 2091 ehmaliger
950 2028 1129 2088 Präsident
1166 2026 1238 2086 chen
1275 2025 1310 2085 ist
1335 2025 1437 2085 zuvor
1462 2028 1600 2088 niemals
1630 2028 1660 2088 in
1691 2031 1847 2091 England
1878 2031 1991 2091 erhört
2016 2038 2166 2098 worden,

132 2091 188 2151 des
223 2085 473 2145 Kriegsraths,
503 2082 587 2142 starb
622 2079 725 2139 alhier
759 2082 810 2142 den
850 2082 924 2142 8ten
959 2079 1055 2139 dieses
1085 2078 1112 2138 in

131 2143 238 2203 87sten
269 2135 363 2195 Jahr
388 2132 483 2192 seines
507 2130 710 2190 ruhmvollen
740 2130 865 2190 Alters.

217 2184 414 2244 Schemnitz
432 2183 454 2243 in
484 2184 757 2244 Niederungern,
786 2184 844 2244 vom
891 2184 955 2244 29.
979 2181 1065 2241 Jul.

184 2235 262 2295 Den
297 2234 387 2294 22ten
417 2234 512 2294 dieses
541 2231 631 2291 frühe
656 2231 791 2291 begaben
820 2231 865 2291 sich
894 2231 967 2291 Se.
996 2231 1137 2291 Majest.

132 2291 188 2351 der
205 2285 378 2345 Römische
407 2282 513 2342 König
548 2279 609 2339 mit
638 2279 716 2339 Sr.
745 2282 890 2342 Königl.
913 2279 1042 2339 Hoheit
1070 2276 1120 2336 dem

137 2339 337 2399 Erzherzoge
365 2333 501 2393 Leopold
540 2329 599 2389 und
632 2326 686 2386 dem
730 2331 877 2391 Prinzen
916 2329 1029 2389 Albert
1068 2324 1121 2384 von

136 2387 306 2447 Sachsen,
324 2385 380 2445 auf
398 2383 448 2443 den
478 2378 625 2438 ohnweit
643 2376 694 2436 von
723 2378 790 2438 hier
820 2382 961 2442 gelegnen
991 2377 1127 2437 ziemlich

128 2437 234 2497 hohen
277 2435 335 2495 und
372 2433 442 2493 nach
479 2429 573 2489 seiner
603 2426 721 2486 ganzen
758 2432 971 2492 Einrichtung
1007 2423 1137 2483 sehens¬

131 2482 296 2542 würdigen
329 2480 574 2540 Calvariberg,
607 2473 665 2533 und
697 2476 787 2536 sahen
826 2480 959 2540 daselbst
986 2472 1039 2532 der
1066 2470 1124 2530 von

133 2533 183 2593 dem
224 2529 372 2589 Kaiserl.
390 2529 526 2589 Königl.
549 2523 806 2583 Markscheider,
830 2527 938 2587 Herrn
967 2521 1137 2581 Schöner,

131 2578 425 2638 vorgenommenen
468 2572 708 2632 geometrischen
752 2578 933 2638 Operation
971 2572 1045 2632 oder
1077 2569 1130 2629 auf

140 2629 378 2689 bergmännisch
407 2625 617 2685 sogenannten
641 2623 829 2683 Schinzug,
852 2628 912 2688 mit
924 2621 1129 2681 sonderbarer

138 2676 433 2736 Aufmerksamkeit
454 2673 506 2733 zu.
579 2670 677 2730 Nach
704 2669 749 2729 der
776 2674 1000 2734 Zurückkunft
1021 2670 1046 2730 in
1073 2666 1125 2726 das

137 2729 354 2789 Hofquartier
379 2720 567 2780 überreichte
592 2718 834 2778 vorgenannter
866 2724 1041 2784 Geometra
1078 2718 1126 2778 den

137 2784 266 2844 indessen
298 2776 328 2836 zu
354 2772 477 2832 Papier
502 2769 681 2829 gebrachten
706 2769 866 2829 Entwurf
886 2774 935 2834 der
954 2774 978 2834 in
997 2771 1126 2831 höchster

139 2834 347 2894 Gegenwart
380 2821 581 2881 verrichteten
633 2820 879 2880 unterirdischen
924 2824 1132 2884 Operation,

131 2879 189 2939 und
219 2879 335 2939 bewies
359 2874 435 2934 alles
459 2873 529 2933 nach
559 2870 605 2930 den
635 2870 875 2930 geometrischen
899 2873 1115 2933 Grundsätzen

134 2930 195 2990 wie
215 2933 282 2993 man
320 2929 449 2989 nemlich
487 2924 554 2984 eine
580 2924 803 2984 mineralische
834 2927 920 2987 Ader
952 2928 1025 2988 oder
1057 2927 1137 2987 Erz=

1171 366 1257 426 derer
1276 366 1455 426 begüterten
1481 365 1741 425 Anverwandten
1767 366 1921 426 nähren:
1946 369 1970 429 so
1996 367 2094 427 rächen
2120 369 2168 429 sich

1174 413 1222 473 oft
1244 415 1287 475 die
1304 416 1418 476 Feinde
1440 411 1592 471 derselben
1620 413 1673 473 bey
1696 414 1776 474 ihrem
1815 416 1901 476 Fall;
1935 416 1994 476 und
2016 416 2065 476 der
2082 416 2168 476 Neid

1175 464 1397 524 unterdruͤcket
1420 461 1461 521 die
1478 461 1705 521 Unschuldigen
1732 464 1790 524 mit
1812 466 1901 526 denen
1929 467 2151 527 Schuldigen.

1371 515 1463 575 (Die
1488 512 1687 572 Fortsetzung
1712 513 1792 573 folgt
1811 518 1971 578 künftig.)

1170 676 1252 736 gang
1277 675 1453 735 erreichen,
1478 673 1560 733 einen
1590 673 1737 733 Schacht
1756 676 1909 736 abteuffen
1945 678 2004 738 und
2034 681 2086 741 auf
2111 680 2175 740 die¬

1171 728 1214 788 sen
1248 724 1331 784 einen
1360 722 1437 782 Bau
1466 721 1616 781 zuführen
1651 723 1733 783 solle.

1404 769 1606 829 London,
1629 772 1688 832 vom
1738 774 1798 834 14.
1826 772 1918 832 Aug.

1217 819 1319 879 Unsre
1342 816 1613 876 Marinesocietät
1636 819 1673 879 ist
1696 819 1744 879 den
1777 822 1863 882 12ten
1897 821 1978 881 Jul.
1995 822 2174 882 versamm¬

1169 870 1207 930 let
1236 867 1396 927 gewesen,
1430 867 1491 927 und
1525 867 1585 927 hat
1613 867 1663 927 den
1697 870 1824 930 Schluß
1858 867 1985 927 gefaßt,
2008 869 2074 929 ihre
2102 868 2174 928 Be¬

1168 918 1348 978 mühungen
1380 915 1433 975 zum
1477 915 1587 975 Besten
1620 918 1667 978 des
1695 918 1816 978 Landes
1843 918 2060 978 fortzusetzen,
2077 918 2172 978 unge¬

1169 969 1266 1029 achtet
1288 966 1320 1026 es
1348 966 1401 1026 nun
1435 966 1543 1026 Friede
1571 966 1619 1026 ist.
1647 969 1750 1029 Diese
1772 969 1935 1029 Societät
1952 966 1989 1026 ist
2012 969 2163 1029 während

1173 1016 1224 1076 dem
1276 1016 1379 1076 letzten
1420 1019 1539 1079 Kriege
1576 1016 1647 1076 hier
1684 1016 1828 1076 errichtet
1855 1016 2004 1076 worden.
2082 1019 2169 1079 Herr

1169 1070 1260 1130 John
1299 1067 1472 1127 Fielding,
1500 1069 1543 1129 ein
1582 1069 1706 1129 blinder
1739 1070 1875 1130 Mann,
1914 1070 1978 1130 und
2017 1070 2081 1130 doch
2120 1070 2162 1130 ein

1168 1115 1385 1175 vortreflicher
1413 1118 1695 1178 Friedensrichter
1722 1120 1780 1180 gab
1812 1120 1886 1180 dazu
1919 1118 2051 1178 Anlaß,
2105 1120 2163 1180 und

1173 1166 1293 1226 machte
1314 1166 1363 1226 den
1394 1166 1479 1226 Plan
1505 1166 1630 1226 davon.
1681 1166 1751 1226 Die
1777 1164 1907 1224 Glieder
1928 1166 2079 1226 derselben
2104 1165 2164 1225 sind

1169 1213 1272 1273 lauter
1297 1213 1490 1273 freywillige
1506 1210 1693 1270 Personen,
1718 1213 1777 1273 und
1802 1211 1881 1271 diese
1897 1211 2054 1271 Societät
2075 1210 2163 1270 allein

1172 1259 1229 1319 hat
1248 1261 1272 1321 im
1311 1258 1411 1318 letzten
1445 1257 1564 1317 Kriege
1598 1258 1708 1318 10239
1747 1258 1909 1318 Seeleute
1934 1258 2173 1318 angeworben,

1168 1304 1231 1364 und
1258 1303 1295 1363 sie
1322 1305 1375 1365 auf
1397 1303 1444 1363 die
1466 1302 1609 1362 Königl.
1630 1303 1757 1363 Schiffe
1779 1303 1916 1363 bestellt.
1970 1303 2039 1363 Sie
2066 1306 2161 1366 haben

1160 1349 1232 1409 noch
1259 1348 1341 1408 Geld
1373 1348 1492 1408 übrig,
1518 1351 1580 1411 und
1612 1351 1674 1411 sind
1705 1351 1897 1411 entschlossen
1934 1354 1990 1414 von
2027 1354 2099 1414 Zeit
2126 1357 2156 1417 zu

1160 1397 1234 1457 Zeit
1256 1396 1325 1456 noch
1352 1398 1442 1458 mehr
1464 1397 1549 1457 Geld
1576 1399 1602 1459 zu
1629 1399 1858 1459 subscribiren,
1890 1403 1996 1463 damit
2024 1402 2071 1462 die
2093 1402 2167 1462 So¬

1160 1443 1255 1503 cietät
1281 1446 1362 1506 nicht
1388 1443 1580 1503 untergehen
1611 1449 1718 1509 möge,
1744 1449 1870 1509 sondern
1906 1449 1961 1509 auf
1982 1449 2169 1509 erforderli¬

1166 1494 1230 1554 chen
1258 1494 1327 1554 Fall
1349 1494 1403 1554 das
1431 1494 1528 1554 leisten
1555 1496 1669 1556 könne,
1691 1500 1755 1560 was
1783 1497 1820 1557 sie
1843 1497 1869 1557 im
1907 1498 2005 1558 letzten
2038 1500 2156 1560 Kriege

1165 1545 1278 1605 gethan
1306 1545 1381 1605 hat.
1425 1545 1582 1605 Indessen
1620 1548 1722 1608 aber,
1745 1548 1777 1608 da
1815 1545 1848 1605 es
1875 1548 1929 1608 nun
1967 1551 2080 1611 Friede
2108 1552 2161 1612 ist,

1165 1593 1297 1653 erbieten
1324 1593 1361 1653 sie
1383 1593 1451 1653 sich,
1478 1594 1536 1654 alle
1558 1596 1684 1656 Söhne
1706 1599 1753 1659 der
1780 1599 1886 1659 armen
1923 1600 1992 1660 oder
2024 1600 2167 1660 getödte¬

1161 1643 1204 1703 ten
1237 1643 1394 1703 Seeleute
1422 1643 1454 1703 zu
1487 1646 1677 1706 versorgen,
1700 1649 1764 1709 und
1798 1649 1889 1709 ihnen
1928 1649 2020 1709 solche
2048 1651 2167 1711 Hand¬

184 1700 255 1760 Der
280 1700 346 1760 Hof
365 1700 430 1760 war
455 1700 521 1760 sehr
552 1700 612 1760 mit
631 1700 684 1760 dem
727 1703 830 1763 Festin
861 1701 1042 1761 zufrieden,
1060 1700 1138 1760 wel=
1169 1697 1271 1757 werke
1296 1697 1428 1757 erlernen
1465 1697 1495 1757 zu
1520 1697 1634 1757 lassen,
1659 1701 1707 1761 als
1732 1702 1785 1762 zur
1804 1700 1900 1760 See=
1913 1702 1979 1762 und
2004 1701 2172 1761 Schiffart

1172 1751 1299 1811 dienlich
1329 1751 1409 1811 sind,
1433 1751 1514 1811 als:
1543 1754 1908 1814 Schiffsbaugesellen,
1938 1755 2175 1815 Ankerschmie¬

1169 1800 1217 1860 de,
1245 1802 1380 1862 Seiler,
1407 1802 1646 1862 Segelmacher
1669 1805 1728 1865 und
1756 1805 1968 1865 dergleichen.
2017 1808 2103 1868 Auch
2120 1809 2168 1869 die

1167 1843 1281 1903 jungen
1320 1843 1439 1903 Leute,
1473 1846 1587 1906 welche
1616 1847 1668 1907 von
1702 1849 1950 1909 Kriegsschiffen
1984 1852 2165 1912 abgedankt

1157 1885 1310 1945 worden,
1335 1887 1441 1947 wollen
1471 1888 1509 1948 sie
1533 1891 1716 1951 versorgen,
1746 1892 1798 1952 daß
1828 1893 1851 1953 im
1885 1894 1958 1954 Fall
1973 1897 2054 1957 eines
2074 1900 2169 1960 Krie¬

1164 1932 1218 1992 ges
1248 1931 1326 1991 diese
1351 1931 1508 1991 Societät
1533 1936 1617 1996 allein
1647 1938 1670 1998 im
1715 1939 1852 1999 Stande
1883 1940 1951 2000 seyn
1986 1942 2089 2002 wird,
2114 1946 2163 2006 der

1168 1978 1273 2038 Flotte
1298 1976 1358 2036 auf
1389 1975 1494 2035 20000
1535 1981 1645 2041 Mann
1682 1984 1706 2044 zu
1742 1986 1948 2046 verschaffen.
2009 1991 2164 2051 Derglei=

1166 2079 1212 2139 In
1245 2073 1471 2133 Charlestown
1498 2073 1534 2133 ist
1556 2076 1618 2136 eine
1645 2080 1718 2140 Acte
1751 2082 2008 2142 durchgegangen
2046 2087 2156 2147 welche

1164 2126 1212 2186 die
1234 2124 1385 2184 Ausfuhr
1407 2123 1461 2183 vom
1506 2125 1586 2185 Reis
1614 2128 1673 2188 aus
1695 2130 1792 2190 dieser
1820 2130 1977 2190 Provinz
2005 2136 2063 2196 und
2097 2139 2155 2199 aus

1161 2175 1327 2235 Georgien
1355 2172 1421 2232 nach
1455 2178 1532 2238 allen
1560 2178 1776 2238 europaischen
1810 2184 1964 2244 Colonien
1998 2187 2025 2247 in
2065 2187 2164 2247 Ame¬

1165 2226 1229 2286 rika
1255 2222 1414 2282 erlaubet.

1271 2272 1403 2332 Auszug
1434 2273 1517 2333 eines
1549 2279 1753 2339 Schreibens
1783 2285 1837 2345 aus
1868 2286 2078 2346 Neucawstle

1507 2324 1565 2384 vom
1620 2333 1680 2393 14.
1713 2336 1804 2396 Aug.

1218 2367 1288 2427 Vor
1312 2368 1430 2428 einigen
1460 2373 1565 2433 Tagen
1596 2382 1702 2442 langte
1732 2384 1772 2444 ein
1803 2387 1967 2447 Matrose,
1998 2387 2156 2447 Namens

1166 2421 1309 2481 Porter,
1332 2420 1458 2480 welcher
1481 2423 1508 2483 zu
1542 2428 1591 2488 der
1614 2434 1718 2494 Flotte
1747 2435 1796 2495 des
1824 2437 1989 2497 Admirals
2018 2435 2150 2495 Cornish

1167 2471 1314 2531 gehörte,
1338 2468 1397 2528 und
1421 2470 1468 2530 sich
1498 2474 1544 2534 bey
1575 2477 1627 2537 der
1646 2485 1846 2545 Wegnahme
1865 2482 1911 2542 der
1930 2482 2041 2542 reichen
2066 2482 2159 2542 Prie¬

1157 2521 1202 2581 se,
1229 2518 1273 2578 die
1293 2515 1389 2575 Heil.
1404 2525 1682 2585 Dreyfaltigkeit,
1702 2532 1922 2592 gegenwärtig
1948 2530 2083 2590 befand,
2104 2533 2161 2593 mit

1159 2569 1348 2629 wenigstens
1382 2569 1443 2629 700
1483 2576 1622 2636 Pfund,
1645 2581 1695 2641 die
1723 2581 1751 2641 er
1785 2575 1834 2635 sich
1868 2577 1963 2637 theils
1997 2581 2152 2641 während

1159 2617 1212 2677 dem
1262 2617 1414 2677 Kriege,
1458 2624 1555 2684 theils
1594 2629 1647 2689 vor
1675 2629 1724 2689 dem
1773 2624 1957 2684 Ausbruche
1991 2632 2159 2692 desselben,

1162 2666 1252 2726 durch
1281 2664 1377 2724 seinen
1406 2668 1491 2728 Fleiß
1515 2679 1702 2739 gesammlet
1725 2673 1827 2733 hatte,
1856 2676 1964 2736 alhier
1987 2678 2043 2738 an.
2101 2679 2151 2739 Es

1160 2712 1193 2772 ist
1217 2715 1290 2775 diese
1314 2715 1428 2775 Stadt
1451 2723 1502 2783 sein
1526 2725 1748 2785 Geburtsort.
1795 2721 1903 2781 Daer
1926 2727 1983 2787 auf
2001 2730 2041 2790 12
2064 2729 2155 2789 Jahr

1170 2766 1192 2826 in
1222 2766 1273 2826 der
1297 2766 1429 2826 Fremde
1447 2775 1579 2835 gewesen
1609 2777 1661 2837 ist,
1685 2775 1707 2835 so
1731 2772 1817 2832 hatte
1841 2773 1892 2833 ihn
1927 2775 1973 2835 ein
2002 2775 2082 2835 jeder
2106 2775 2158 2835 be¬

1161 2817 1238 2877 reits
1267 2817 1316 2877 für
1345 2818 1411 2878 todt
1428 2826 1600 2886 gehalten;
1628 2823 1689 2883 wie
1712 2823 1783 2883 denn
1812 2823 1872 2883 sein
1901 2823 2012 2883 Weib,
2034 2825 2089 2885 das
2118 2827 2145 2887 in

1166 2870 1262 2930 dieser
1285 2869 1404 2929 gantzen
1438 2875 1506 2935 Zeit
1524 2878 1625 2938 nichts
1648 2873 1699 2933 von
1728 2873 1778 2933 ihm
1818 2873 1965 2933 gehöret,
1994 2873 2158 2933 unterdes¬

1165 2925 1212 2985 sen
1243 2922 1320 2982 einen
1351 2927 1466 2987 andern
1496 2931 1605 2991 Mann
1636 2924 1816 2984 genommen
1841 2924 1943 2984 hatte,
1961 2924 2022 2984 mit
2040 2924 2082 2984 dem
2119 2927 2154 2987 sie

2072 2983 2158 3043 auch
