2479 3508
562 1216 693 1276 66tes
740 1216 903 1276 Stück.
966 1213 1198 1273 Montag,
1230 1204 1291 1264 den
1346 1204 1415 1264 17.
1455 1197 1710 1257 September
1750 1197 1896 1257 1764.

630 1291 789 1351 Halle.

298 1353 365 1413 Der
384 1351 605 1411 Glückselige;
642 1345 709 1405 eine
740 1341 924 1401 moralische
944 1330 1214 1390 Wochenschrift.

365 1399 514 1459 "Dritter
538 1396 653 1456 Theil,
682 1393 733 1453 gr.
751 1391 832 1451 8vo,
862 1388 976 1448 1764,
1006 1381 1022 1441 1
1052 1375 1213 1435 Alphabet

213 1457 252 1517 "3
281 1452 439 1512 Bogen."
497 1441 547 1501 Es
576 1443 609 1503 ist
627 1440 780 1500 bekannt,
792 1436 848 1496 daß
871 1431 950 1491 diese
968 1425 1216 1485 Wochenschrift

211 1508 266 1568 das
300 1503 399 1563 Reich
433 1497 482 1557 der
516 1494 627 1554 Natur
661 1490 722 1550 und
750 1484 900 1544 Sitten,
950 1479 1011 1539 und
1045 1476 1122 1536 diese
1156 1470 1205 1530 den

214 1554 391 1614 Menschen
433 1547 492 1607 und
534 1545 586 1605 den
623 1539 805 1599 Geselligen
848 1533 877 1593 zu
913 1527 1132 1587 Vorgängern
1168 1516 1220 1576 ge¬

213 1608 292 1668 habt
312 1605 392 1665 hat;
417 1597 627 1657 Schriften,
646 1592 738 1652 deren
770 1585 918 1645 günstige
950 1577 1141 1637 Aufnahme
1166 1568 1208 1628 ein

218 1658 361 1718 Zeugniß
385 1651 471 1711 ihres
500 1645 701 1705 Verdienstes
725 1639 851 1699 ablegt.
898 1632 984 1692 Was
1013 1628 1076 1688 nun
1111 1622 1220 1682 inson¬

216 1712 342 1772 derheit
360 1703 458 1763 diesen
488 1700 596 1760 dritten
626 1694 730 1754 Theil
748 1691 799 1751 des
823 1686 1036 1746 Glückseligen
1066 1676 1221 1736 anlangt,

220 1766 246 1826 so
275 1762 307 1822 ist
330 1760 356 1820 er
379 1758 406 1818 in
435 1756 484 1816 dem
523 1751 655 1811 gleichen
683 1745 865 1805 lehrreichen
893 1739 997 1799 Tone,
1014 1736 1064 1796 als
1087 1731 1130 1791 die
1153 1727 1224 1787 vor¬

217 1807 460 1867 hergehenden,
478 1799 620 1859 verfaßt.
672 1793 888 1853 Verschiedne
911 1787 1036 1847 Stücke
1059 1783 1223 1843 desselben,

211 1851 309 1911 unter
339 1844 459 1904 andern
498 1843 554 1903 das
580 1840 699 1900 97ste,
738 1834 789 1894 wo
824 1830 927 1890 einige
957 1828 1132 1888 Einwurfe
1163 1825 1218 1885 aus

219 1896 270 1956 dem
310 1888 515 1948 Catechisme
537 1882 571 1942 de
593 1878 768 1938 l'honnête
790 1870 927 1930 homme
954 1867 1129 1927 entkräftet
1151 1863 1228 1923 wer=

215 1947 299 2007 den,
326 1939 426 1999 haben
453 1932 516 1992 uns
543 1929 606 1989 sehr
628 1924 717 1984 wohl
738 1921 891 1981 gefallen.
939 1914 1018 1974 Wir
1045 1912 1150 1972 wollen
1182 1908 1224 1968 je¬

217 1998 285 2058 doch
313 1990 418 2050 damit
434 1980 518 2040 nicht
540 1975 751 2035 behaupten,
778 1970 835 2030 daß
868 1963 951 2023 jeder
984 1960 1121 2020 einzelne
1142 1957 1226 2017 Auf¬

223 2048 283 2108 satz
301 2043 350 2103 den
378 2033 472 2093 besten
511 2028 683 2088 möglichen
717 2020 744 2080 in
778 2020 854 2080 allen
895 2011 1065 2071 möglichen
1094 2007 1215 2067 Welten

217 2094 366 2154 abgäbe.
408 2079 586 2139 Vielmehr
610 2073 742 2133 glauben
777 2067 863 2127 wir,
893 2063 950 2123 daß
985 2061 1031 2121 sich
1066 2057 1135 2117 noch
1165 2055 1210 2115 hin

215 2145 277 2205 und
303 2135 422 2195 wieder
449 2129 698 2189 Erinnerungen
730 2121 907 2181 anbringen
944 2112 1068 2172 ließen.
1141 2106 1224 2166 Nur

222 2191 306 2251 einer
329 2185 465 2245 einzigen
494 2181 522 2241 zu
551 2178 738 2238 gedenken,
767 2172 789 2232 so
818 2169 920 2229 hätten
954 2163 1005 2223 die
1028 2160 1153 2220 Stücke
1176 2160 1215 2220 84

223 2245 290 2305 und
319 2240 359 2300 90
388 2236 506 2296 füglich
535 2227 727 2287 wegbleiben
762 2220 914 2280 können,
938 2215 1050 2275 welche
1079 2208 1232 2268 größten¬

228 2295 326 2355 theils
349 2291 404 2351 aus
432 2283 481 2343 des
504 2280 586 2340 Abts
614 2270 790 2330 Raynal
819 2267 995 2327 Anekdoten
1034 2258 1226 2318 abgeschrie¬

227 2345 280 2405 ben
313 2340 394 2400 sind,
411 2335 454 2395 die
482 2330 535 2390 wir
558 2324 639 2384 schon
666 2321 720 2381 seit
743 2318 959 2378 verschiednen
992 2311 1117 2371 Jahren
1139 2306 1236 2366 über¬

227 2394 295 2454 setzt
312 2390 411 2450 lesen.
444 2381 533 2441 Doch
560 2375 644 2435 ware
666 2370 697 2430 es
718 2369 819 2429 darum
856 2368 924 2428 noch
951 2363 1067 2423 immer
1089 2357 1231 2417 seltsam,

229 2443 254 2503 im
296 2437 429 2497 Gauzen
471 2430 521 2490 von
559 2423 640 2483 einem
687 2417 712 2477 so
744 2420 908 2480 nutzbaren
945 2411 1062 2471 Werke
1089 2405 1165 2465 übel
1192 2403 1217 2463 zu

228 2486 422 2546 urtheilen,
444 2478 538 2538 dessen
567 2470 727 2530 Verfasser
755 2468 811 2528 seit
828 2464 994 2524 geraumer
1016 2458 1088 2518 Zeit
1111 2455 1133 2515 im
1166 2451 1238 2511 Be¬

230 2540 297 2600 sitze
326 2532 376 2592 des
405 2526 602 2586 öffentlichen
631 2518 783 2578 Beyfalls
812 2515 947 2575 stehen,
976 2509 1038 2569 und
1073 2505 1140 2565 eine
1168 2500 1230 2560 Art

230 2586 291 2646 von
348 2575 501 2635 wahrtem
541 2567 727 2627 Verdienste
745 2564 795 2624 für
818 2566 869 2626 sich
898 2559 1056 2619 anführen
1085 2551 1231 2611 können;

230 2637 309 2697 weil
329 2631 366 2691 sie
391 2629 477 2689 durch
502 2623 527 2683 so
559 2616 694 2676 manche
720 2617 930 2677 wiederholte
956 2605 1110 2665 Versuche
1142 2599 1227 2659 ihren

230 2688 313 2748 Fleiß
344 2679 434 2739 dahin
465 2667 658 2727 angewandt
683 2661 809 2721 haben,
840 2664 924 2724 viele
949 2653 1123 2713 Millionen
1154 2646 1232 2706 Em=

232 2734 422 2794 pfindungen
460 2723 508 2783 des
534 2715 688 2775 Schönen
725 2711 786 2771 und
812 2710 923 2770 Guten
960 2709 984 2769 in
1016 2704 1064 2764 dem
1102 2699 1224 2759 Herzen

238 2791 324 2851 ihrer
347 2774 543 2834 Mitbürger
568 2762 850 2822 hervorzulocken.
897 2761 1013 2821 Kostet
1031 2757 1059 2817 in
1083 2753 1134 2813 der
1153 2748 1238 2808 Kan=

241 2840 368 2900 terschen
403 2822 665 2882 Buchhandlung
693 2816 833 2876 allhier,
868 2814 928 2874 wie
956 2815 1022 2875 auch
1057 2810 1083 2870 in
1111 2803 1231 2863 Elbing

230 2894 292 2954 und
324 2885 436 2945 Mitau
468 2879 486 2939 3
512 2877 549 2937 fl.

1671 1267 1845 1327 Zittau.

1304 1311 1405 1371 "Der
1428 1319 1705 1379 Müßiggänger;
1734 1317 1802 1377 eine
1825 1317 2079 1377 Sittenschrift,
2108 1317 2159 1377 der
2182 1315 2266 1375 Ver¬

1255 1366 1378 1426 „nunft
1399 1369 1456 1429 und
1487 1367 1616 1427 Tugend
1643 1366 1833 1426 gewidmet.
1890 1367 1942 1427 In
1973 1363 2076 1423 zween
2108 1366 2262 1426 Theilen.

1272 1414 1350 1474 'Aus
1374 1416 1424 1476 dem
1470 1416 1651 1476 Englischen
1680 1413 1850 1473 übersetzt,
1868 1416 1924 1476 gr.
1942 1413 2021 1473 8vo,
2044 1413 2157 1473 1764,
2175 1413 2253 1473 1ster

1256 1459 1385 1519 „Theil
1402 1462 1433 1522 16
1466 1464 1606 1524 Bogen,
1629 1464 1698 1524 2ter
1726 1464 1822 1524 Theil
1845 1462 1876 1522 14
1920 1462 1979 1522 und
2012 1461 2028 1521 1
2055 1461 2163 1521 halber
2185 1462 2260 1522 Bo¬

1275 1515 1373 1575 ’gen.”
1435 1507 1507 1567 Die
1535 1512 1623 1572 Titel
1640 1512 1690 1572 der
1713 1512 1839 1572 Bücher
1868 1509 1923 1569 sind
1951 1509 2101 1569 zuweilen
2135 1509 2200 1569 eben
2234 1512 2256 1572 so

1256 1564 1543 1624 abentheuerlich,
1571 1565 1614 1625 als
1647 1563 1695 1623 die
1723 1562 1853 1622 Namen
1892 1560 1946 1620 der
1974 1560 2185 1620 italiänischen
2218 1558 2266 1618 ge¬

1260 1616 1373 1676 lehrten
1402 1614 1670 1674 Gesellschaften.
1705 1613 1790 1673 Nur
1814 1610 1876 1670 sind
1905 1610 1950 1670 die
1974 1610 2087 1670 letztern
2117 1610 2258 1670 weniger

1260 1672 1292 1732 zu
1321 1667 1575 1727 entschuldigen.
1625 1664 1724 1724 Denn
1758 1661 1924 1721 schwerlich
1958 1658 2034 1718 wird
2068 1661 2167 1721 man,
2196 1660 2256 1720 und

1262 1721 1350 1781 wenn
1380 1721 1415 1781 sie
1439 1720 1486 1780 sich
1516 1718 1580 1778 auch
1611 1718 1681 1778 noch
1706 1718 1728 1778 so
1753 1715 1912 1775 närrische
1936 1715 2119 1775 Ehrentitel
2143 1710 2266 1770 beyleg¬

1256 1775 1340 1835 ten,
1364 1775 1460 1835 darum
1506 1772 1574 1832 eine
1603 1770 1734 1830 größere
1757 1769 1979 1829 Hochachtung
2014 1769 2064 1829 für
2094 1766 2127 1826 sie
2151 1764 2264 1824 fassen.

1267 1819 1338 1879 Bey
1380 1819 1431 1879 den
1473 1819 1628 1879 Büchern
1664 1819 1736 1879 aber
1772 1817 1828 1877 hat
1860 1817 2025 1877 bisweilen
2067 1814 2138 1874 eine
2170 1814 2267 1874 aben¬

1261 1861 1452 1921 theuerliche
1482 1861 1726 1921 Ankündigung
1755 1861 1846 1921 ihren
1880 1861 1971 1921 guten
2009 1861 2163 1921 Nutzen;
2197 1862 2258 1922 und

1259 1905 1357 1965 wirkt
1382 1905 1445 1965 mit
1470 1906 1553 1966 einem
1603 1906 1877 1966 sympathetischen
1912 1906 2064 1966 Einflusse
2094 1906 2148 1966 auf
2173 1909 2261 1969 Leute

1262 1954 1316 2014 von
1347 1951 1397 2011 der
1417 1951 1593 2011 nämlichen
1618 1951 1864 2011 Gemüthsart.
1910 1952 2020 2012 Wenn
2051 1953 2080 2013 es
2106 1954 2130 2014 z.
2146 1954 2186 2014 E.
2206 1957 2261 2017 un¬

1262 2002 1321 2062 serm
1359 1999 1526 2059 englischen
1559 1998 1814 2058 Müßiggänger
1836 1996 1976 2056 glückte,
1998 1999 2057 2059 alle
2079 2002 2252 2062 diejenigen

1267 2046 1553 2106 herbeyzulocken,
1585 2044 1632 2104 die
1660 2046 1713 2106 sich
1745 2046 1803 2106 mit
1830 2046 1883 2106 ihm
1931 2045 1989 2105 von
2021 2046 2074 2106 dem
2122 2049 2254 2109 gleichen

1261 2099 1466 2159 Handwerke
1488 2097 1632 2157 nåhren,
1649 2097 1676 2157 so
1699 2097 1810 2157 würde
1833 2096 1860 2156 er
1882 2094 2070 2154 ohnstreitig
2099 2097 2165 2157 eine
2182 2098 2276 2158 zahl¬

1260 2151 1359 2211 reiche
1388 2145 1521 2205 Schaar
1555 2145 1609 2205 von
1643 2145 1743 2205 Lesern
1783 2146 1815 2206 um
1866 2145 1916 2205 sich
1944 2145 1999 2205 her
2028 2148 2260 2208 versammeln.

1268 2200 1332 2260 Und
1359 2195 1423 2255 was
1446 2196 1515 2256 noch
1543 2196 1672 2256 lustiger
1700 2196 1759 2256 ist,
1781 2198 1861 2258 diese
1883 2199 2002 2259 Herren
2040 2199 2164 2259 würden
2208 2200 2261 2260 gar

1262 2249 1348 2309 nicht
1366 2245 1441 2305 übel
1459 2246 1562 2306 thun,
1586 2249 1678 2309 wenn
1708 2246 1742 2306 sie
1765 2249 1846 2309 einem
1893 2251 2002 2311 solchen
2026 2250 2152 2310 Führer
2182 2250 2262 2310 folg¬

1260 2299 1340 2359 ten,
1364 2294 1415 2354 der
1439 2294 1532 2354 ihnen
1561 2298 1607 2358 die
1631 2298 1722 2358 Last,
1746 2299 1804 2359 mit
1828 2301 1879 2361 der
1903 2300 1948 2360 der
1972 2301 2186 2361 Müßiggang
2215 2302 2273 2362 sei¬

1262 2348 1305 2408 ne
1332 2342 1499 2402 Verehrer
1527 2347 1645 2407 plagt,
1678 2349 1732 2409 zum
1786 2348 1888 2408 Theil
1921 2351 2094 2411 benehmen
2138 2349 2266 2409 könnte.

1269 2399 1309 2459 Er
1336 2393 1443 2453 würde
1465 2395 1558 2455 ihnen
1594 2399 1645 2459 von
1683 2399 1899 2459 verschiednen
1931 2399 2096 2459 Materien
2132 2399 2266 2459 trefliche

1268 2443 1490 2503 Sittenlehren
1524 2449 1708 2509 vorsagen,
1736 2451 1847 2511 würde
1869 2449 1958 2509 ihnen
1987 2446 2058 2506 ihre
2082 2446 2187 2506 Kunst
2210 2445 2270 2505 me¬

1269 2494 1401 2554 thodisch
1424 2495 1652 2555 beybringen,
1674 2500 1740 2560 und
1774 2499 1812 2559 sie
1841 2497 1868 2557 zu
1907 2495 1990 2555 einer
2019 2493 2162 2553 gewissen
2191 2494 2273 2554 Ver=

1267 2546 1437 2606 feinerung
1468 2547 1607 2607 treiben.
1675 2548 1736 2608 Ein
1773 2545 1943 2605 andermal
1970 2542 2078 2602 würde
2109 2541 2140 2601 er
2166 2544 2258 2604 ihnen

1273 2593 1411 2653 Kritiken
1446 2593 1517 2653 über
1540 2601 1707 2661 Menschen
1735 2597 1796 2657 und
1819 2593 1924 2653 Sitten
1959 2590 2158 2650 mittheilen.
2187 2593 2275 2653 Wie=

1273 2643 1366 2703 derum
1406 2642 1516 2702 würde
1539 2645 1566 2705 er
1589 2649 1683 2709 ihnen
1717 2644 1810 2704 kleine
1833 2641 2010 2701 Geschichte
2038 2643 2099 2703 und
2122 2642 2276 2702 Reisebe¬

1277 2691 1493 2751 schreibungen
1533 2699 1705 2759 erzählen;
1744 2690 1771 2750 er
1806 2688 1916 2748 würde
1945 2689 2039 2749 ihnen
2078 2691 2272 2751 Charaktere

1277 2745 1450 2805 schildern,
1477 2747 1569 2807 ihnen
1602 2748 1715 2808 Briefe
1737 2736 1899 2796 vorlesen;
1927 2739 1991 2799 und
2024 2737 2062 2797 sie
2089 2739 2116 2799 zu
2154 2739 2267 2799 andrer

1278 2797 1347 2857 Zeit
1371 2793 1428 2853 mit
1452 2797 1637 2857 persischen,
1655 2790 1933 2850 lappländischen,
1952 2788 2125 2848 arabischen
2155 2787 2281 2847 Mähr¬

1278 2848 1345 2908 chen
1376 2847 1574 2907 unterhalten
1611 2849 1623 2909 —
1685 2842 1771 2902 Alles
1797 2839 1852 2899 das
1877 2841 2006 2901 wurden
2037 2838 2123 2898 unsre
2143 2838 2284 2898 Müßig¬

2146 2888 2278 2948 gänger
