2479 3508
194 294 485 354 großmächtigsten
515 291 669 351 Kayserin
699 288 776 348 aller
801 288 966 348 Reußen,
997 291 1222 351 Beherrsche¬

207 357 252 417 rin
281 357 342 417 und
366 357 557 417 Gebieterin
592 357 664 417 über
687 354 766 414 viele
789 351 867 411 Ew.
891 354 1054 414 Majestät
1083 352 1223 412 zugehö¬

198 419 268 479 rige
301 418 420 478 Länder
442 419 665 479 obwaltenden
698 416 947 476 Freundschaft,
959 417 991 477 zu
1018 417 1105 477 deren
1138 416 1224 476 meh¬

204 478 287 538 rerer
315 479 531 539 Befestigung
560 479 620 539 und
643 479 675 539 zu
698 476 987 536 Aufrechthaltung
1016 476 1070 536 des
1093 476 1214 536 ewigen

203 542 536 602 Friedenstractats,
563 540 620 600 wie
642 542 715 602 auch
742 539 773 599 um
816 542 842 602 zu
875 541 964 601 Dero
991 539 1228 599 Thronbestei¬

203 607 286 667 gung
314 606 369 666 den
397 604 629 664 Glückwunsch
657 604 856 664 abzulegen,
885 604 984 664 dieses
1017 601 1222 661 allerhöchste

202 667 362 727 Kayserl.
380 667 562 727 Schreiben
590 664 729 724 abgehen
757 664 872 724 laßen,
901 665 962 725 und
984 664 1017 724 zu
1045 664 1139 724 dessen
1173 664 1228 724 Ue¬

207 729 414 789 berreichung
437 727 507 787 mich
536 727 819 787 Unterthänigsten
842 727 1022 787 bestimmen
1050 727 1186 787 wollen.

259 789 405 849 Welches
434 786 530 846 Ihro
559 789 716 849 Kayserl.
734 789 904 849 Majestät
927 791 1017 851 durch
1052 791 1102 851 den
1131 790 1226 850 Hrn.

207 841 423 901 Vicekanzler
451 839 581 899 Fürsten
620 839 673 899 von
707 839 847 899 Golitzin
886 840 913 900 in
946 843 1048 903 Russ.
1071 840 1222 900 Sprache

200 891 373 951 folgender
398 888 457 948 Art
482 890 738 950 beantworten,
768 891 827 951 und
852 891 941 951 durch
976 890 1030 950 den
1060 891 1222 951 Secretär

207 940 256 1000 des
300 939 566 999 Reichscollegii
610 940 663 1000 ins
708 939 886 999 Türkische
936 942 1218 1002 verdollmetschen

208 990 338 1050 ließen.

264 1043 357 1103 „Die
380 1048 412 1108 an
441 1048 535 1108 Ihro
563 1049 723 1109 Kayserl.
740 1046 906 1106 Majestät
923 1046 978 1106 von
1012 1047 1089 1107 Sr.
1106 1049 1233 1109 Sulta=

211 1108 329 1168 nischen
364 1109 528 1169 Majestät
552 1106 613 1166 mit
642 1106 693 1166 dem
739 1106 1221 1166 Glückwünschungsschreiben

213 1172 320 1232 wegen
349 1169 440 1229 Dero
469 1172 673 1232 Gelangung
702 1170 752 1230 zum
798 1170 934 1230 Thron,
957 1172 1144 1232 geschehene
1173 1174 1235 1234 Ab¬

217 1237 358 1297 sendung
389 1234 436 1294 des
466 1234 572 1294 Herrn
602 1231 844 1291 Abgesandten,
863 1234 1022 1294 gereichet
1040 1234 1129 1294 Ihro
1153 1237 1241 1297 Kay¬

217 1300 290 1360 serl.
319 1297 483 1357 Majestät
512 1297 540 1357 zu
574 1295 795 1355 allerhöchstem
841 1299 1073 1359 Vergnügen,
1114 1297 1153 1357 um
1204 1295 1232 1355 so

216 1360 332 1420 mehr,
360 1360 392 1420 da
426 1360 514 1420 durch
548 1357 647 1417 dieses
681 1357 862 1417 Schreiben
902 1360 951 1420 die
979 1360 1122 1420 zwischen
1162 1359 1233 1419 bey¬

216 1420 272 1480 den
301 1420 437 1480 Reichen
472 1419 493 1479 so
517 1418 664 1478 glücklich
688 1416 891 1476 obwaltende
915 1422 1153 1482 Freundschaft
1170 1424 1232 1484 und

214 1485 266 1545 der
295 1482 400 1542 ewige
430 1482 540 1542 Friede
570 1482 738 1542 befestiget
768 1480 873 1540 wird,
914 1485 966 1545 als
996 1485 1112 1545 welche
1142 1485 1234 1545 Ihro

219 1545 375 1605 Kayserl.
392 1542 553 1602 Majestät
576 1539 670 1599 Dero
693 1542 798 1602 Seits
827 1545 1094 1605 unverbrüchlich
1129 1547 1156 1607 zu
1195 1545 1239 1605 er¬

220 1607 329 1667 halten
354 1605 510 1665 gesonnen
539 1603 637 1663 sind."

269 1664 422 1724 Worauf
445 1661 501 1721 der
525 1662 598 1722 Hr.
627 1664 836 1724 Abgesandte
865 1664 927 1724 mit
951 1667 1029 1727 allen
1064 1667 1239 1727 vorherge¬

221 1712 366 1772 gangnen
417 1709 634 1769 Ceremonien
674 1709 795 1769 wieder
836 1709 871 1769 zu
912 1711 1023 1771 Hause
1074 1712 1244 1772 begleitet,

220 1760 281 1820 und
330 1757 420 1817 durch
468 1754 525 1814 den
573 1751 668 1811 Hrn.
702 1751 916 1811 Vicekanzler
960 1751 1088 1811 Fürsten
1136 1753 1241 1813 Goli¬

223 1805 273 1865 tzin
312 1802 342 1862 im
388 1801 520 1861 Namen
559 1799 646 1859 Ihro
679 1799 849 1859 Majestät
875 1801 931 1861 auf
958 1802 1014 1862 das
1052 1803 1241 1863 prächtigste

222 1855 401 1915 bewirthet
424 1849 579 1909 wurden.

501 1903 675 1963 Wilda,
705 1903 762 1963 den
798 1903 839 1963 9.
863 1903 967 1963 Nov.

272 1954 346 2014 Der
363 1956 558 2016 anhaltende
575 1954 685 2014 Regen
713 1952 770 2012 hat
787 1953 813 2013 in
845 1954 972 2014 unserer
994 1954 1126 2014 Gegend
1147 1955 1226 2015 einen

225 2007 291 2067 fehr
314 2005 401 2065 üblen
435 2005 512 2065 Weg
540 2003 766 2063 verursachet,
789 2002 888 2062 daher
922 2004 987 2064 auch
1021 2002 1070 2062 die
1093 2008 1242 2068 Königs¬

225 2056 366 2116 bergsche
383 2053 464 2113 Post
487 2052 563 2112 schon
596 2052 672 2112 über
694 2052 699 2112 8
727 2052 814 2112 Tage
837 2052 1065 2112 unterwegens
1093 2052 1142 2112 ist.
1170 2054 1240 2114 Die

224 2103 383 2163 Landtäge
410 2103 462 2163 der
484 2103 696 2163 sämmtlichen
728 2100 849 2160 Kreyse
876 2102 902 2162 in
935 2103 1045 2163 unserm
1094 2106 1242 2166 Herzog¬

225 2156 300 2216 thum
350 2154 448 2214 haben
487 2151 574 2211 ihren
612 2150 825 2210 erwünschten
853 2151 1015 2211 Fortgang

1106 2155 1240 2215 Außer,

229 2205 287 2265 daß
314 2205 371 2265 auf
393 2202 445 2262 dem
483 2202 508 2262 zu
541 2199 683 2259 Grodno
710 2200 788 2260 Sr.
805 2200 962 2260 Erlaucht
990 2202 1036 2262 der
1063 2202 1242 2262 Großfeld¬

230 2252 332 2312 herr,
354 2252 441 2312 Herr
474 2249 528 2309 von
566 2247 750 2307 Massalsky
789 2252 940 2312 öffentlich
979 2251 1038 2311 soll
1061 2252 1244 2312 protestiret

229 2303 358 2363 haben,
384 2300 485 2360 davon
515 2297 586 2357 aber
611 2294 656 2354 die
687 2300 872 2360 eigentliche
893 2300 1044 2360 Ursachen
1080 2300 1150 2360 noch
1186 2302 1245 2362 un¬

224 2351 368 2411 bekannt
395 2348 493 2408 sind,
535 2345 597 2405 und
634 2344 701 2404 man
743 2348 800 2408 hat
826 2351 877 2411 dem
925 2351 1137 2411 ohngeachtet
1164 2351 1246 2411 fort=

225 2401 411 2461 gefahren,
446 2399 490 2459 die
519 2393 705 2453 Deputirte
735 2394 819 2454 einer
854 2399 938 2459 jeden
973 2399 1244 2459 Woywodschaft

225 2453 252 2513 zu
286 2449 446 2509 wählen,
480 2446 529 2506 die
558 2443 612 2503 bey
647 2443 696 2503 der
724 2443 879 2503 Krönung
913 2449 1090 2509 erscheinen
1129 2452 1245 2512 sollen.

229 2500 294 2560 Die
317 2497 583 2557 Woywodschaft
606 2491 800 2551 Nowogrod
828 2496 883 2556 hat
906 2500 955 2560 den
989 2500 1077 2560 Hrn.
1100 2502 1155 2562 von
1189 2500 1244 2560 Ti=

231 2551 397 2611 senhausen
428 2548 500 2608 dazu
532 2545 708 2605 ernennet.

445 2596 709 2656 Warschau,
740 2593 794 2653 den
830 2593 891 2653 15.
921 2598 1023 2658 Nov.

274 2643 350 2703 Daß
387 2646 463 2706 Sr.
482 2643 623 2703 Königl.
642 2642 742 2702 Maj.
766 2641 813 2701 U.
831 2642 873 2702 A.
891 2643 938 2703 H.
968 2646 1033 2706 kein
1064 2646 1240 2706 Liebhaber

226 2694 283 2754 von
313 2697 359 2757 der
383 2694 573 2754 Ueppigkeit
597 2694 684 2754 seyn,
713 2691 823 2751 solches
852 2689 904 2749 hat
928 2691 974 2751 sich
1003 2697 1101 2757 dieser
1125 2697 1229 2757 Tagen

228 2745 392 2805 gezeiget,
422 2744 472 2804 daß
501 2742 534 2802 da
563 2742 608 2802 ein
637 2742 767 2802 hiesiger
790 2741 1142 2801 Schumachermeister
1165 2747 1232 2807 nach

225 2793 308 2853 Hofe
331 2793 458 2853 berufen
487 2793 648 2853 worden,
671 2793 709 2853 um
755 2791 827 2851 Sr.
850 2789 949 2849 Maj.
972 2790 1028 2850 das
1056 2796 1167 2856 Maaß
1201 2798 1234 2858 zu

231 2843 323 2903 Schu
349 2844 380 2904 zu
412 2844 567 2904 nehmen,
593 2844 690 2904 dieser
717 2839 794 2899 aber
810 2840 835 2900 in
867 2840 1042 2900 sammtnen
1074 2844 1234 2904 bordirten

225 2891 344 2951 Kleide
373 2891 576 2951 erschienen;
611 2888 712 2948 ließen
747 2891 798 2951 ihm
849 2888 928 2948 Sr.
963 2889 1064 2949 Maj.
1093 2894 1228 2954 befehlen

230 2942 463 3002 wegzugehen,
489 2942 642 3002 sagende,
667 2942 735 3002 was
760 2942 815 3002 vor
840 2941 975 3001 Kleider
994 2942 1098 3002 werde
1117 2942 1160 3002 ich
1179 2944 1240 3004 tra¬

1259 292 1342 352 gen,
1370 291 1402 351 da
1431 293 1475 353 sich
1509 291 1597 351 Leute
1626 292 1680 352 von
1714 296 1825 356 solchem
1870 294 2003 354 Stande
2031 294 2081 354 des
2109 297 2269 357 Sammts

1261 342 1435 402 bedienen.
1488 345 1535 405 Am
1573 343 1640 403 9ten
1667 345 1767 405 dieses
1789 348 1984 408 präsentirte
2006 345 2058 405 der
2080 345 2174 405 Graf
2190 348 2279 408 Sol¬

1257 389 1350 449 lohub
1377 389 1541 449 Woywod
1569 392 1629 452 von
1657 395 1783 455 Klepsk
1811 395 1881 455 Sr.
1898 397 1996 457 Maj.
2019 396 2067 456 bey
2095 395 2182 455 einer
2199 394 2281 454 Pri¬

1264 440 1500 500 vataudienze,
1517 440 1614 500 seinen
1646 443 1769 503 Sohn.
1811 445 1888 505 Der
1909 446 1975 506 Hr.
2002 444 2280 504 Krongroßmar¬

1270 488 1357 548 schall
1385 488 1482 548 Graf
1510 491 1695 551 Bielinsky
1728 494 1805 554 wird
1838 494 1891 554 von
1925 496 2044 556 Seiten
2083 497 2143 557 des
2171 494 2279 554 Hofes

1262 539 1427 599 ersuchet,
1450 539 1560 599 damit
1577 539 1605 599 er
1639 540 1660 600 in
1694 545 1871 605 Ansehung
1905 545 2004 605 seines
2038 548 2137 608 hohen
2171 544 2276 604 Alters

1266 587 1313 647 die
1351 587 1673 647 Marschallswürde
1706 592 1742 652 an
1785 592 1838 652 den
1886 592 2018 652 Fürsten
2066 597 2282 657 Lubomirski

1269 634 1424 694 General
1445 640 1843 700 Kronfeldwachtmeister
1874 643 2015 703 abtreten
2051 646 2192 706 möchte,
2227 646 2282 706 auf

1271 685 1366 745 diesen
1387 685 1461 745 Fall
1482 688 1582 748 dörfte
1604 691 1650 751 die
1672 694 2184 754 Kronfeldwachtmeistercharge
2211 697 2258 757 dem

1270 735 1396 795 Grafen
1418 736 1576 796 Branicki
1597 739 1740 799 Starost
1762 742 1814 802 von
1841 742 1957 802 Hulicz
1984 745 2010 805 zu
2037 745 2121 805 theil
2137 745 2284 805 werden.

1269 784 1397 844 Vorige
1418 785 1536 845 Woche
1557 789 1710 849 arrivirte
1731 792 1834 852 anher
1860 792 1911 852 der
1932 792 2096 852 Erbprinz
2122 792 2178 852 von
2204 795 2281 855 Cur¬

1269 834 1362 894 land,
1387 836 1421 896 um
1465 836 1617 896 vermöge
1643 839 1691 899 der
1716 843 2178 903 Convocationsconstitution
2208 841 2285 901 Sr.

1273 885 1365 945 Maj.
1387 885 1511 945 sowohl
1527 885 1553 945 in
1584 887 1687 947 seinen
1724 891 1770 951 als
1803 891 1828 951 in
1870 891 1968 951 seines
1994 891 2119 951 Vaters
2145 891 2274 951 Namen

1269 931 1316 991 die
1338 936 1533 996 Huldigung
1560 936 1586 996 zu
1613 936 1740 996 leisten.
1788 939 1835 999 Es
1862 939 1925 999 sind
1952 941 2020 1001 hier
2052 944 2195 1004 ebenfals
2227 941 2285 1001 an¬

1265 981 1446 1041 gekommen
1482 984 1533 1044 der
1564 984 1715 1044 Kayserl.
1736 987 1888 1047 General
1919 988 2014 1048 Graf
2041 992 2283 1052 Poniatowski

1273 1029 1329 1089 aus
1365 1031 1462 1091 Wien
1499 1031 1550 1091 der
1581 1033 1679 1093 Fürst
1706 1034 1926 1094 Czartorysky
1958 1040 2282 1100 Kronjägermeister

1268 1079 1324 1139 aus
1351 1079 1500 1139 Berlin,
1527 1079 1589 1139 und
1626 1082 1672 1142 die
1698 1082 1818 1142 Gräfin
1855 1082 1911 1142 von
1937 1085 2062 1145 Brühl
2088 1085 2150 1145 aus
2176 1085 2285 1145 Dres¬

1271 1125 1349 1185 den,
1377 1127 1482 1187 wohin
1514 1130 1609 1190 dieser
1636 1133 1741 1193 Tagen
1768 1133 1820 1193 der
1842 1133 2011 1193 Ueberrest
2033 1133 2085 1193 des
2107 1133 2275 1193 Hofstaats

1268 1175 1317 1235 des
1346 1178 1490 1238 Prinzen
1519 1179 1612 1239 Carls
1641 1181 1696 1241 von
1724 1184 1791 1244 hier
1819 1184 2052 1244 abgegangen.
2114 1182 2164 1242 Es
2198 1181 2275 1241 wird

1268 1229 1336 1289 hier
1359 1228 1415 1288 vor
1438 1228 1535 1288 gewiß
1564 1232 1768 1292 gesprochen,
1797 1234 1848 1294 daß
1877 1234 1928 1294 die
1951 1234 2155 1294 Masovische
2184 1235 2291 1295 Woy¬

1268 1279 1442 1339 wodschaft
1464 1278 1516 1338 den
1555 1281 1649 1341 Hrn.
1671 1282 1878 1342 Mostowski
1905 1283 1963 1343 von
1995 1288 2202 1348 Pomerellen
2229 1285 2287 1345 soll

1273 1330 1417 1390 ertheilet
1438 1330 1592 1390 werden,
1618 1333 1773 1393 hingegen
1804 1333 1855 1393 soll
1876 1336 1927 1396 der
1949 1336 2015 1396 Hr.
2036 1339 2289 1399 Brzebadows¬

1268 1381 1294 1441 ki
1316 1381 1458 1441 Starost
1480 1378 1538 1438 von
1571 1381 1778 1441 Mirechow,
1805 1384 1852 1444 die
1879 1387 2166 1447 Pommerellische
2182 1384 2288 1444 Woy¬

1271 1430 1446 1490 wodschaft
1467 1428 1631 1488 erhalten.
1706 1431 1843 1491 Gestern
1881 1431 1917 1491 ist
1939 1433 1986 1493 die
2008 1436 2193 1496 Gemahlin
2230 1434 2283 1494 des

1269 1479 1365 1539 Hrn.
1388 1479 1582 1539 Castellanen
1615 1479 1668 1539 von
1701 1482 1841 1542 Cracau,
1864 1482 2204 1542 Krongroßfeldherrn
2232 1484 2290 1544 all¬

1273 1530 1339 1590 hier
1360 1530 1391 1590 zu
1422 1530 1571 1590 Mittage
1593 1530 1851 1590 angekommen,
1877 1533 1908 1593 er
1934 1533 2063 1593 selbsten
2099 1533 2197 1593 aber,
2224 1532 2285 1592 wie

1274 1578 1342 1638 auch
1375 1578 1421 1638 der
1449 1578 1512 1638 Hr.
1534 1579 1866 1639 Kronhofmarschall
1883 1582 1978 1642 Graf
2000 1584 2174 1644 Mniszeki
2201 1581 2279 1641 wird

1273 1626 1342 1686 hier
1373 1627 1458 1687 nicht
1483 1625 1543 1685 und
1579 1626 1663 1686 zwar
1699 1628 1804 1688 wegen
1839 1631 2090 1691 Unpäßlichkeit
2115 1631 2185 1691 dero
2216 1628 2285 1688 Ge¬

1275 1673 1391 1733 mahlin
1421 1673 1636 1733 ankommen,
1660 1673 1847 1733 imgleichen
1876 1675 1923 1735 der
1947 1677 2012 1737 Hr.
2031 1676 2195 1736 Woywod
2224 1676 2280 1736 von

1287 1715 1395 1775 Cracau
1422 1712 1757 1772 Kronunterfeldherr
1775 1718 1812 1778 ist
1826 1718 1879 1778 auf
1898 1719 1993 1779 seiner
2011 1719 2223 1779 Anheroreise
2242 1724 2287 1784 ge¬

1277 1757 1406 1817 fährlich
1435 1757 1530 1817 krank
1550 1757 1741 1817 geworden.
1789 1763 1836 1823 Am
1880 1766 2061 1826 Sonntage
2090 1769 2138 1829 als
2167 1769 2195 1829 in
2234 1769 2281 1829 der

1282 1811 1406 1871 Octave
1441 1811 1491 1871 des
1526 1814 1780 1874 Namensfestes
1815 1816 1888 1876 Sr.
1911 1820 2052 1880 Königl.
2075 1822 2205 1882 Hoheit
2234 1822 2284 1882 des

1283 1864 1423 1924 Prinzen
1452 1864 1548 1924 Carls
1572 1864 1627 1924 hat
1651 1867 1695 1927 die
1718 1870 1916 1930 verwitwete
1934 1873 2058 1933 Fürstin
2081 1873 2284 1933 Sanguszko

1279 1915 1580 1975 Großmarschallin
1613 1917 1665 1977 von
1697 1920 1850 1980 Lithauen
1877 1924 1961 1984 einen
1994 1924 2173 1984 prächtigen
2206 1922 2290 1982 Ball

1275 1963 1312 2023 an
1344 1965 1386 2025 die
1408 1966 1476 2026 hier
1503 1969 1687 2029 befindliche
1704 1969 1926 2029 Herrschaften
1953 1972 2111 2032 gegeben,
2122 1972 2179 2032 und
2207 1970 2285 2030 zwar

1274 2011 1300 2071 im
1343 2014 1549 2074 Sächsischen
1582 2018 1735 2078 Palais,
1762 2020 1819 2080 auf
1846 2020 1899 2080 dem
1936 2020 2058 2080 Desert
2085 2020 2196 2080 wurde
2228 2020 2285 2080 nur

1279 2064 1328 2124 das
1355 2064 1545 2124 Sächsische
1573 2064 1659 2124 nicht
1681 2067 1756 2127 aber
1796 2070 1855 2130 das
1894 2072 2121 2132 Curländische
2154 2067 2278 2127 Wapen

1273 2112 1490 2172 vorgestellet.
1551 2112 1601 2172 An
1632 2113 1702 2173 eben
1738 2115 1789 2175 dem
1840 2119 1930 2179 Tage
1962 2121 2072 2181 wurde
2103 2121 2164 2181 von
2205 2121 2290 2181 Sei¬

1271 2160 1318 2220 ten
1356 2160 1408 2220 des
1435 2163 1780 2223 Marschallsgerichts
1813 2169 1950 2229 hiesigen
1978 2172 2205 2232 Einwohnern
2243 2169 2290 2229 be¬

1282 2211 1405 2271 sonders
1426 2211 1519 2271 denen
1540 2211 1678 2271 Beckern
1705 2216 1761 2276 und
1783 2217 1947 2277 Fleischern
1979 2222 2118 2282 bekannt
2134 2221 2288 2281 gemacht.

1285 2258 1327 2318 sich
1355 2258 1414 2318 mit
1436 2258 1538 2318 Mehl
1560 2258 1619 2318 und
1652 2263 1732 2323 Vieh
1766 2266 1825 2326 auf
1853 2266 1901 2326 die
1934 2269 2181 2329 bevorstehende
2204 2267 2289 2327 Krö¬

1275 2311 1366 2371 nung
1402 2309 1432 2369 zu
1469 2309 1663 2369 versorgen.

1721 2316 1788 2376 Fast
1820 2315 1877 2375 alle
1903 2314 2086 2374 Woywod=
2102 2318 2164 2378 und
2191 2318 2295 2378 Land=

1277 2360 1406 2420 schaften
1440 2360 1542 2420 haben
1581 2360 1656 2420 ihre
1684 2365 1868 2425 Landboten
1907 2365 2102 2425 instruiret,
2129 2369 2167 2429 um
2217 2369 2292 2429 Sr.

1282 2409 1420 2469 Königl.
1443 2411 1542 2471 Maj.
1559 2411 1586 2471 zu
1615 2411 1786 2471 ersuchen,
1814 2416 1919 2476 damit
1941 2414 2041 2474 beyde
2069 2417 2290 2477 Reichssiegel

1275 2458 1326 2518 dem
1373 2459 1502 2519 Grafen
1539 2458 1703 2518 Zamoyki
1730 2464 1895 2524 Woywod
1931 2464 1988 2524 von
2030 2467 2277 2527 Inuawroclau

1273 2509 1331 2569 und
1358 2509 1411 2569 dem
1454 2509 1725 2569 primatialischen
1747 2515 1906 2575 Auditori
1928 2512 2018 2572 Hrn.
2035 2517 2290 2577 Mlodziesoucki

1276 2562 1308 2622 zu
1336 2557 1416 2617 theil
1439 2557 1558 2617 werden
1591 2559 1748 2619 möchten.
1814 2563 2015 2623 Vorgestern
2048 2565 2102 2625 hat
2124 2567 2172 2627 der
2195 2566 2292 2626 Fürst

1279 2608 1409 2668 Repnin
1435 2608 1525 2668 durch
1551 2607 1635 2667 einen
1666 2614 1802 2674 Courier
1827 2614 1867 2674 ein
1903 2614 2043 2674 Creditiv
2074 2617 2119 2677 als
2150 2617 2290 2677 Reichs¬

1282 2658 1483 2718 botschafter,
1500 2655 1548 2715 der
1571 2655 1636 2715 Hr.
1658 2658 1712 2718 von
1740 2663 1811 2723 Asch
1838 2663 1908 2723 aber
1936 2661 1985 2721 als
2013 2664 2115 2724 Russ.
2132 2664 2290 2724 Resident

1276 2708 1447 2768 erhalten,
1483 2706 1543 2766 und
1584 2706 1634 2766 der
1670 2711 1781 2771 vorige
1807 2713 1877 2773 Hr.
1903 2715 2105 2775 Reszewski
2126 2715 2292 2775 bekommt

1280 2757 1340 2817 alle
1363 2759 1456 2819 Jahr
1479 2756 1561 2816 1000
1595 2760 1711 2820 Rthlr.
1734 2763 1899 2823 Pension.

1276 2866 1372 2926 Diese
1389 2864 1529 2924 Gelehrte
1546 2866 1599 2926 und
1627 2866 1789 2926 Politische
1806 2870 1935 2930 Zeitung
1962 2870 2032 2930 wird
2054 2867 2102 2927 des
2130 2864 2281 2924 Montags

1372 2910 1430 2970 und
1463 2911 1613 2971 Freytags
1635 2911 1656 2971 in
1683 2910 1732 2970 dem
1770 2912 1968 2972 Kanterschen
2001 2909 2178 2969 Buchladen

1668 2954 1897 3014 ausgegeben.
