2479 3508
213 315 400 375 Expresser,
429 315 555 375 welchen
589 315 655 375 man
689 314 754 374 nach
783 312 965 372 Sandusky
993 312 1153 372 geschickt,
1176 315 1230 375 und

222 365 293 425 eine
317 363 475 423 Antwort
494 364 546 424 von
585 363 638 423 dem
676 360 958 420 Commendanten
997 363 1025 423 zu
1055 363 1236 423 Pittsbur=

222 413 534 473 zurückzubringen,
556 413 598 473 die
626 410 895 470 Unternehmung
923 410 981 470 auf
1002 413 1240 473 Presqu'Isle

223 461 414 521 betreffend,
441 463 632 523 ohngefähr
654 461 694 521 45
726 461 856 521 Meilen
882 461 980 521 davon
1012 459 1177 519 ermordet
1199 461 1245 521 ge¬

231 513 342 573 funden
369 512 528 572 worden,
555 511 613 571 und
640 511 698 571 sein
725 509 847 569 Haupt
864 509 921 569 auf
943 509 1027 569 einen
1060 509 1171 569 Pfahl
1198 508 1245 568 ge=

226 560 324 620 steckt.
376 558 464 618 Man
496 560 626 620 schreibt
647 560 734 620 einem
788 560 844 620 von
876 560 928 620 den
954 558 1172 618 Indianern,
1193 557 1244 617 die

233 608 285 668 ihn
328 607 502 667 begleitet,
524 608 608 668 diese
641 607 730 667 That
763 608 820 668 zu.
873 607 968 667 Man
1006 607 1079 667 kann
1122 607 1243 667 daraus

231 658 333 718 nichts
361 657 474 717 anders
496 655 670 715 schließen,
692 657 740 717 als
768 655 821 715 daß
849 655 930 715 diese
953 655 1071 715 Elende
1099 655 1169 715 Zeit
1196 654 1250 714 ge¬

237 709 365 769 winnen
394 706 534 766 wollen,
556 706 609 766 sich
642 706 702 766 mit
729 706 777 766 den
805 706 950 766 Ihrigen
995 703 1021 763 in
1054 706 1248 766 Sicherheit

236 761 266 821 zu
298 757 416 817 setzen,
447 757 508 817 und
540 755 591 815 die
617 754 818 814 Jahreszeit
850 753 880 813 zu
917 754 1101 814 erwarten,
1128 754 1251 814 worin¬

236 807 292 867 nen
319 807 390 867 man
417 804 520 864 nichts
546 801 645 861 wider
666 801 701 861 sie
728 801 924 861 vornehmen
950 801 1053 861 kann.

444 852 726 912 Landscron,
753 851 810 911 den
848 851 910 911 18.
936 850 1041 910 Nov.

282 900 357 960 Der
379 902 493 962 Baron
532 902 635 962 Ulrich
674 900 853 960 Scheffer,
886 900 1033 960 Königl.
1061 897 1245 957 Gesandter

239 954 269 1014 an
301 954 352 1014 den
378 953 450 1013 Hof
466 952 496 1012 zu
523 951 697 1011 Versailles
729 948 786 1008 und
812 946 863 1006 der
879 945 992 1005 Baron
1013 945 1116 1005 Peter
1132 945 1250 1005 Schef=

237 1002 281 1062 fer
312 1001 574 1061 Generalmajor
605 998 664 1058 sind
700 997 755 1057 aus
791 995 977 1055 Frankreich
1013 992 1123 1052 allhier
1154 995 1249 1055 ange¬

239 1049 418 1109 kommen,
461 1049 524 1109 und
561 1049 598 1109 sie
647 1046 736 1106 setzen
778 1043 852 1103 ihre
884 1043 979 1103 Reise
1022 1043 1090 1103 nach
1133 1044 1254 1104 Stock¬

238 1100 316 1160 holm
363 1097 447 1157 fort.

485 1142 694 1202 Madrid,
729 1139 787 1199 den
822 1139 886 1199 13.
915 1136 1014 1196 Nov.

291 1190 366 1250 Den
399 1195 501 1255 29sten
540 1193 593 1253 des
621 1190 755 1250 vorigen
783 1190 928 1250 Monats
961 1187 1009 1247 kam
1064 1187 1117 1247 von
1150 1185 1247 1245 Cadix

246 1246 288 1306 ein
316 1244 434 1304 großes
456 1243 558 1303 Russ.
575 1240 677 1300 Schif
699 1240 731 1300 an
758 1240 823 1300 mit
845 1237 877 1297 34
910 1235 1092 1295 Kanonen,
1120 1234 1249 1294 worauf

246 1297 304 1357 250
348 1294 456 1354 Mann
489 1291 624 1351 waren;
657 1289 760 1349 dieses
793 1288 895 1348 Schif
923 1288 971 1348 kam
1026 1285 1080 1345 von
1113 1285 1258 1345 Peters=

236 1345 341 1405 burg,
372 1344 428 1404 und
459 1342 524 1402 war
550 1339 611 1399 mit
636 1339 854 1399 verschiednen
880 1336 1022 1396 Waaren
1058 1336 1255 1396 angefüllet,

241 1393 359 1453 welche
380 1393 405 1453 in
437 1390 483 1450 den
514 1390 612 1450 Russ.
628 1387 777 1447 Fabriken
808 1387 983 1447 gearbeitet
1004 1387 1148 1447 werden.
1174 1387 1246 1447 Der

252 1438 512 1498 Schifscapitain
546 1437 613 1497 hieß
641 1437 796 1497 Theodor
819 1434 1024 1494 Plesahejef.

463 1485 723 1545 Warschau,
757 1486 807 1546 den
846 1483 884 1543 6.
913 1483 1012 1543 Nov.

299 1536 346 1596 Am
400 1536 617 1596 verwichenen
660 1533 829 1593 Montage
873 1533 935 1593 hat
968 1530 1020 1590 der
1053 1530 1259 1590 Krönungs¬

249 1588 447 1648 Reichstage
470 1587 607 1647 glücklich
636 1584 734 1644 seinen
774 1582 900 1642 Anfang
940 1581 1154 1641 genommen,
1177 1581 1254 1641 Se.

248 1635 348 1695 Maj.
370 1634 501 1694 begaben
528 1633 575 1693 sich
603 1631 829 1691 Vormittages
856 1629 914 1689 vom
957 1628 1083 1688 Schloß
1110 1627 1136 1687 im
1184 1627 1258 1687 gro¬

251 1684 305 1744 ßen
335 1681 476 1741 Gefolge
501 1682 589 1742 derer
609 1679 712 1739 Herrn
747 1677 938 1737 Senatoren
973 1675 1031 1735 und
1066 1673 1247 1733 Landboten

251 1733 322 1793 nach
360 1730 412 1790 der
446 1727 750 1787 Johanniskirche,
799 1722 860 1782 und
899 1720 970 1780 nach
1008 1720 1251 1780 abgesungener

252 1779 359 1839 Messe
385 1775 443 1835 und
473 1774 526 1834 der
556 1769 703 1829 Predigt
728 1766 894 1826 verfügten
929 1766 978 1826 sich
1013 1763 1248 1823 hochdieselben

251 1824 310 1884 mit
351 1822 407 1882 dem
468 1820 588 1880 ganzen
639 1817 785 1877 Gefolge
847 1817 876 1877 in
932 1814 988 1874 den
1044 1812 1260 1872 Senatoren¬

249 1877 342 1937 saal,
387 1873 447 1933 von
486 1872 612 1932 dannen
652 1870 789 1930 begaben
834 1869 883 1929 sich
928 1867 993 1927 mit
1027 1865 1170 1925 Königl.
1193 1861 1253 1921 Er¬

252 1927 377 1987 laubniß
410 1924 567 1984 sämtliche
595 1921 779 1981 Landboten
813 1918 839 1978 in
878 1918 926 1978 die
959 1915 1263 1975 Landbotenstube,

252 1975 315 2035 und
350 1972 482 2032 nachdem
537 1972 585 2032 die
615 1968 859 2028 gegenwärtige
894 1966 1075 2026 Zuschauer
1110 1965 1247 2025 abtreten

248 2023 391 2083 müssen,
418 2023 524 2083 wurde
546 2023 598 2083 zur
620 2020 726 2080 Wahl
748 2018 833 2078 eines
855 2015 1252 2075 Landboten=Marschalls

255 2070 456 2130 geschritten,
478 2070 513 2130 da
540 2067 616 2127 denn
648 2067 695 2127 der
721 2067 813 2127 Graf
830 2064 1089 2124 Malachowski,
1115 2062 1259 2122 Starost

252 2121 312 2181 von
347 2119 544 2179 Peterkau,
580 2115 767 2175 einmüthig
808 2115 884 2175 dazu
925 2112 1081 2172 erwählet
1112 2109 1263 2169 worden,

252 2172 323 2232 nach
355 2169 406 2229 dem
448 2169 535 2229 hiezu
577 2166 751 2226 abgelegten
788 2163 870 2223 Eide
891 2163 1066 2223 deputirten
1097 2160 1148 2220 der
1170 2160 1251 2220 Herr

261 2220 441 2280 Marschall
472 2217 534 2277 aus
565 2215 647 2275 jeder
679 2212 828 2272 Provinz
860 2213 874 2273 2
911 2211 1091 2271 Landboten
1128 2208 1153 2268 in
1195 2208 1246 2268 den

262 2266 390 2326 Senat,
406 2266 442 2326 um
484 2264 613 2324 daselbst
634 2261 680 2321 die
701 2258 809 2318 Wahl
825 2261 855 2321 zu
881 2261 1113 2321 verkündigen,
1129 2255 1258 2315 worauf

252 2315 478 2375 hinwiederum
519 2312 533 2372 3
558 2312 661 2372 Herrn
691 2309 883 2369 Senatores
919 2309 943 2369 in
988 2309 1032 2369 die
1062 2307 1263 2367 Landboten¬

257 2364 339 2424 stube
365 2360 571 2420 abgeschicket
587 2357 736 2417 worden,
758 2357 799 2417 um
851 2357 897 2417 die
928 2357 1031 2417 Herrn
1068 2355 1248 2415 Landboten

253 2416 311 2476 auf
328 2414 380 2474 den
407 2411 523 2471 Senat
545 2407 576 2467 zu
608 2405 788 2465 entbieten.
842 2408 905 2468 Als
937 2408 1048 2468 solches
1080 2405 1260 2465 geschehen,

253 2463 385 2523 wurden
417 2458 490 2518 Se.
507 2458 607 2518 Maj.
629 2455 681 2515 vom
724 2455 1109 2515 Landboren=Marschall
1131 2455 1152 2515 im
1189 2451 1263 2511 Na¬

260 2512 323 2572 men
355 2511 408 2571 der
435 2509 614 2569 sämtlichen
652 2501 864 2561 Ritterschaft
891 2503 1139 2563 bewillkommt.
1187 2503 1266 2563 Se.

260 2563 360 2623 Maj.
382 2557 593 2617 antworteten
620 2554 736 2614 darauf
764 2551 879 2611 selbsten
916 2551 943 2611 in
980 2554 1033 2614 den
1065 2552 1255 2612 zierlichsten

253 2614 316 2674 und
349 2609 534 2669 gnädigsten
561 2602 793 2662 Ausdrücken,
820 2599 883 2659 und
905 2602 1090 2662 übergaben
1122 2602 1249 2662 darnach

253 2660 309 2720 das
338 2660 434 2720 große
457 2655 649 2715 Kronsiegel
673 2651 723 2711 dem
764 2646 894 2706 Grafen
923 2650 1126 2710 Zamoyski,
1155 2649 1262 2709 Woy¬

253 2709 366 2769 woden
403 2706 459 2766 von
496 2703 748 2763 Jaworoclaw,
774 2697 830 2757 das
862 2694 964 2754 kleine
996 2700 1186 2760 Kronsiegel
1208 2697 1259 2757 des

253 2758 361 2818 Herrn
393 2752 676 2812 Modziejowski,
698 2748 842 2808 Canzler
863 2742 919 2802 von
946 2748 1095 2808 Gnesen,
1122 2748 1178 2808 und
1204 2747 1261 2807 das

254 2808 353 2868 kleine
387 2804 575 2864 lithauische
603 2800 730 2860 Siegel
742 2797 796 2857 dem
836 2795 940 2855 Herrn
974 2796 1179 2856 Przedzicki,
1201 2796 1273 2856 Re¬

259 2858 466 2918 ferendarius
490 2852 547 2912 von
577 2851 749 2911 Lithauen,
779 2848 825 2908 als
854 2844 952 2904 solche
976 2844 1045 2904 ihre
1069 2847 1154 2907 Eide
1178 2847 1276 2907 gelei=

1286 319 1356 379 stet,
1378 318 1442 378 und
1464 320 1551 380 ihren
1584 318 1665 378 Sitz
1682 324 1893 384 genommen,
1920 324 2045 384 wurden
2078 321 2131 381 von
2165 324 2294 384 gedach¬

1277 363 1325 423 ten
1364 366 1466 426 Herrn
1510 370 1744 430 Großkanzler
1777 372 1825 432 die
1859 372 2005 432 Königl.
2028 370 2287 430 Propositiones

1284 416 1414 476 verlesen
1450 415 1510 475 und
1542 416 1591 476 die
1612 419 1743 479 Seßion
1774 422 1829 482 auf
1850 422 1895 482 den
1931 419 2092 479 Mitwoch
2128 419 2289 479 verleget;

1285 464 1329 524 Am
1374 464 1528 524 Mitwoch
1568 466 1612 526 als
1651 469 1723 529 Se.
1746 472 1890 532 Königl.
1918 473 2018 533 Maj.
2040 470 2067 530 im
2112 470 2228 530 Senat
2251 467 2295 527 er=

1283 513 1439 573 schienen,
1467 515 1618 575 eröffnete
1646 516 1700 576 der
1722 521 1808 581 Herr
1830 521 2220 581 Landboten=Marschall
2237 518 2285 578 die

1285 561 1438 621 Seßion,
1465 564 1596 624 worauf
1618 566 1665 626 die
1686 567 1738 627 zur
1760 569 1976 629 Constitution
2003 569 2160 629 deputirte
2177 566 2276 626 Herrn

1287 610 1334 670 den
1372 610 1429 670 Eid
1456 612 1640 672 abgeleget,
1662 616 1783 676 darauf
1810 618 1920 678 wurde
1947 617 2005 677 auf
2032 619 2195 679 Anhalten
2232 616 2284 676 des

1288 658 1390 718 Herrn
1423 664 1805 724 Groß=Schatzmeisters
1833 667 1881 727 die
1909 665 2059 725 Projecte
2081 666 2135 726 der
2157 664 2291 724 Schatz¬

1281 706 1477 766 commißion
1507 712 1663 772 verlesen.
1713 715 1835 775 Einige
1865 715 1973 775 Herrn
2007 715 2188 775 Landboten
2223 715 2291 775 ver¬

1288 757 1411 817 langten
1444 757 1465 817 so
1493 757 1584 817 wohl
1600 761 1649 821 die
1666 763 1989 823 Wiederherstellung
2017 763 2065 823 der
2087 763 2291 823 Kron=Mar¬

1287 807 1603 867 schallsjurisdiction
1635 810 1666 870 an
1704 810 1756 870 den
1794 813 1899 873 Herrn
1937 812 2063 872 Grafen
2100 813 2295 873 Bielinski,

1287 852 1338 912 als
1369 853 1436 913 auch
1478 855 1523 915 die
1550 855 1658 915 vorige
1684 861 1823 921 Gewalt
1844 863 1874 923 an
1911 862 1957 922 die
1978 861 2081 921 beiden
2118 861 2292 921 Kronfeld¬

1286 903 1399 963 herrn,
1425 903 1554 963 worauf
1575 906 1621 966 die
1642 909 1776 969 Seßion
1802 912 1957 972 geendigt
1983 911 2132 971 worden.
2211 909 2287 969 Der

1288 952 1433 1012 Königl.
1461 954 1595 1014 Preuß.
1623 957 1806 1017 Gesandte,
1839 960 1936 1020 Fürst
1964 957 2023 1017 von
2056 957 2233 1017 Carolath,
2256 960 2293 1020 ist

1287 998 1357 1058 nach
1393 1001 1549 1061 gehabter
1575 1004 1894 1064 Abschiedsaudienz
1925 1007 2102 1067 vorgestern
2138 1007 2198 1067 von
2229 1007 2294 1067 hier

1290 1048 1481 1108 abgereiset.
1530 1049 1667 1109 Gestern
1697 1052 1731 1112 ist
1751 1055 1799 1115 dem
1849 1054 1932 1114 Herr
1962 1055 2295 1115 Kron=Großmar¬

1289 1096 1381 1156 schall
1413 1097 1464 1157 die
1501 1103 1910 1163 Marschallsjurisdiction
1957 1103 2081 1163 wieder
2113 1100 2294 1160 zugestellet

1287 1143 1436 1203 worden.
1489 1145 1566 1205 Se.
1587 1151 1685 1211 Maj.
1711 1154 1810 1214 haben
1846 1151 1996 1211 erkläret,
2027 1151 2115 1211 keine
2147 1148 2296 1208 Privile¬

1291 1197 1333 1257 gia
1360 1196 1386 1256 zu
1418 1196 1608 1256 bestätigen,
1636 1201 1731 1261 bevor
1758 1201 1848 1261 solche
1870 1201 1927 1261 von
1954 1201 2039 1261 einer
2066 1200 2156 1260 jeden
2183 1201 2293 1261 Stadt

1293 1243 1380 1303 durch
1406 1245 1452 1305 die
1473 1249 1683 1309 Commißion
1715 1252 1803 1312 nicht
1829 1252 1952 1312 werden
1983 1252 2189 1312 untersuchet
2215 1249 2297 1309 wor¬

1288 1294 1343 1354 den
1371 1296 1464 1356 seyn.

1563 1347 1736 1407 Wilda,
1759 1350 1814 1410 den
1849 1349 1888 1409 7.
1916 1350 2005 1410 Dec.

1341 1393 1412 1453 Aus
1441 1393 1556 1453 Minsk
1579 1397 1678 1457 wissen
1711 1399 1788 1459 wir,
1811 1399 1866 1459 daß
1905 1399 1954 1459 die
1977 1399 2186 1459 Einwohner
2220 1396 2297 1456 dasi¬

1290 1444 1343 1504 ger
1365 1443 1494 1503 Stadt,
1516 1444 1574 1504 das
1602 1446 1850 1506 Krönungsfest
1872 1446 1941 1506 Sr.
1958 1446 2098 1506 Königl.
2120 1444 2297 1504 Majestät,

1287 1491 1414 1551 unseres
1452 1494 1718 1554 allergnädigsten
1751 1497 1953 1557 Monarchen
1991 1495 2054 1555 mit
2081 1495 2150 1555 sehr
2177 1494 2277 1554 vielem

1300 1539 1426 1599 Pompe
1443 1542 1586 1602 gefeyret
1609 1542 1731 1602 haben.
1803 1547 1864 1607 Ein
1903 1548 1986 1608 jeder
2014 1545 2069 1605 hat
2092 1545 2141 1605 sich
2164 1545 2296 1605 äusserst

1294 1590 1462 1650 angelegen
1495 1593 1559 1653 seyn
1587 1593 1700 1653 lassen,
1728 1594 1809 1654 seine
1836 1596 2025 1656 aufrichtige
2053 1594 2215 1654 Wünsche
2243 1593 2291 1653 für

1294 1634 1345 1694 das
1371 1637 1464 1697 lange
1485 1640 1577 1700 Leben
1609 1641 1671 1701 und
1692 1640 1738 1700 die
1759 1643 1924 1703 glückliche
1951 1643 2136 1703 Regierung
2163 1637 2292 1697 unseres

1298 1682 1517 1742 Monarchen,
1542 1683 1579 1743 an
1604 1684 1656 1744 den
1691 1683 1762 1743 Tag
1786 1685 1814 1745 zu
1843 1685 1953 1745 legen.
2030 1685 2149 1745 Dieser
2179 1685 2288 1745 Tagen

1292 1725 1425 1785 breitete
1449 1727 1496 1787 sich
1525 1727 1592 1787 hier
1616 1727 1658 1787 ein
1688 1728 1849 1788 Gerüchte
1878 1730 1954 1790 aus,
1983 1733 2035 1793 daß
2074 1732 2116 1792 ein
2150 1730 2292 1790 gewisser

1296 1769 1487 1829 Lieutenant
1512 1775 1698 1835 Okerstadt,
1730 1778 1779 1838 der
1815 1779 1906 1839 unter
1947 1780 1996 1840 den
2038 1781 2184 1841 Husaren
2224 1779 2299 1839 Se.

1298 1822 1457 1882 Eminenz
1491 1826 1545 1886 des
1574 1828 1723 1888 Bischofs
1757 1828 1811 1888 von
1840 1831 1949 1891 Wilda
1978 1832 2099 1892 dienet,
2122 1831 2215 1891 gegen
2249 1830 2304 1890 sei¬

1293 1874 1351 1934 nen
1378 1879 1646 1939 Commandeur,
1668 1879 1720 1939 den
1757 1882 1878 1942 Major
1911 1885 1968 1945 von
2006 1882 2189 1942 Massalsky
2227 1882 2295 1942 eine

1299 1924 1436 1984 Revolte
1463 1930 1642 1990 gemachet,
1663 1930 1742 1990 weil
1759 1930 1811 1990 ihn
1843 1933 1938 1993 dieser
1965 1933 2085 1993 Major
2108 1933 2212 1993 wegen
2239 1930 2302 1990 ver¬

1294 1975 1449 2035 schiedner
1475 1978 1671 2038 ausgeübten
1697 1979 1833 2039 Excessen
1864 1981 1944 2041 einen
1975 1981 2125 2041 Verweis
2152 1981 2302 2041 gegeben,

1297 2025 1482 2085 erwähnter
1503 2028 1699 2088 Lieutenant
1715 2028 1901 2088 Ockerstadt
1912 2031 1916 2091 /
1927 2031 1982 2091 hat
2002 2031 2103 2091 seinen
2123 2030 2304 2090 Comman=

1292 2071 1364 2131 deur
1390 2076 1587 2136 jämmerlich
1613 2076 1789 2136 zerhauen,
1817 2079 1868 2139 ihm
1910 2079 1977 2139 eine
1993 2080 2081 2140 Casse
2102 2079 2153 2139 von
2180 2076 2288 2136 11000

1298 2122 1426 2182 Gulden
1455 2124 1741 2184 weggenommen,
1765 2124 1827 2184 und
1852 2129 1913 2189 mit
1933 2130 2051 2190 einigen
2080 2130 2118 2190 20
2147 2128 2290 2188 Husaren

1299 2170 1351 2230 das
1379 2175 1548 2235 Städtgen
1580 2175 1749 2235 Slabatitz
1765 2175 1791 2235 in
1824 2178 1876 2238 der
1898 2178 2163 2238 Woywodschaft
2185 2175 2305 2235 Breze¬

1292 2220 1374 2280 szie,
1390 2223 1670 2283 ausgeplündert,
1696 2226 1758 2286 und
1785 2229 1903 2289 endlich
1945 2229 1992 2289 die
2024 2229 2137 2289 Flucht
2169 2226 2303 2286 genom¬

1297 2269 1392 2329 men,
1413 2270 1439 2330 so
1467 2270 1524 2330 daß
1557 2273 1625 2333 man
1652 2273 1736 2333 nicht
1753 2276 1901 2336 erfahren
1933 2276 2033 2336 kann,
2066 2279 2139 2339 nach
2172 2273 2304 2333 welcher

1297 2321 1436 2381 Gegend
1459 2321 1488 2381 er
1512 2321 1557 2381 sich
1587 2324 1807 2384 hinbegeben.

1607 2443 2005 2503 AVERTISSEMENT.

1354 2488 1422 2548 Bey
1458 2490 1509 2550 dem
1557 2491 1712 2551 Verleger
1748 2494 1845 2554 dieser
1875 2497 2007 2557 Zeitung
2043 2497 2082 2557 ist
2106 2498 2141 2558 zu
2176 2503 2303 2563 haben:

1300 2539 1376 2599 Des
1410 2539 1531 2599 Herren
1570 2540 1791 2600 Hofprediger
1819 2545 1962 2605 Cochius
1996 2545 2051 2605 aus
2079 2548 2183 2608 Amos
2217 2551 2255 2611 7,
2267 2551 2305 2611 v.

1300 2590 1337 2650 4.
1359 2590 1396 2650 5.
1413 2590 1451 2650 6.
1479 2590 1646 2650 gehaltene
1668 2589 1728 2649 und
1755 2592 1809 2652 von
1836 2593 1960 2653 einigen
1994 2596 2150 2656 Gliedern
2184 2599 2232 2659 der
2265 2599 2307 2659 re=

1305 2635 1473 2695 formirten
1500 2637 1663 2697 Gemeine
1691 2638 1748 2698 zum
1791 2642 1901 2702 Druck
1933 2643 2112 2703 beförderte
2145 2646 2308 2706 Predigt,

1305 2689 1346 2749 8,
1371 2686 1479 2746 1764.
1510 2687 1576 2747 Zum
1612 2688 1727 2748 Besten
1770 2691 1818 2751 der
1843 2692 1981 2752 Armen,
2012 2694 2048 2754 15
2078 2697 2132 2757 gr.

1309 2766 1402 2826 Diese
1419 2763 1563 2823 Gelehrte
1580 2767 1634 2827 und
1657 2772 1817 2832 Politische
1840 2775 1962 2835 Zeitung
1990 2780 2055 2840 wird
2084 2782 2128 2842 des
2151 2781 2305 2841 Montag¬

1420 2811 1475 2871 und
1499 2808 1648 2868 Freytags
1667 2814 1863 2874 Vormittags
1887 2817 1919 2877 um
1957 2821 1985 2881 10
2013 2823 2068 2883 Uhr
2092 2824 2110 2884 in
2139 2826 2185 2886 dem

1493 2855 1689 2915 Kanterschen
1716 2858 1886 2918 Buchladen
1918 2867 2125 2927 ausgegeben.
