<?xml version="1.0" encoding="UTF-8" standalone="yes"?>
<PcGts xmlns="http://schema.primaresearch.org/PAGE/gts/pagecontent/2013-07-15" xmlns:xsi="http://www.w3.org/2001/XMLSchema-instance" xsi:schemaLocation="http://schema.primaresearch.org/PAGE/gts/pagecontent/2013-07-15 http://schema.primaresearch.org/PAGE/gts/pagecontent/2013-07-15/pagecontent.xsd">
    <Metadata>
        <Creator>prov=READ-COOP:name=PyLaia@TranskribusPlatform:version=2.12.1:model_id=39995:lm=none:date=11_04_2024_00:56</Creator>
        <Created>2024-04-11T00:21:11.504+02:00</Created>
        <LastChange>2024-04-11T00:56:53.854+02:00</LastChange>
        <TranskribusMetadata docId="1932864" pageId="68149088" pageNr="4" tsid="157914722" status="IN_PROGRESS" userId="222699" imgUrl="https://files.transkribus.eu/Get?id=MWCLUJDOLELTPTVFNVUBRWBW&amp;fileType=view" xmlUrl="https://files.transkribus.eu/Get?id=UOCSSKUJLKPFINWKKQPZQWYD" imageId="54423936"/>
    </Metadata>
    <Page imageFilename="68149088.jpg" imageWidth="2479" imageHeight="3508">
        <ReadingOrder>
            <OrderedGroup id="ro_1712789813855" caption="Regions reading order">
                <RegionRefIndexed index="0" regionRef="r_2974"/>
                <RegionRefIndexed index="1" regionRef="r_2986"/>
                <RegionRefIndexed index="2" regionRef="r_3010"/>
                <RegionRefIndexed index="3" regionRef="r_3022"/>
                <RegionRefIndexed index="4" regionRef="r_3023"/>
            </OrderedGroup>
        </ReadingOrder>
        <Relations/>
        <TextRegion id="r_2974" custom="readingOrder {index:0;}">
            <Coords points="245,281 1297,292 1328,2990 245,2990"/>
            <TextLine id="r_2974_tl_1" custom="readingOrder {index:0;}">
                <Coords points="256,356 1227,360 1267,357 1266,294 255,295"/>
                <Baseline points="262,337 307,337 352,337 397,340 441,343 486,343 531,343 576,343 620,343 665,340 710,343 755,346 800,343 844,343 889,343 934,343 979,343 1024,343 1068,343 1113,346 1158,346 1203,343 1247,343 1268,343"/>
                <Word id="r_2974_tl_1_w1" custom="readingOrder {index:0;}">
                    <Coords points="256,297 256,357 333,357 333,297"/>
                    <TextEquiv>
                        <Unicode>phia</Unicode>
                    </TextEquiv>
                </Word>
                <Word id="r_2974_tl_1_w2" custom="readingOrder {index:1;}">
                    <Coords points="355,299 355,359 410,359 410,299"/>
                    <TextEquiv>
                        <Unicode>und</Unicode>
                    </TextEquiv>
                </Word>
                <Word id="r_2974_tl_1_w3" custom="readingOrder {index:2;}">
                    <Coords points="439,303 439,363 471,363 471,303"/>
                    <TextEquiv>
                        <Unicode>an</Unicode>
                    </TextEquiv>
                </Word>
                <Word id="r_2974_tl_1_w4" custom="readingOrder {index:3;}">
                    <Coords points="500,303 500,363 643,363 643,303"/>
                    <TextEquiv>
                        <Unicode>mehrern</Unicode>
                    </TextEquiv>
                </Word>
                <Word id="r_2974_tl_1_w5" custom="readingOrder {index:4;}">
                    <Coords points="672,303 672,363 771,363 771,303"/>
                    <TextEquiv>
                        <Unicode>Orten</Unicode>
                    </TextEquiv>
                </Word>
                <Word id="r_2974_tl_1_w6" custom="readingOrder {index:5;}">
                    <Coords points="805,303 805,363 899,363 899,303"/>
                    <TextEquiv>
                        <Unicode>dieser</Unicode>
                    </TextEquiv>
                </Word>
                <Word id="r_2974_tl_1_w7" custom="readingOrder {index:6;}">
                    <Coords points="921,303 921,363 1071,363 1071,303"/>
                    <TextEquiv>
                        <Unicode>Provinz</Unicode>
                    </TextEquiv>
                </Word>
                <Word id="r_2974_tl_1_w8" custom="readingOrder {index:7;}">
                    <Coords points="1093,306 1093,366 1137,366 1137,306"/>
                    <TextEquiv>
                        <Unicode>ein</Unicode>
                    </TextEquiv>
                </Word>
                <Word id="r_2974_tl_1_w9" custom="readingOrder {index:8;}">
                    <Coords points="1166,303 1166,363 1265,363 1265,303"/>
                    <TextEquiv>
                        <Unicode>merk¬</Unicode>
                    </TextEquiv>
                </Word>
                <TextEquiv>
                    <Unicode>phia und an mehrern Orten dieser Provinz ein merk¬</Unicode>
                </TextEquiv>
            </TextLine>
            <TextLine id="r_2974_tl_2" custom="readingOrder {index:1;}">
                <Coords points="249,387 1273,411 1244,353 996,384 249,360"/>
                <Baseline points="256,385 301,388 346,391 391,391 435,391 480,394 525,394 570,394 615,394 659,394 704,394 749,394 794,394 838,394 883,394 928,394 973,394 1018,391 1062,391 1107,394 1152,394 1197,394 1241,394 1277,391"/>
                <Word id="r_2974_tl_2_w1" custom="readingOrder {index:0;}">
                    <Coords points="254,350 254,410 419,410 419,350"/>
                    <TextEquiv>
                        <Unicode>würdiges</Unicode>
                    </TextEquiv>
                </Word>
                <Word id="r_2974_tl_2_w2" custom="readingOrder {index:1;}">
                    <Coords points="446,354 446,414 632,414 632,354"/>
                    <TextEquiv>
                        <Unicode>Luftzeichen</Unicode>
                    </TextEquiv>
                </Word>
                <Word id="r_2974_tl_2_w3" custom="readingOrder {index:2;}">
                    <Coords points="664,354 664,414 978,414 978,354"/>
                    <TextEquiv>
                        <Unicode>wahrgenommen.</Unicode>
                    </TextEquiv>
                </Word>
                <Word id="r_2974_tl_2_w4" custom="readingOrder {index:3;}">
                    <Coords points="1027,351 1027,411 1100,411 1100,351"/>
                    <TextEquiv>
                        <Unicode>Des</Unicode>
                    </TextEquiv>
                </Word>
                <Word id="r_2974_tl_2_w5" custom="readingOrder {index:4;}">
                    <Coords points="1133,354 1133,414 1265,414 1265,354"/>
                    <TextEquiv>
                        <Unicode>Abends</Unicode>
                    </TextEquiv>
                </Word>
                <TextEquiv>
                    <Unicode>würdiges Luftzeichen wahrgenommen. Des Abends</Unicode>
                </TextEquiv>
            </TextLine>
            <TextLine id="r_2974_tl_3" custom="readingOrder {index:2;}">
                <Coords points="249,448 1273,452 1273,409 1086,398 249,412"/>
                <Baseline points="256,438 301,438 346,441 391,441 435,441 480,441 525,444 570,444 615,444 659,441 704,444 749,441 794,441 838,441 883,444 928,444 973,444 1018,444 1062,444 1107,444 1152,444 1197,444 1241,441 1277,441"/>
                <Word id="r_2974_tl_3_w1" custom="readingOrder {index:0;}">
                    <Coords points="255,398 255,458 292,458 292,398"/>
                    <TextEquiv>
                        <Unicode>40</Unicode>
                    </TextEquiv>
                </Word>
                <Word id="r_2974_tl_3_w2" custom="readingOrder {index:1;}">
                    <Coords points="325,401 325,461 482,461 482,401"/>
                    <TextEquiv>
                        <Unicode>Minuten</Unicode>
                    </TextEquiv>
                </Word>
                <Word id="r_2974_tl_3_w3" custom="readingOrder {index:2;}">
                    <Coords points="515,404 515,464 585,464 585,404"/>
                    <TextEquiv>
                        <Unicode>nach</Unicode>
                    </TextEquiv>
                </Word>
                <Word id="r_2974_tl_3_w4" custom="readingOrder {index:3;}">
                    <Coords points="619,403 619,463 634,463 634,403"/>
                    <TextEquiv>
                        <Unicode>7</Unicode>
                    </TextEquiv>
                </Word>
                <Word id="r_2974_tl_3_w5" custom="readingOrder {index:4;}">
                    <Coords points="662,403 662,463 727,463 727,403"/>
                    <TextEquiv>
                        <Unicode>Uhr</Unicode>
                    </TextEquiv>
                </Word>
                <Word id="r_2974_tl_3_w6" custom="readingOrder {index:5;}">
                    <Coords points="761,401 761,461 830,461 830,401"/>
                    <TextEquiv>
                        <Unicode>sahe</Unicode>
                    </TextEquiv>
                </Word>
                <Word id="r_2974_tl_3_w7" custom="readingOrder {index:6;}">
                    <Coords points="858,404 858,464 928,464 928,404"/>
                    <TextEquiv>
                        <Unicode>man</Unicode>
                    </TextEquiv>
                </Word>
                <Word id="r_2974_tl_3_w8" custom="readingOrder {index:7;}">
                    <Coords points="967,404 967,464 1129,464 1129,404"/>
                    <TextEquiv>
                        <Unicode>ungefähr</Unicode>
                    </TextEquiv>
                </Word>
                <Word id="r_2974_tl_3_w9" custom="readingOrder {index:8;}">
                    <Coords points="1157,404 1157,464 1167,464 1167,404"/>
                    <TextEquiv>
                        <Unicode>2</Unicode>
                    </TextEquiv>
                </Word>
                <Word id="r_2974_tl_3_w10" custom="readingOrder {index:9;}">
                    <Coords points="1200,401 1200,461 1265,461 1265,401"/>
                    <TextEquiv>
                        <Unicode>und</Unicode>
                    </TextEquiv>
                </Word>
                <TextEquiv>
                    <Unicode>40 Minuten nach 7 Uhr sahe man ungefähr 2 und</Unicode>
                </TextEquiv>
            </TextLine>
            <TextLine id="r_2974_tl_4" custom="readingOrder {index:3;}">
                <Coords points="255,499 1282,513 1275,448 255,455"/>
                <Baseline points="262,486 307,489 352,489 397,492 441,492 486,492 531,492 576,492 620,492 665,492 710,495 755,492 800,492 844,495 889,492 934,492 979,495 1024,492 1068,492 1113,492 1158,492 1203,492 1247,492 1286,489"/>
                <Word id="r_2974_tl_4_w1" custom="readingOrder {index:0;}">
                    <Coords points="260,448 260,508 328,508 328,448"/>
                    <TextEquiv>
                        <Unicode>eine</Unicode>
                    </TextEquiv>
                </Word>
                <Word id="r_2974_tl_4_w2" custom="readingOrder {index:1;}">
                    <Coords points="350,452 350,512 445,512 445,452"/>
                    <TextEquiv>
                        <Unicode>halbe</Unicode>
                    </TextEquiv>
                </Word>
                <Word id="r_2974_tl_4_w3" custom="readingOrder {index:2;}">
                    <Coords points="461,452 461,512 550,512 550,452"/>
                    <TextEquiv>
                        <Unicode>engl.</Unicode>
                    </TextEquiv>
                </Word>
                <Word id="r_2974_tl_4_w4" custom="readingOrder {index:3;}">
                    <Coords points="572,452 572,512 677,512 677,452"/>
                    <TextEquiv>
                        <Unicode>Meile</Unicode>
                    </TextEquiv>
                </Word>
                <Word id="r_2974_tl_4_w5" custom="readingOrder {index:4;}">
                    <Coords points="699,453 699,513 767,513 767,453"/>
                    <TextEquiv>
                        <Unicode>nach</Unicode>
                    </TextEquiv>
                </Word>
                <Word id="r_2974_tl_4_w6" custom="readingOrder {index:5;}">
                    <Coords points="794,452 794,512 989,512 989,452"/>
                    <TextEquiv>
                        <Unicode>Süͤdwesten</Unicode>
                    </TextEquiv>
                </Word>
                <Word id="r_2974_tl_4_w7" custom="readingOrder {index:6;}">
                    <Coords points="1021,452 1021,512 1074,512 1074,452"/>
                    <TextEquiv>
                        <Unicode>von</Unicode>
                    </TextEquiv>
                </Word>
                <Word id="r_2974_tl_4_w8" custom="readingOrder {index:7;}">
                    <Coords points="1106,452 1106,512 1269,512 1269,452"/>
                    <TextEquiv>
                        <Unicode>gedachter</Unicode>
                    </TextEquiv>
                </Word>
                <TextEquiv>
                    <Unicode>eine halbe engl. Meile nach Süͤdwesten von gedachter</Unicode>
                </TextEquiv>
            </TextLine>
            <TextLine id="r_2974_tl_5" custom="readingOrder {index:4;}">
                <Coords points="260,543 1280,548 1280,512 1183,503 260,505"/>
                <Baseline points="268,534 313,537 358,537 403,540 447,540 492,540 537,540 582,540 626,537 671,540 716,543 761,543 806,540 850,543 895,540 940,543 985,543 1030,543 1074,543 1119,543 1164,543 1209,543 1253,540 1283,537"/>
                <Word id="r_2974_tl_5_w1" custom="readingOrder {index:0;}">
                    <Coords points="260,497 260,557 366,557 366,497"/>
                    <TextEquiv>
                        <Unicode>Stadt</Unicode>
                    </TextEquiv>
                </Word>
                <Word id="r_2974_tl_5_w2" custom="readingOrder {index:1;}">
                    <Coords points="387,500 387,560 473,560 473,500"/>
                    <TextEquiv>
                        <Unicode>nicht</Unicode>
                    </TextEquiv>
                </Word>
                <Word id="r_2974_tl_5_w3" custom="readingOrder {index:2;}">
                    <Coords points="494,500 494,560 570,560 570,500"/>
                    <TextEquiv>
                        <Unicode>weit</Unicode>
                    </TextEquiv>
                </Word>
                <Word id="r_2974_tl_5_w4" custom="readingOrder {index:3;}">
                    <Coords points="596,497 596,557 651,557 651,497"/>
                    <TextEquiv>
                        <Unicode>von</Unicode>
                    </TextEquiv>
                </Word>
                <Word id="r_2974_tl_5_w5" custom="readingOrder {index:4;}">
                    <Coords points="682,502 682,562 866,562 866,502"/>
                    <TextEquiv>
                        <Unicode>Nordosten</Unicode>
                    </TextEquiv>
                </Word>
                <Word id="r_2974_tl_5_w6" custom="readingOrder {index:5;}">
                    <Coords points="902,502 902,562 972,562 972,502"/>
                    <TextEquiv>
                        <Unicode>eine</Unicode>
                    </TextEquiv>
                </Word>
                <Word id="r_2974_tl_5_w7" custom="readingOrder {index:6;}">
                    <Coords points="994,503 994,563 1197,563 1197,503"/>
                    <TextEquiv>
                        <Unicode>Feuerkugel</Unicode>
                    </TextEquiv>
                </Word>
                <Word id="r_2974_tl_5_w8" custom="readingOrder {index:7;}">
                    <Coords points="1223,500 1223,560 1283,560 1283,500"/>
                    <TextEquiv>
                        <Unicode>un¬</Unicode>
                    </TextEquiv>
                </Word>
                <TextEquiv>
                    <Unicode>Stadt nicht weit von Nordosten eine Feuerkugel un¬</Unicode>
                </TextEquiv>
            </TextLine>
            <TextLine id="r_2974_tl_6" custom="readingOrder {index:5;}">
                <Coords points="260,612 1280,607 1266,552 992,579 260,555"/>
                <Baseline points="268,594 298,588 343,588 388,588 432,585 477,585 522,588 567,591 612,588 656,591 701,588 746,591 791,591 835,591 880,591 925,591 970,594 1015,591 1059,594 1104,591 1149,591 1194,591 1238,591 1283,591"/>
                <Word id="r_2974_tl_6_w1" custom="readingOrder {index:0;}">
                    <Coords points="266,548 266,608 378,608 378,548"/>
                    <TextEquiv>
                        <Unicode>gefähr</Unicode>
                    </TextEquiv>
                </Word>
                <Word id="r_2974_tl_6_w2" custom="readingOrder {index:1;}">
                    <Coords points="406,545 406,605 443,605 443,545"/>
                    <TextEquiv>
                        <Unicode>50</Unicode>
                    </TextEquiv>
                </Word>
                <Word id="r_2974_tl_6_w3" custom="readingOrder {index:2;}">
                    <Coords points="472,547 472,607 568,607 568,547"/>
                    <TextEquiv>
                        <Unicode>Grad</Unicode>
                    </TextEquiv>
                </Word>
                <Word id="r_2974_tl_6_w4" custom="readingOrder {index:3;}">
                    <Coords points="596,549 596,609 671,609 671,549"/>
                    <TextEquiv>
                        <Unicode>über</Unicode>
                    </TextEquiv>
                </Word>
                <Word id="r_2974_tl_6_w5" custom="readingOrder {index:4;}">
                    <Coords points="694,549 694,609 741,609 741,549"/>
                    <TextEquiv>
                        <Unicode>dem</Unicode>
                    </TextEquiv>
                </Word>
                <Word id="r_2974_tl_6_w6" custom="readingOrder {index:5;}">
                    <Coords points="785,551 785,611 964,611 964,551"/>
                    <TextEquiv>
                        <Unicode>Horizont.</Unicode>
                    </TextEquiv>
                </Word>
                <Word id="r_2974_tl_6_w7" custom="readingOrder {index:6;}">
                    <Coords points="1013,553 1013,613 1088,613 1088,553"/>
                    <TextEquiv>
                        <Unicode>Sie</Unicode>
                    </TextEquiv>
                </Word>
                <Word id="r_2974_tl_6_w8" custom="readingOrder {index:7;}">
                    <Coords points="1111,551 1111,611 1191,611 1191,551"/>
                    <TextEquiv>
                        <Unicode>nahm</Unicode>
                    </TextEquiv>
                </Word>
                <Word id="r_2974_tl_6_w9" custom="readingOrder {index:8;}">
                    <Coords points="1235,551 1235,611 1283,611 1283,551"/>
                    <TextEquiv>
                        <Unicode>ih¬</Unicode>
                    </TextEquiv>
                </Word>
                <TextEquiv>
                    <Unicode>gefähr 50 Grad über dem Horizont. Sie nahm ih¬</Unicode>
                </TextEquiv>
            </TextLine>
            <TextLine id="r_2974_tl_7" custom="readingOrder {index:6;}">
                <Coords points="260,652 1284,659 1249,598 260,611"/>
                <Baseline points="268,635 313,635 358,635 403,635 447,638 492,638 537,635 582,638 626,638 671,641 716,638 761,638 806,638 850,641 895,638 940,641 985,638 1030,641 1074,641 1119,641 1164,641 1209,641 1253,641 1286,638"/>
                <Word id="r_2974_tl_7_w1" custom="readingOrder {index:0;}">
                    <Coords points="260,595 260,655 312,655 312,595"/>
                    <TextEquiv>
                        <Unicode>ren</Unicode>
                    </TextEquiv>
                </Word>
                <Word id="r_2974_tl_7_w2" custom="readingOrder {index:1;}">
                    <Coords points="345,595 345,655 424,655 424,595"/>
                    <TextEquiv>
                        <Unicode>Lauf</Unicode>
                    </TextEquiv>
                </Word>
                <Word id="r_2974_tl_7_w3" custom="readingOrder {index:2;}">
                    <Coords points="440,598 440,658 524,658 524,598"/>
                    <TextEquiv>
                        <Unicode>nahe</Unicode>
                    </TextEquiv>
                </Word>
                <Word id="r_2974_tl_7_w4" custom="readingOrder {index:3;}">
                    <Coords points="546,597 546,657 599,657 599,597"/>
                    <TextEquiv>
                        <Unicode>bey</Unicode>
                    </TextEquiv>
                </Word>
                <Word id="r_2974_tl_7_w5" custom="readingOrder {index:4;}">
                    <Coords points="626,598 626,658 842,658 842,598"/>
                    <TextEquiv>
                        <Unicode>Nordwesten</Unicode>
                    </TextEquiv>
                </Word>
                <Word id="r_2974_tl_7_w6" custom="readingOrder {index:5;}">
                    <Coords points="869,599 869,659 954,659 954,599"/>
                    <TextEquiv>
                        <Unicode>hin,</Unicode>
                    </TextEquiv>
                </Word>
                <Word id="r_2974_tl_7_w7" custom="readingOrder {index:6;}">
                    <Coords points="986,599 986,659 1043,659 1043,599"/>
                    <TextEquiv>
                        <Unicode>und</Unicode>
                    </TextEquiv>
                </Word>
                <Word id="r_2974_tl_7_w8" custom="readingOrder {index:7;}">
                    <Coords points="1076,601 1076,661 1123,661 1123,601"/>
                    <TextEquiv>
                        <Unicode>der</Unicode>
                    </TextEquiv>
                </Word>
                <Word id="r_2974_tl_7_w9" custom="readingOrder {index:8;}">
                    <Coords points="1150,601 1150,661 1282,661 1282,601"/>
                    <TextEquiv>
                        <Unicode>Durch¬</Unicode>
                    </TextEquiv>
                </Word>
                <TextEquiv>
                    <Unicode>ren Lauf nahe bey Nordwesten hin, und der Durch¬</Unicode>
                </TextEquiv>
            </TextLine>
            <TextLine id="r_2974_tl_8" custom="readingOrder {index:7;}">
                <Coords points="267,701 1280,696 1280,656 1235,644 267,648"/>
                <Baseline points="274,683 319,686 364,686 409,689 453,686 498,689 543,689 588,689 632,686 677,689 722,686 767,686 812,686 856,686 901,689 946,689 991,689 1035,689 1080,689 1125,689 1170,689 1215,689 1259,689 1283,689"/>
                <Word id="r_2974_tl_8_w1" custom="readingOrder {index:0;}">
                    <Coords points="267,646 267,706 372,706 372,646"/>
                    <TextEquiv>
                        <Unicode>schnitt</Unicode>
                    </TextEquiv>
                </Word>
                <Word id="r_2974_tl_8_w2" custom="readingOrder {index:1;}">
                    <Coords points="398,646 398,706 484,706 484,646"/>
                    <TextEquiv>
                        <Unicode>ihrer</Unicode>
                    </TextEquiv>
                </Word>
                <Word id="r_2974_tl_8_w3" custom="readingOrder {index:2;}">
                    <Coords points="509,647 509,707 706,707 706,647"/>
                    <TextEquiv>
                        <Unicode>scheinbaren</Unicode>
                    </TextEquiv>
                </Word>
                <Word id="r_2974_tl_8_w4" custom="readingOrder {index:3;}">
                    <Coords points="737,646 737,706 853,706 853,646"/>
                    <TextEquiv>
                        <Unicode>Größe</Unicode>
                    </TextEquiv>
                </Word>
                <Word id="r_2974_tl_8_w5" custom="readingOrder {index:4;}">
                    <Coords points="874,649 874,709 939,709 939,649"/>
                    <TextEquiv>
                        <Unicode>war</Unicode>
                    </TextEquiv>
                </Word>
                <Word id="r_2974_tl_8_w6" custom="readingOrder {index:5;}">
                    <Coords points="965,649 965,709 1132,709 1132,649"/>
                    <TextEquiv>
                        <Unicode>bisweilen</Unicode>
                    </TextEquiv>
                </Word>
                <Word id="r_2974_tl_8_w7" custom="readingOrder {index:6;}">
                    <Coords points="1163,649 1163,709 1192,709 1192,649"/>
                    <TextEquiv>
                        <Unicode>um</Unicode>
                    </TextEquiv>
                </Word>
                <Word id="r_2974_tl_8_w8" custom="readingOrder {index:7;}">
                    <Coords points="1233,649 1233,709 1268,709 1268,649"/>
                    <TextEquiv>
                        <Unicode>ein</Unicode>
                    </TextEquiv>
                </Word>
                <TextEquiv>
                    <Unicode>schnitt ihrer scheinbaren Größe war bisweilen um ein</Unicode>
                </TextEquiv>
            </TextLine>
            <TextLine id="r_2974_tl_9" custom="readingOrder {index:8;}">
                <Coords points="264,741 1282,749 1282,696 728,696 666,727 581,695 264,701"/>
                <Baseline points="271,734 316,734 361,737 406,737 450,737 495,737 540,737 585,737 629,740 674,740 719,737 764,737 809,737 853,737 898,740 943,737 988,740 1032,740 1077,740 1122,740 1167,740 1212,737 1256,737 1286,740"/>
                <Word id="r_2974_tl_9_w1" custom="readingOrder {index:0;}">
                    <Coords points="264,697 264,757 485,757 485,697"/>
                    <TextEquiv>
                        <Unicode>ansehnliches</Unicode>
                    </TextEquiv>
                </Word>
                <Word id="r_2974_tl_9_w2" custom="readingOrder {index:1;}">
                    <Coords points="517,697 517,757 653,757 653,697"/>
                    <TextEquiv>
                        <Unicode>größer,</Unicode>
                    </TextEquiv>
                </Word>
                <Word id="r_2974_tl_9_w3" custom="readingOrder {index:2;}">
                    <Coords points="680,698 680,758 727,758 727,698"/>
                    <TextEquiv>
                        <Unicode>als</Unicode>
                    </TextEquiv>
                </Word>
                <Word id="r_2974_tl_9_w4" custom="readingOrder {index:3;}">
                    <Coords points="754,697 754,757 801,757 801,697"/>
                    <TextEquiv>
                        <Unicode>der</Unicode>
                    </TextEquiv>
                </Word>
                <Word id="r_2974_tl_9_w5" custom="readingOrder {index:4;}">
                    <Coords points="828,697 828,757 1059,757 1059,697"/>
                    <TextEquiv>
                        <Unicode>Durchschnitt</Unicode>
                    </TextEquiv>
                </Word>
                <Word id="r_2974_tl_9_w6" custom="readingOrder {index:5;}">
                    <Coords points="1081,700 1081,760 1133,760 1133,700"/>
                    <TextEquiv>
                        <Unicode>der</Unicode>
                    </TextEquiv>
                </Word>
                <Word id="r_2974_tl_9_w7" custom="readingOrder {index:6;}">
                    <Coords points="1160,697 1160,757 1275,757 1275,697"/>
                    <TextEquiv>
                        <Unicode>Größe</Unicode>
                    </TextEquiv>
                </Word>
                <TextEquiv>
                    <Unicode>ansehnliches größer, als der Durchschnitt der Größe</Unicode>
                </TextEquiv>
            </TextLine>
            <TextLine id="r_2974_tl_10" custom="readingOrder {index:9;}">
                <Coords points="267,790 1280,796 1280,747 1010,773 267,744"/>
                <Baseline points="274,785 319,785 364,782 409,785 453,785 498,785 543,788 588,788 632,785 677,788 722,788 767,788 812,788 856,785 901,788 946,788 991,788 1035,788 1080,788 1125,791 1170,788 1215,788 1259,788 1283,788"/>
                <Word id="r_2974_tl_10_w1" custom="readingOrder {index:0;}">
                    <Coords points="267,745 267,805 316,805 316,745"/>
                    <TextEquiv>
                        <Unicode>der</Unicode>
                    </TextEquiv>
                </Word>
                <Word id="r_2974_tl_10_w2" custom="readingOrder {index:1;}">
                    <Coords points="343,745 343,805 489,805 489,745"/>
                    <TextEquiv>
                        <Unicode>Sonne,</Unicode>
                    </TextEquiv>
                </Word>
                <Word id="r_2974_tl_10_w3" custom="readingOrder {index:2;}">
                    <Coords points="517,745 517,805 750,805 750,745"/>
                    <TextEquiv>
                        <Unicode>hauptsächlich</Unicode>
                    </TextEquiv>
                </Word>
                <Word id="r_2974_tl_10_w4" custom="readingOrder {index:3;}">
                    <Coords points="773,748 773,808 805,808 805,748"/>
                    <TextEquiv>
                        <Unicode>zu</Unicode>
                    </TextEquiv>
                </Word>
                <Word id="r_2974_tl_10_w5" custom="readingOrder {index:4;}">
                    <Coords points="832,745 832,805 881,805 881,745"/>
                    <TextEquiv>
                        <Unicode>der</Unicode>
                    </TextEquiv>
                </Word>
                <Word id="r_2974_tl_10_w6" custom="readingOrder {index:5;}">
                    <Coords points="903,748 903,808 1001,808 1001,748"/>
                    <TextEquiv>
                        <Unicode>Zeit,</Unicode>
                    </TextEquiv>
                </Word>
                <Word id="r_2974_tl_10_w7" custom="readingOrder {index:6;}">
                    <Coords points="1023,748 1023,808 1055,808 1055,748"/>
                    <TextEquiv>
                        <Unicode>da</Unicode>
                    </TextEquiv>
                </Word>
                <Word id="r_2974_tl_10_w8" custom="readingOrder {index:7;}">
                    <Coords points="1088,749 1088,809 1125,809 1125,749"/>
                    <TextEquiv>
                        <Unicode>sie</Unicode>
                    </TextEquiv>
                </Word>
                <Word id="r_2974_tl_10_w9" custom="readingOrder {index:8;}">
                    <Coords points="1148,748 1148,808 1190,808 1190,748"/>
                    <TextEquiv>
                        <Unicode>sich</Unicode>
                    </TextEquiv>
                </Word>
                <Word id="r_2974_tl_10_w10" custom="readingOrder {index:9;}">
                    <Coords points="1224,748 1224,808 1277,808 1277,748"/>
                    <TextEquiv>
                        <Unicode>auf</Unicode>
                    </TextEquiv>
                </Word>
                <TextEquiv>
                    <Unicode>der Sonne, hauptsächlich zu der Zeit, da sie sich auf</Unicode>
                </TextEquiv>
            </TextLine>
            <TextLine id="r_2974_tl_11" custom="readingOrder {index:10;}">
                <Coords points="260,845 1291,840 1222,791 260,807"/>
                <Baseline points="268,832 313,835 358,832 403,835 447,835 492,835 537,835 582,835 626,835 671,835 716,835 761,835 806,835 850,835 895,835 940,838 985,835 1030,835 1074,838 1119,838 1164,838 1209,838 1253,835 1295,832"/>
                <Word id="r_2974_tl_11_w1" custom="readingOrder {index:0;}">
                    <Coords points="265,793 265,853 394,853 394,793"/>
                    <TextEquiv>
                        <Unicode>einmal</Unicode>
                    </TextEquiv>
                </Word>
                <Word id="r_2974_tl_11_w2" custom="readingOrder {index:1;}">
                    <Coords points="411,795 411,855 534,855 534,795"/>
                    <TextEquiv>
                        <Unicode>öͤfnete,</Unicode>
                    </TextEquiv>
                </Word>
                <Word id="r_2974_tl_11_w3" custom="readingOrder {index:2;}">
                    <Coords points="562,795 562,855 623,855 623,795"/>
                    <TextEquiv>
                        <Unicode>und</Unicode>
                    </TextEquiv>
                </Word>
                <Word id="r_2974_tl_11_w4" custom="readingOrder {index:3;}">
                    <Coords points="650,795 650,855 717,855 717,795"/>
                    <TextEquiv>
                        <Unicode>man</Unicode>
                    </TextEquiv>
                </Word>
                <Word id="r_2974_tl_11_w5" custom="readingOrder {index:4;}">
                    <Coords points="749,795 749,855 972,855 972,795"/>
                    <TextEquiv>
                        <Unicode>vermuthete,</Unicode>
                    </TextEquiv>
                </Word>
                <Word id="r_2974_tl_11_w6" custom="readingOrder {index:5;}">
                    <Coords points="993,795 993,855 1050,855 1050,795"/>
                    <TextEquiv>
                        <Unicode>daß</Unicode>
                    </TextEquiv>
                </Word>
                <Word id="r_2974_tl_11_w7" custom="readingOrder {index:6;}">
                    <Coords points="1076,798 1076,858 1112,858 1112,798"/>
                    <TextEquiv>
                        <Unicode>sie</Unicode>
                    </TextEquiv>
                </Word>
                <Word id="r_2974_tl_11_w8" custom="readingOrder {index:7;}">
                    <Coords points="1133,798 1133,858 1180,858 1180,798"/>
                    <TextEquiv>
                        <Unicode>sich</Unicode>
                    </TextEquiv>
                </Word>
                <Word id="r_2974_tl_11_w9" custom="readingOrder {index:8;}">
                    <Coords points="1207,795 1207,855 1289,855 1289,795"/>
                    <TextEquiv>
                        <Unicode>thei¬</Unicode>
                    </TextEquiv>
                </Word>
                <TextEquiv>
                    <Unicode>einmal öͤfnete, und man vermuthete, daß sie sich thei¬</Unicode>
                </TextEquiv>
            </TextLine>
            <TextLine id="r_2974_tl_12" custom="readingOrder {index:11;}">
                <Coords points="260,887 1290,902 1254,849 260,852"/>
                <Baseline points="268,880 313,883 358,883 403,883 447,883 492,883 537,883 582,883 626,883 671,883 716,883 761,886 806,886 850,886 895,886 940,886 985,886 1030,886 1074,886 1119,889 1164,889 1209,886 1253,883 1292,883"/>
                <Word id="r_2974_tl_12_w1" custom="readingOrder {index:0;}">
                    <Coords points="265,841 265,901 312,901 312,841"/>
                    <TextEquiv>
                        <Unicode>len</Unicode>
                    </TextEquiv>
                </Word>
                <Word id="r_2974_tl_12_w2" custom="readingOrder {index:1;}">
                    <Coords points="340,843 340,903 471,903 471,843"/>
                    <TextEquiv>
                        <Unicode>würde.</Unicode>
                    </TextEquiv>
                </Word>
                <Word id="r_2974_tl_12_w3" custom="readingOrder {index:2;}">
                    <Coords points="520,843 520,903 593,903 593,843"/>
                    <TextEquiv>
                        <Unicode>Sie</Unicode>
                    </TextEquiv>
                </Word>
                <Word id="r_2974_tl_12_w4" custom="readingOrder {index:3;}">
                    <Coords points="620,843 620,903 710,903 710,843"/>
                    <TextEquiv>
                        <Unicode>hatte</Unicode>
                    </TextEquiv>
                </Word>
                <Word id="r_2974_tl_12_w5" custom="readingOrder {index:4;}">
                    <Coords points="742,846 742,906 811,906 811,846"/>
                    <TextEquiv>
                        <Unicode>eine</Unicode>
                    </TextEquiv>
                </Word>
                <Word id="r_2974_tl_12_w6" custom="readingOrder {index:5;}">
                    <Coords points="832,846 832,906 1054,906 1054,846"/>
                    <TextEquiv>
                        <Unicode>Aehnlichkeit</Unicode>
                    </TextEquiv>
                </Word>
                <Word id="r_2974_tl_12_w7" custom="readingOrder {index:6;}">
                    <Coords points="1082,848 1082,908 1139,908 1139,848"/>
                    <TextEquiv>
                        <Unicode>mit</Unicode>
                    </TextEquiv>
                </Word>
                <Word id="r_2974_tl_12_w8" custom="readingOrder {index:7;}">
                    <Coords points="1161,845 1161,905 1272,905 1272,845"/>
                    <TextEquiv>
                        <Unicode>großen</Unicode>
                    </TextEquiv>
                </Word>
                <TextEquiv>
                    <Unicode>len würde. Sie hatte eine Aehnlichkeit mit großen</Unicode>
                </TextEquiv>
            </TextLine>
            <TextLine id="r_2974_tl_13" custom="readingOrder {index:12;}">
                <Coords points="264,936 1291,938 1260,900 264,884"/>
                <Baseline points="271,931 316,931 361,931 406,934 450,934 495,934 540,934 585,934 629,934 674,934 719,934 764,934 809,934 853,937 898,934 943,937 988,934 1032,931 1077,934 1122,937 1167,937 1212,937 1256,934 1295,931"/>
                <Word id="r_2974_tl_13_w1" custom="readingOrder {index:0;}">
                    <Coords points="269,894 269,954 553,954 553,894"/>
                    <TextEquiv>
                        <Unicode>Feuerklumpen,</Unicode>
                    </TextEquiv>
                </Word>
                <Word id="r_2974_tl_13_w2" custom="readingOrder {index:1;}">
                    <Coords points="580,894 580,954 631,954 631,894"/>
                    <TextEquiv>
                        <Unicode>die</Unicode>
                    </TextEquiv>
                </Word>
                <Word id="r_2974_tl_13_w3" custom="readingOrder {index:2;}">
                    <Coords points="652,894 652,954 698,954 698,894"/>
                    <TextEquiv>
                        <Unicode>sich</Unicode>
                    </TextEquiv>
                </Word>
                <Word id="r_2974_tl_13_w4" custom="readingOrder {index:3;}">
                    <Coords points="730,894 730,954 787,954 787,894"/>
                    <TextEquiv>
                        <Unicode>wie</Unicode>
                    </TextEquiv>
                </Word>
                <Word id="r_2974_tl_13_w5" custom="readingOrder {index:4;}">
                    <Coords points="813,895 813,955 859,955 859,895"/>
                    <TextEquiv>
                        <Unicode>die</Unicode>
                    </TextEquiv>
                </Word>
                <Word id="r_2974_tl_13_w6" custom="readingOrder {index:5;}">
                    <Coords points="880,896 880,956 1019,956 1019,896"/>
                    <TextEquiv>
                        <Unicode>Blätter</Unicode>
                    </TextEquiv>
                </Word>
                <Word id="r_2974_tl_13_w7" custom="readingOrder {index:6;}">
                    <Coords points="1052,895 1052,955 1139,955 1139,895"/>
                    <TextEquiv>
                        <Unicode>einer</Unicode>
                    </TextEquiv>
                </Word>
                <Word id="r_2974_tl_13_w8" custom="readingOrder {index:7;}">
                    <Coords points="1160,896 1160,956 1279,956 1279,896"/>
                    <TextEquiv>
                        <Unicode>jungen</Unicode>
                    </TextEquiv>
                </Word>
                <TextEquiv>
                    <Unicode>Feuerklumpen, die sich wie die Blätter einer jungen</Unicode>
                </TextEquiv>
            </TextLine>
            <TextLine id="r_2974_tl_14" custom="readingOrder {index:13;}">
                <Coords points="260,991 1290,991 1275,945 260,952"/>
                <Baseline points="268,979 313,979 358,982 403,985 447,982 492,982 537,982 582,985 626,985 671,982 716,985 761,982 806,985 850,985 895,988 904,984 904,984 934,985 979,982 1024,982 1068,985 1113,985 1158,985 1203,985 1247,982 1292,979"/>
                <Word id="r_2974_tl_14_w1" custom="readingOrder {index:0;}">
                    <Coords points="265,939 265,999 355,999 355,939"/>
                    <TextEquiv>
                        <Unicode>Rose</Unicode>
                    </TextEquiv>
                </Word>
                <Word id="r_2974_tl_14_w2" custom="readingOrder {index:1;}">
                    <Coords points="377,943 377,1003 472,1003 472,943"/>
                    <TextEquiv>
                        <Unicode>gegen</Unicode>
                    </TextEquiv>
                </Word>
                <Word id="r_2974_tl_14_w3" custom="readingOrder {index:2;}">
                    <Coords points="499,944 499,1004 654,1004 654,944"/>
                    <TextEquiv>
                        <Unicode>einander</Unicode>
                    </TextEquiv>
                </Word>
                <Word id="r_2974_tl_14_w4" custom="readingOrder {index:3;}">
                    <Coords points="681,942 681,1002 830,1002 830,942"/>
                    <TextEquiv>
                        <Unicode>neigten.</Unicode>
                    </TextEquiv>
                </Word>
                <Word id="r_2974_tl_14_w5" custom="readingOrder {index:4;}">
                    <Coords points="889,944 889,1004 963,1004 963,944"/>
                    <TextEquiv>
                        <Unicode>Ihr</Unicode>
                    </TextEquiv>
                </Word>
                <Word id="r_2974_tl_14_w6" custom="readingOrder {index:5;}">
                    <Coords points="985,945 985,1005 1197,1005 1197,945"/>
                    <TextEquiv>
                        <Unicode>Geräusche,</Unicode>
                    </TextEquiv>
                </Word>
                <Word id="r_2974_tl_14_w7" custom="readingOrder {index:6;}">
                    <Coords points="1219,941 1219,1001 1282,1001 1282,941"/>
                    <TextEquiv>
                        <Unicode>das</Unicode>
                    </TextEquiv>
                </Word>
                <TextEquiv>
                    <Unicode>Rose gegen einander neigten. Ihr Geräusche, das</Unicode>
                </TextEquiv>
            </TextLine>
            <TextLine id="r_2974_tl_15" custom="readingOrder {index:14;}">
                <Coords points="267,1049 1291,1045 1267,995 267,991"/>
                <Baseline points="274,1032 310,1032 355,1032 400,1032 444,1032 489,1030 534,1030 579,1032 623,1032 668,1032 713,1032 758,1030 803,1032 847,1030 892,1032 937,1032 982,1030 1027,1030 1071,1030 1116,1032 1161,1035 1206,1035 1250,1032 1295,1027"/>
                <Word id="r_2974_tl_15_w1" custom="readingOrder {index:0;}">
                    <Coords points="272,992 272,1052 307,1052 307,992"/>
                    <TextEquiv>
                        <Unicode>sie</Unicode>
                    </TextEquiv>
                </Word>
                <Word id="r_2974_tl_15_w2" custom="readingOrder {index:1;}">
                    <Coords points="334,992 334,1052 359,1052 359,992"/>
                    <TextEquiv>
                        <Unicode>im</Unicode>
                    </TextEquiv>
                </Word>
                <Word id="r_2974_tl_15_w3" custom="readingOrder {index:2;}">
                    <Coords points="401,990 401,1050 602,1050 602,990"/>
                    <TextEquiv>
                        <Unicode>Fortgehen,</Unicode>
                    </TextEquiv>
                </Word>
                <Word id="r_2974_tl_15_w4" custom="readingOrder {index:3;}">
                    <Coords points="618,992 618,1052 751,1052 751,992"/>
                    <TextEquiv>
                        <Unicode>welches</Unicode>
                    </TextEquiv>
                </Word>
                <Word id="r_2974_tl_15_w5" custom="readingOrder {index:4;}">
                    <Coords points="779,991 779,1051 845,1051 845,991"/>
                    <TextEquiv>
                        <Unicode>sehr</Unicode>
                    </TextEquiv>
                </Word>
                <Word id="r_2974_tl_15_w6" custom="readingOrder {index:5;}">
                    <Coords points="866,990 866,1050 1062,1050 1062,990"/>
                    <TextEquiv>
                        <Unicode>geschwinde</Unicode>
                    </TextEquiv>
                </Word>
                <Word id="r_2974_tl_15_w7" custom="readingOrder {index:6;}">
                    <Coords points="1088,992 1088,1052 1170,1052 1170,992"/>
                    <TextEquiv>
                        <Unicode>war,</Unicode>
                    </TextEquiv>
                </Word>
                <Word id="r_2974_tl_15_w8" custom="readingOrder {index:7;}">
                    <Coords points="1186,992 1186,1052 1289,1052 1289,992"/>
                    <TextEquiv>
                        <Unicode>mach¬</Unicode>
                    </TextEquiv>
                </Word>
                <TextEquiv>
                    <Unicode>sie im Fortgehen, welches sehr geschwinde war, mach¬</Unicode>
                </TextEquiv>
            </TextLine>
            <TextLine id="r_2974_tl_16" custom="readingOrder {index:15;}">
                <Coords points="269,1089 1293,1093 1293,1043 1231,1039 269,1048"/>
                <Baseline points="277,1080 310,1080 355,1077 400,1080 444,1080 489,1080 534,1080 579,1077 623,1080 668,1074 713,1077 758,1077 803,1077 847,1080 892,1077 937,1077 982,1080 1027,1077 1071,1077 1116,1080 1161,1083 1206,1083 1250,1080 1295,1077"/>
                <Word id="r_2974_tl_16_w1" custom="readingOrder {index:0;}">
                    <Coords points="269,1040 269,1100 323,1100 323,1040"/>
                    <TextEquiv>
                        <Unicode>te,</Unicode>
                    </TextEquiv>
                </Word>
                <Word id="r_2974_tl_16_w2" custom="readingOrder {index:1;}">
                    <Coords points="354,1040 354,1100 449,1100 449,1040"/>
                    <TextEquiv>
                        <Unicode>war,</Unicode>
                    </TextEquiv>
                </Word>
                <Word id="r_2974_tl_16_w3" custom="readingOrder {index:2;}">
                    <Coords points="480,1040 480,1100 540,1100 540,1040"/>
                    <TextEquiv>
                        <Unicode>wie</Unicode>
                    </TextEquiv>
                </Word>
                <Word id="r_2974_tl_16_w4" custom="readingOrder {index:3;}">
                    <Coords points="576,1038 576,1098 636,1098 636,1038"/>
                    <TextEquiv>
                        <Unicode>das</Unicode>
                    </TextEquiv>
                </Word>
                <Word id="r_2974_tl_16_w5" custom="readingOrder {index:4;}">
                    <Coords points="677,1037 677,1097 868,1097 868,1037"/>
                    <TextEquiv>
                        <Unicode>Geräusch,</Unicode>
                    </TextEquiv>
                </Word>
                <Word id="r_2974_tl_16_w6" custom="readingOrder {index:5;}">
                    <Coords points="904,1039 904,1099 1039,1099 1039,1039"/>
                    <TextEquiv>
                        <Unicode>welches</Unicode>
                    </TextEquiv>
                </Word>
                <Word id="r_2974_tl_16_w7" custom="readingOrder {index:6;}">
                    <Coords points="1080,1039 1080,1099 1125,1099 1125,1039"/>
                    <TextEquiv>
                        <Unicode>ein</Unicode>
                    </TextEquiv>
                </Word>
                <Word id="r_2974_tl_16_w8" custom="readingOrder {index:7;}">
                    <Coords points="1166,1041 1166,1101 1281,1101 1281,1041"/>
                    <TextEquiv>
                        <Unicode>großes</Unicode>
                    </TextEquiv>
                </Word>
                <TextEquiv>
                    <Unicode>te, war, wie das Geräusch, welches ein großes</Unicode>
                </TextEquiv>
            </TextLine>
            <TextLine id="r_2974_tl_17" custom="readingOrder {index:16;}">
                <Coords points="273,1135 1290,1142 1266,1085 273,1089"/>
                <Baseline points="280,1125 325,1125 370,1128 414,1125 459,1125 504,1125 549,1125 594,1125 638,1125 683,1125 728,1125 773,1125 818,1125 862,1125 907,1125 952,1125 997,1125 1041,1125 1086,1128 1131,1128 1176,1131 1221,1131 1265,1128 1292,1125"/>
                <Word id="r_2974_tl_17_w1" custom="readingOrder {index:0;}">
                    <Coords points="273,1085 273,1145 393,1145 393,1085"/>
                    <TextEquiv>
                        <Unicode>Feuer,</Unicode>
                    </TextEquiv>
                </Word>
                <Word id="r_2974_tl_17_w2" custom="readingOrder {index:1;}">
                    <Coords points="413,1085 413,1145 468,1145 468,1085"/>
                    <TextEquiv>
                        <Unicode>das</Unicode>
                    </TextEquiv>
                </Word>
                <Word id="r_2974_tl_17_w3" custom="readingOrder {index:2;}">
                    <Coords points="499,1085 499,1145 553,1145 553,1085"/>
                    <TextEquiv>
                        <Unicode>vom</Unicode>
                    </TextEquiv>
                </Word>
                <Word id="r_2974_tl_17_w4" custom="readingOrder {index:3;}">
                    <Coords points="594,1085 594,1145 709,1145 709,1085"/>
                    <TextEquiv>
                        <Unicode>starken</Unicode>
                    </TextEquiv>
                </Word>
                <Word id="r_2974_tl_17_w5" custom="readingOrder {index:4;}">
                    <Coords points="735,1085 735,1145 851,1145 851,1085"/>
                    <TextEquiv>
                        <Unicode>Winde</Unicode>
                    </TextEquiv>
                </Word>
                <Word id="r_2974_tl_17_w6" custom="readingOrder {index:5;}">
                    <Coords points="872,1085 872,1145 997,1145 997,1085"/>
                    <TextEquiv>
                        <Unicode>bewegt</Unicode>
                    </TextEquiv>
                </Word>
                <Word id="r_2974_tl_17_w7" custom="readingOrder {index:6;}">
                    <Coords points="1017,1086 1017,1146 1117,1146 1117,1086"/>
                    <TextEquiv>
                        <Unicode>wird,</Unicode>
                    </TextEquiv>
                </Word>
                <Word id="r_2974_tl_17_w8" custom="readingOrder {index:7;}">
                    <Coords points="1143,1091 1143,1151 1288,1151 1288,1091"/>
                    <TextEquiv>
                        <Unicode>verursa¬</Unicode>
                    </TextEquiv>
                </Word>
                <TextEquiv>
                    <Unicode>Feuer, das vom starken Winde bewegt wird, verursa¬</Unicode>
                </TextEquiv>
            </TextLine>
            <TextLine id="r_2974_tl_18" custom="readingOrder {index:17;}">
                <Coords points="267,1195 1290,1193 1290,1146 1238,1137 497,1126 267,1159"/>
                <Baseline points="274,1176 319,1176 364,1176 409,1176 453,1176 498,1176 543,1176 588,1176 632,1176 677,1176 722,1176 767,1173 812,1173 856,1176 901,1176 946,1176 991,1176 1035,1176 1080,1176 1125,1176 1170,1176 1215,1179 1259,1176 1292,1176"/>
                <Word id="r_2974_tl_18_w1" custom="readingOrder {index:0;}">
                    <Coords points="272,1136 272,1196 351,1196 351,1136"/>
                    <TextEquiv>
                        <Unicode>chet.</Unicode>
                    </TextEquiv>
                </Word>
                <Word id="r_2974_tl_18_w2" custom="readingOrder {index:1;}">
                    <Coords points="378,1136 378,1196 446,1196 446,1136"/>
                    <TextEquiv>
                        <Unicode>Sie</Unicode>
                    </TextEquiv>
                </Word>
                <Word id="r_2974_tl_18_w3" custom="readingOrder {index:2;}">
                    <Coords points="462,1136 462,1196 542,1196 542,1136"/>
                    <TextEquiv>
                        <Unicode>blieb</Unicode>
                    </TextEquiv>
                </Word>
                <Word id="r_2974_tl_18_w4" custom="readingOrder {index:3;}">
                    <Coords points="563,1136 563,1196 610,1196 610,1136"/>
                    <TextEquiv>
                        <Unicode>den</Unicode>
                    </TextEquiv>
                </Word>
                <Word id="r_2974_tl_18_w5" custom="readingOrder {index:4;}">
                    <Coords points="637,1136 637,1196 748,1196 748,1136"/>
                    <TextEquiv>
                        <Unicode>ganzen</Unicode>
                    </TextEquiv>
                </Word>
                <Word id="r_2974_tl_18_w6" custom="readingOrder {index:5;}">
                    <Coords points="775,1133 775,1193 849,1193 849,1133"/>
                    <TextEquiv>
                        <Unicode>Weg</Unicode>
                    </TextEquiv>
                </Word>
                <Word id="r_2974_tl_18_w7" custom="readingOrder {index:6;}">
                    <Coords points="870,1136 870,1196 928,1196 928,1136"/>
                    <TextEquiv>
                        <Unicode>fast</Unicode>
                    </TextEquiv>
                </Word>
                <Word id="r_2974_tl_18_w8" custom="readingOrder {index:7;}">
                    <Coords points="944,1136 944,1196 970,1196 970,1136"/>
                    <TextEquiv>
                        <Unicode>in</Unicode>
                    </TextEquiv>
                </Word>
                <Word id="r_2974_tl_18_w9" custom="readingOrder {index:8;}">
                    <Coords points="997,1136 997,1196 1134,1196 1134,1136"/>
                    <TextEquiv>
                        <Unicode>einerley</Unicode>
                    </TextEquiv>
                </Word>
                <Word id="r_2974_tl_18_w10" custom="readingOrder {index:9;}">
                    <Coords points="1162,1138 1162,1198 1293,1198 1293,1138"/>
                    <TextEquiv>
                        <Unicode>Größe,</Unicode>
                    </TextEquiv>
                </Word>
                <TextEquiv>
                    <Unicode>chet. Sie blieb den ganzen Weg fast in einerley Größe,</Unicode>
                </TextEquiv>
            </TextLine>
            <TextLine id="r_2974_tl_19" custom="readingOrder {index:18;}">
                <Coords points="269,1238 1299,1237 1299,1195 1162,1182 269,1193"/>
                <Baseline points="277,1227 322,1227 367,1227 412,1227 456,1227 501,1227 546,1230 591,1230 635,1227 680,1227 725,1227 770,1227 815,1227 859,1227 904,1227 949,1227 994,1227 1038,1227 1083,1227 1128,1227 1173,1227 1218,1227 1262,1227 1301,1227"/>
                <Word id="r_2974_tl_19_w1" custom="readingOrder {index:0;}">
                    <Coords points="275,1187 275,1247 323,1247 323,1187"/>
                    <TextEquiv>
                        <Unicode>bis</Unicode>
                    </TextEquiv>
                </Word>
                <Word id="r_2974_tl_19_w2" custom="readingOrder {index:1;}">
                    <Coords points="351,1187 351,1247 388,1247 388,1187"/>
                    <TextEquiv>
                        <Unicode>sie</Unicode>
                    </TextEquiv>
                </Word>
                <Word id="r_2974_tl_19_w3" custom="readingOrder {index:2;}">
                    <Coords points="411,1187 411,1247 459,1247 459,1187"/>
                    <TextEquiv>
                        <Unicode>die</Unicode>
                    </TextEquiv>
                </Word>
                <Word id="r_2974_tl_19_w4" custom="readingOrder {index:3;}">
                    <Coords points="481,1189 481,1249 720,1249 720,1189"/>
                    <TextEquiv>
                        <Unicode>Mittagslinie</Unicode>
                    </TextEquiv>
                </Word>
                <Word id="r_2974_tl_19_w5" custom="readingOrder {index:4;}">
                    <Coords points="742,1187 742,1247 813,1247 813,1187"/>
                    <TextEquiv>
                        <Unicode>nach</Unicode>
                    </TextEquiv>
                </Word>
                <Word id="r_2974_tl_19_w6" custom="readingOrder {index:5;}">
                    <Coords points="841,1187 841,1247 976,1247 976,1187"/>
                    <TextEquiv>
                        <Unicode>Norden</Unicode>
                    </TextEquiv>
                </Word>
                <Word id="r_2974_tl_19_w7" custom="readingOrder {index:6;}">
                    <Coords points="998,1187 998,1247 1030,1247 1030,1187"/>
                    <TextEquiv>
                        <Unicode>zu</Unicode>
                    </TextEquiv>
                </Word>
                <Word id="r_2974_tl_19_w8" custom="readingOrder {index:7;}">
                    <Coords points="1058,1187 1058,1247 1220,1247 1220,1187"/>
                    <TextEquiv>
                        <Unicode>ungefähr</Unicode>
                    </TextEquiv>
                </Word>
                <Word id="r_2974_tl_19_w9" custom="readingOrder {index:8;}">
                    <Coords points="1248,1187 1248,1247 1280,1247 1280,1187"/>
                    <TextEquiv>
                        <Unicode>20</Unicode>
                    </TextEquiv>
                </Word>
                <TextEquiv>
                    <Unicode>bis sie die Mittagslinie nach Norden zu ungefähr 20</Unicode>
                </TextEquiv>
            </TextLine>
            <TextLine id="r_2974_tl_20" custom="readingOrder {index:19;}">
                <Coords points="269,1299 1299,1278 1272,1237 269,1241"/>
                <Baseline points="277,1274 322,1277 367,1280 412,1277 456,1280 501,1280 546,1280 591,1280 635,1277 680,1277 725,1277 770,1277 815,1277 859,1277 904,1277 949,1277 994,1277 1038,1277 1083,1277 1128,1277 1173,1277 1218,1274 1262,1277 1301,1277"/>
                <Word id="r_2974_tl_20_w1" custom="readingOrder {index:0;}">
                    <Coords points="275,1237 275,1297 397,1297 397,1237"/>
                    <TextEquiv>
                        <Unicode>Grade</Unicode>
                    </TextEquiv>
                </Word>
                <Word id="r_2974_tl_20_w2" custom="readingOrder {index:1;}">
                    <Coords points="415,1240 415,1300 637,1300 637,1240"/>
                    <TextEquiv>
                        <Unicode>zurückgelegt</Unicode>
                    </TextEquiv>
                </Word>
                <Word id="r_2974_tl_20_w3" custom="readingOrder {index:2;}">
                    <Coords points="660,1237 660,1297 771,1297 771,1237"/>
                    <TextEquiv>
                        <Unicode>hatte,</Unicode>
                    </TextEquiv>
                </Word>
                <Word id="r_2974_tl_20_w4" custom="readingOrder {index:3;}">
                    <Coords points="800,1237 800,1297 944,1297 944,1237"/>
                    <TextEquiv>
                        <Unicode>woselbst</Unicode>
                    </TextEquiv>
                </Word>
                <Word id="r_2974_tl_20_w5" custom="readingOrder {index:4;}">
                    <Coords points="967,1237 967,1297 1034,1297 1034,1237"/>
                    <TextEquiv>
                        <Unicode>eine</Unicode>
                    </TextEquiv>
                </Word>
                <Word id="r_2974_tl_20_w6" custom="readingOrder {index:5;}">
                    <Coords points="1057,1237 1057,1297 1156,1297 1156,1237"/>
                    <TextEquiv>
                        <Unicode>kleine</Unicode>
                    </TextEquiv>
                </Word>
                <Word id="r_2974_tl_20_w7" custom="readingOrder {index:6;}">
                    <Coords points="1180,1235 1180,1295 1296,1295 1296,1235"/>
                    <TextEquiv>
                        <Unicode>Wolke</Unicode>
                    </TextEquiv>
                </Word>
                <TextEquiv>
                    <Unicode>Grade zurückgelegt hatte, woselbst eine kleine Wolke</Unicode>
                </TextEquiv>
            </TextLine>
            <TextLine id="r_2974_tl_21" custom="readingOrder {index:20;}">
                <Coords points="267,1335 1046,1344 1046,1306 1003,1286 267,1299"/>
                <Baseline points="274,1325 319,1328 364,1328 409,1328 453,1328 498,1328 543,1328 588,1328 632,1328 677,1328 722,1328 767,1328 812,1328 856,1328 901,1328 946,1328 991,1328 1035,1328 1050,1331"/>
                <Word id="r_2974_tl_21_w1" custom="readingOrder {index:0;}">
                    <Coords points="273,1288 273,1348 365,1348 365,1288"/>
                    <TextEquiv>
                        <Unicode>war,</Unicode>
                    </TextEquiv>
                </Word>
                <Word id="r_2974_tl_21_w2" custom="readingOrder {index:1;}">
                    <Coords points="393,1288 393,1348 442,1348 442,1288"/>
                    <TextEquiv>
                        <Unicode>die</Unicode>
                    </TextEquiv>
                </Word>
                <Word id="r_2974_tl_21_w3" custom="readingOrder {index:2;}">
                    <Coords points="470,1288 470,1348 508,1348 508,1288"/>
                    <TextEquiv>
                        <Unicode>sie</Unicode>
                    </TextEquiv>
                </Word>
                <Word id="r_2974_tl_21_w4" custom="readingOrder {index:3;}">
                    <Coords points="536,1288 536,1348 573,1348 573,1288"/>
                    <TextEquiv>
                        <Unicode>an</Unicode>
                    </TextEquiv>
                </Word>
                <Word id="r_2974_tl_21_w5" custom="readingOrder {index:4;}">
                    <Coords points="612,1288 612,1348 661,1348 661,1288"/>
                    <TextEquiv>
                        <Unicode>sich</Unicode>
                    </TextEquiv>
                </Word>
                <Word id="r_2974_tl_21_w6" custom="readingOrder {index:5;}">
                    <Coords points="694,1288 694,1348 721,1348 721,1288"/>
                    <TextEquiv>
                        <Unicode>zu</Unicode>
                    </TextEquiv>
                </Word>
                <Word id="r_2974_tl_21_w7" custom="readingOrder {index:6;}">
                    <Coords points="760,1288 760,1348 869,1348 869,1288"/>
                    <TextEquiv>
                        <Unicode>ziehen</Unicode>
                    </TextEquiv>
                </Word>
                <Word id="r_2974_tl_21_w8" custom="readingOrder {index:7;}">
                    <Coords points="902,1288 902,1348 1038,1348 1038,1288"/>
                    <TextEquiv>
                        <Unicode>schiene.</Unicode>
                    </TextEquiv>
                </Word>
                <TextEquiv>
                    <Unicode>war, die sie an sich zu ziehen schiene.</Unicode>
                </TextEquiv>
            </TextLine>
            <TextLine id="r_2974_tl_22" custom="readingOrder {index:21;}">
                <Coords points="1097,1335 1119,1331 1159,1342 1177,1340 1191,1327 1238,1349 1291,1343 1290,1289 1271,1299 1244,1287 1206,1286 1173,1296 1164,1287 1153,1293 1123,1286 1097,1302"/>
                <Baseline points="1104,1325 1149,1325 1194,1328 1238,1328 1283,1328 1295,1325"/>
                <Word id="r_2974_tl_22_w1" custom="readingOrder {index:0;}">
                    <Coords points="1105,1285 1105,1345 1177,1345 1177,1285"/>
                    <TextEquiv>
                        <Unicode>Sie</Unicode>
                    </TextEquiv>
                </Word>
                <Word id="r_2974_tl_22_w2" custom="readingOrder {index:1;}">
                    <Coords points="1209,1288 1209,1348 1281,1348 1281,1288"/>
                    <TextEquiv>
                        <Unicode>stieg</Unicode>
                    </TextEquiv>
                </Word>
                <TextEquiv>
                    <Unicode>Sie stieg</Unicode>
                </TextEquiv>
            </TextLine>
            <TextLine id="r_2974_tl_23" custom="readingOrder {index:22;}">
                <Coords points="269,1378 1293,1396 1293,1343 1113,1334 269,1351"/>
                <Baseline points="277,1376 322,1376 367,1379 412,1376 456,1376 501,1379 546,1379 591,1379 635,1376 680,1379 725,1376 770,1376 815,1379 859,1379 904,1379 949,1379 994,1379 1038,1379 1083,1379 1128,1379 1173,1379 1218,1379 1262,1379 1295,1376"/>
                <Word id="r_2974_tl_23_w1" custom="readingOrder {index:0;}">
                    <Coords points="274,1337 274,1397 410,1397 410,1337"/>
                    <TextEquiv>
                        <Unicode>alsdenn</Unicode>
                    </TextEquiv>
                </Word>
                <Word id="r_2974_tl_23_w2" custom="readingOrder {index:1;}">
                    <Coords points="446,1339 446,1399 567,1399 567,1339"/>
                    <TextEquiv>
                        <Unicode>immer</Unicode>
                    </TextEquiv>
                </Word>
                <Word id="r_2974_tl_23_w3" custom="readingOrder {index:2;}">
                    <Coords points="593,1337 593,1397 719,1397 719,1337"/>
                    <TextEquiv>
                        <Unicode>höher,</Unicode>
                    </TextEquiv>
                </Word>
                <Word id="r_2974_tl_23_w4" custom="readingOrder {index:3;}">
                    <Coords points="755,1337 755,1397 815,1397 815,1337"/>
                    <TextEquiv>
                        <Unicode>und</Unicode>
                    </TextEquiv>
                </Word>
                <Word id="r_2974_tl_23_w5" custom="readingOrder {index:4;}">
                    <Coords points="846,1339 846,1399 896,1399 896,1339"/>
                    <TextEquiv>
                        <Unicode>als</Unicode>
                    </TextEquiv>
                </Word>
                <Word id="r_2974_tl_23_w6" custom="readingOrder {index:5;}">
                    <Coords points="927,1339 927,1399 967,1399 967,1339"/>
                    <TextEquiv>
                        <Unicode>sie</Unicode>
                    </TextEquiv>
                </Word>
                <Word id="r_2974_tl_23_w7" custom="readingOrder {index:6;}">
                    <Coords points="993,1339 993,1399 1063,1399 1063,1339"/>
                    <TextEquiv>
                        <Unicode>eben</Unicode>
                    </TextEquiv>
                </Word>
                <Word id="r_2974_tl_23_w8" custom="readingOrder {index:7;}">
                    <Coords points="1099,1339 1099,1399 1155,1399 1155,1339"/>
                    <TextEquiv>
                        <Unicode>den</Unicode>
                    </TextEquiv>
                </Word>
                <Word id="r_2974_tl_23_w9" custom="readingOrder {index:8;}">
                    <Coords points="1191,1339 1191,1399 1286,1399 1286,1339"/>
                    <TextEquiv>
                        <Unicode>Rand</Unicode>
                    </TextEquiv>
                </Word>
                <TextEquiv>
                    <Unicode>alsdenn immer höher, und als sie eben den Rand</Unicode>
                </TextEquiv>
            </TextLine>
            <TextLine id="r_2974_tl_24" custom="readingOrder {index:23;}">
                <Coords points="276,1446 1295,1442 1295,1396 1228,1388 276,1389"/>
                <Baseline points="283,1427 328,1424 373,1424 417,1424 462,1427 507,1427 552,1427 597,1427 641,1427 686,1430 731,1430 776,1430 821,1427 865,1427 910,1430 955,1430 1000,1430 1044,1430 1089,1430 1134,1430 1179,1430 1224,1427 1268,1427 1298,1427"/>
                <Word id="r_2974_tl_24_w1" custom="readingOrder {index:0;}">
                    <Coords points="282,1385 282,1445 330,1445 330,1385"/>
                    <TextEquiv>
                        <Unicode>der</Unicode>
                    </TextEquiv>
                </Word>
                <Word id="r_2974_tl_24_w2" custom="readingOrder {index:1;}">
                    <Coords points="363,1384 363,1444 481,1444 481,1384"/>
                    <TextEquiv>
                        <Unicode>Wolke</Unicode>
                    </TextEquiv>
                </Word>
                <Word id="r_2974_tl_24_w3" custom="readingOrder {index:2;}">
                    <Coords points="503,1387 503,1447 697,1447 697,1387"/>
                    <TextEquiv>
                        <Unicode>berührte,</Unicode>
                    </TextEquiv>
                </Word>
                <Word id="r_2974_tl_24_w4" custom="readingOrder {index:3;}">
                    <Coords points="736,1390 736,1450 762,1450 762,1390"/>
                    <TextEquiv>
                        <Unicode>so</Unicode>
                    </TextEquiv>
                </Word>
                <Word id="r_2974_tl_24_w5" custom="readingOrder {index:4;}">
                    <Coords points="796,1387 796,1447 909,1447 909,1387"/>
                    <TextEquiv>
                        <Unicode>sprang</Unicode>
                    </TextEquiv>
                </Word>
                <Word id="r_2974_tl_24_w6" custom="readingOrder {index:5;}">
                    <Coords points="942,1390 942,1450 979,1450 979,1390"/>
                    <TextEquiv>
                        <Unicode>sie</Unicode>
                    </TextEquiv>
                </Word>
                <Word id="r_2974_tl_24_w7" custom="readingOrder {index:6;}">
                    <Coords points="1007,1390 1007,1450 1076,1450 1076,1390"/>
                    <TextEquiv>
                        <Unicode>nach</Unicode>
                    </TextEquiv>
                </Word>
                <Word id="r_2974_tl_24_w8" custom="readingOrder {index:7;}">
                    <Coords points="1109,1390 1109,1450 1173,1450 1173,1390"/>
                    <TextEquiv>
                        <Unicode>Art</Unicode>
                    </TextEquiv>
                </Word>
                <Word id="r_2974_tl_24_w9" custom="readingOrder {index:8;}">
                    <Coords points="1201,1387 1201,1447 1287,1447 1287,1387"/>
                    <TextEquiv>
                        <Unicode>einer</Unicode>
                    </TextEquiv>
                </Word>
                <TextEquiv>
                    <Unicode>der Wolke berührte, so sprang sie nach Art einer</Unicode>
                </TextEquiv>
            </TextLine>
            <TextLine id="r_2974_tl_25" custom="readingOrder {index:24;}">
                <Coords points="278,1498 1289,1487 1289,1449 1124,1436 785,1468 736,1434 278,1441"/>
                <Baseline points="286,1471 331,1474 376,1474 420,1474 465,1474 510,1477 555,1477 600,1474 644,1477 689,1477 734,1477 779,1477 824,1474 868,1477 913,1474 958,1477 1003,1477 1047,1477 1092,1477 1137,1477 1182,1477 1227,1477 1271,1477 1292,1477"/>
                <Word id="r_2974_tl_25_w1" custom="readingOrder {index:0;}">
                    <Coords points="284,1434 284,1494 386,1494 386,1434"/>
                    <TextEquiv>
                        <Unicode>Mine</Unicode>
                    </TextEquiv>
                </Word>
                <Word id="r_2974_tl_25_w2" custom="readingOrder {index:1;}">
                    <Coords points="408,1434 408,1494 429,1494 429,1434"/>
                    <TextEquiv>
                        <Unicode>in</Unicode>
                    </TextEquiv>
                </Word>
                <Word id="r_2974_tl_25_w3" custom="readingOrder {index:2;}">
                    <Coords points="462,1437 462,1497 585,1497 585,1437"/>
                    <TextEquiv>
                        <Unicode>tausend</Unicode>
                    </TextEquiv>
                </Word>
                <Word id="r_2974_tl_25_w4" custom="readingOrder {index:3;}">
                    <Coords points="613,1437 613,1497 758,1497 758,1437"/>
                    <TextEquiv>
                        <Unicode>Stücke.</Unicode>
                    </TextEquiv>
                </Word>
                <Word id="r_2974_tl_25_w5" custom="readingOrder {index:4;}">
                    <Coords points="829,1434 829,1494 1006,1494 1006,1434"/>
                    <TextEquiv>
                        <Unicode>Ungefähr</Unicode>
                    </TextEquiv>
                </Word>
                <Word id="r_2974_tl_25_w6" custom="readingOrder {index:5;}">
                    <Coords points="1034,1437 1034,1497 1071,1497 1071,1437"/>
                    <TextEquiv>
                        <Unicode>30</Unicode>
                    </TextEquiv>
                </Word>
                <Word id="r_2974_tl_25_w7" custom="readingOrder {index:6;}">
                    <Coords points="1104,1437 1104,1497 1282,1497 1282,1437"/>
                    <TextEquiv>
                        <Unicode>Secunden</Unicode>
                    </TextEquiv>
                </Word>
                <TextEquiv>
                    <Unicode>Mine in tausend Stücke. Ungefähr 30 Secunden</Unicode>
                </TextEquiv>
            </TextLine>
            <TextLine id="r_2974_tl_26" custom="readingOrder {index:25;}">
                <Coords points="273,1545 1298,1539 1298,1490 273,1498"/>
                <Baseline points="280,1522 325,1525 370,1522 414,1522 459,1522 504,1525 549,1525 594,1525 638,1525 683,1525 728,1525 773,1525 818,1525 862,1525 907,1525 952,1525 997,1525 1041,1525 1086,1525 1131,1525 1176,1528 1221,1528 1265,1528 1301,1528"/>
                <Word id="r_2974_tl_26_w1" custom="readingOrder {index:0;}">
                    <Coords points="278,1482 278,1542 433,1542 433,1482"/>
                    <TextEquiv>
                        <Unicode>nachhero</Unicode>
                    </TextEquiv>
                </Word>
                <Word id="r_2974_tl_26_w2" custom="readingOrder {index:1;}">
                    <Coords points="464,1485 464,1545 554,1545 554,1485"/>
                    <TextEquiv>
                        <Unicode>hörte</Unicode>
                    </TextEquiv>
                </Word>
                <Word id="r_2974_tl_26_w3" custom="readingOrder {index:2;}">
                    <Coords points="575,1485 575,1545 645,1545 645,1485"/>
                    <TextEquiv>
                        <Unicode>man</Unicode>
                    </TextEquiv>
                </Word>
                <Word id="r_2974_tl_26_w4" custom="readingOrder {index:3;}">
                    <Coords points="676,1485 676,1545 761,1545 761,1485"/>
                    <TextEquiv>
                        <Unicode>einen</Unicode>
                    </TextEquiv>
                </Word>
                <Word id="r_2974_tl_26_w5" custom="readingOrder {index:4;}">
                    <Coords points="793,1485 793,1545 898,1545 898,1485"/>
                    <TextEquiv>
                        <Unicode>Knall</Unicode>
                    </TextEquiv>
                </Word>
                <Word id="r_2974_tl_26_w6" custom="readingOrder {index:5;}">
                    <Coords points="924,1485 924,1545 984,1545 984,1485"/>
                    <TextEquiv>
                        <Unicode>wie</Unicode>
                    </TextEquiv>
                </Word>
                <Word id="r_2974_tl_26_w7" custom="readingOrder {index:6;}">
                    <Coords points="1009,1485 1009,1545 1069,1545 1069,1485"/>
                    <TextEquiv>
                        <Unicode>von</Unicode>
                    </TextEquiv>
                </Word>
                <Word id="r_2974_tl_26_w8" custom="readingOrder {index:7;}">
                    <Coords points="1105,1486 1105,1546 1190,1546 1190,1486"/>
                    <TextEquiv>
                        <Unicode>einer</Unicode>
                    </TextEquiv>
                </Word>
                <Word id="r_2974_tl_26_w9" custom="readingOrder {index:8;}">
                    <Coords points="1221,1488 1221,1548 1296,1548 1296,1488"/>
                    <TextEquiv>
                        <Unicode>gro¬</Unicode>
                    </TextEquiv>
                </Word>
                <TextEquiv>
                    <Unicode>nachhero hörte man einen Knall wie von einer gro¬</Unicode>
                </TextEquiv>
            </TextLine>
            <TextLine id="r_2974_tl_27" custom="readingOrder {index:26;}">
                <Coords points="282,1601 1200,1592 1200,1544 1153,1537 282,1539"/>
                <Baseline points="289,1579 307,1576 352,1573 397,1576 441,1576 486,1573 531,1576 576,1573 620,1576 665,1576 710,1576 755,1576 800,1576 844,1576 889,1576 934,1576 979,1576 1024,1573 1068,1576 1113,1576 1158,1576 1203,1576"/>
                <Word id="r_2974_tl_27_w1" custom="readingOrder {index:0;}">
                    <Coords points="277,1536 277,1596 327,1596 327,1536"/>
                    <TextEquiv>
                        <Unicode>ßen</Unicode>
                    </TextEquiv>
                </Word>
                <Word id="r_2974_tl_27_w2" custom="readingOrder {index:1;}">
                    <Coords points="363,1533 363,1593 585,1593 585,1533"/>
                    <TextEquiv>
                        <Unicode>Karthauna,</Unicode>
                    </TextEquiv>
                </Word>
                <Word id="r_2974_tl_27_w3" custom="readingOrder {index:2;}">
                    <Coords points="611,1536 611,1596 661,1596 661,1536"/>
                    <TextEquiv>
                        <Unicode>der</Unicode>
                    </TextEquiv>
                </Word>
                <Word id="r_2974_tl_27_w4" custom="readingOrder {index:3;}">
                    <Coords points="687,1536 687,1596 752,1596 752,1536"/>
                    <TextEquiv>
                        <Unicode>eine</Unicode>
                    </TextEquiv>
                </Word>
                <Word id="r_2974_tl_27_w5" custom="readingOrder {index:4;}">
                    <Coords points="778,1536 778,1596 859,1596 859,1536"/>
                    <TextEquiv>
                        <Unicode>volle</Unicode>
                    </TextEquiv>
                </Word>
                <Word id="r_2974_tl_27_w6" custom="readingOrder {index:5;}">
                    <Coords points="880,1536 880,1596 1021,1596 1021,1536"/>
                    <TextEquiv>
                        <Unicode>Minute</Unicode>
                    </TextEquiv>
                </Word>
                <Word id="r_2974_tl_27_w7" custom="readingOrder {index:6;}">
                    <Coords points="1047,1536 1047,1596 1193,1596 1193,1536"/>
                    <TextEquiv>
                        <Unicode>dauerte.</Unicode>
                    </TextEquiv>
                </Word>
                <TextEquiv>
                    <Unicode>ßen Karthauna, der eine volle Minute dauerte.</Unicode>
                </TextEquiv>
            </TextLine>
            <TextLine id="r_2974_tl_28" custom="readingOrder {index:27;}">
                <Coords points="554,1632 662,1646 689,1629 754,1643 804,1628 894,1643 938,1625 1050,1634 1050,1595 1012,1584 845,1599 775,1581 696,1597 554,1583"/>
                <Baseline points="561,1621 606,1621 650,1624 695,1624 740,1621 785,1624 829,1624 874,1624 919,1624 964,1624 1009,1624 1053,1624"/>
                <Word id="r_2974_tl_28_w1" custom="readingOrder {index:0;}">
                    <Coords points="560,1583 560,1643 733,1643 733,1583"/>
                    <TextEquiv>
                        <Unicode>Wilda,</Unicode>
                    </TextEquiv>
                </Word>
                <Word id="r_2974_tl_28_w2" custom="readingOrder {index:1;}">
                    <Coords points="768,1584 768,1644 817,1644 817,1584"/>
                    <TextEquiv>
                        <Unicode>den</Unicode>
                    </TextEquiv>
                </Word>
                <Word id="r_2974_tl_28_w3" custom="readingOrder {index:2;}">
                    <Coords points="858,1584 858,1644 918,1644 918,1584"/>
                    <TextEquiv>
                        <Unicode>16.</Unicode>
                    </TextEquiv>
                </Word>
                <Word id="r_2974_tl_28_w4" custom="readingOrder {index:3;}">
                    <Coords points="947,1584 947,1644 1047,1644 1047,1584"/>
                    <TextEquiv>
                        <Unicode>Nov.</Unicode>
                    </TextEquiv>
                </Word>
                <TextEquiv>
                    <Unicode>Wilda, den 16. Nov.</Unicode>
                </TextEquiv>
            </TextLine>
            <TextLine id="r_2974_tl_29" custom="readingOrder {index:28;}">
                <Coords points="330,1675 1304,1688 1304,1634 1263,1629 330,1635"/>
                <Baseline points="337,1668 382,1665 426,1668 471,1671 516,1671 561,1668 606,1671 650,1671 695,1671 740,1671 785,1671 829,1671 874,1671 919,1674 964,1674 1009,1674 1053,1674 1098,1671 1143,1671 1188,1671 1233,1671 1277,1674 1307,1671"/>
                <Word id="r_2974_tl_29_w1" custom="readingOrder {index:0;}">
                    <Coords points="336,1625 336,1685 411,1685 411,1625"/>
                    <TextEquiv>
                        <Unicode>Wir</Unicode>
                    </TextEquiv>
                </Word>
                <Word id="r_2974_tl_29_w2" custom="readingOrder {index:1;}">
                    <Coords points="433,1631 433,1691 552,1691 552,1631"/>
                    <TextEquiv>
                        <Unicode>können</Unicode>
                    </TextEquiv>
                </Word>
                <Word id="r_2974_tl_29_w3" custom="readingOrder {index:2;}">
                    <Coords points="580,1631 580,1691 682,1691 682,1631"/>
                    <TextEquiv>
                        <Unicode>wegen</Unicode>
                    </TextEquiv>
                </Word>
                <Word id="r_2974_tl_29_w4" custom="readingOrder {index:3;}">
                    <Coords points="715,1631 715,1691 764,1691 764,1631"/>
                    <TextEquiv>
                        <Unicode>des</Unicode>
                    </TextEquiv>
                </Word>
                <Word id="r_2974_tl_29_w5" custom="readingOrder {index:4;}">
                    <Coords points="792,1631 792,1691 970,1691 970,1631"/>
                    <TextEquiv>
                        <Unicode>schlimmen</Unicode>
                    </TextEquiv>
                </Word>
                <Word id="r_2974_tl_29_w6" custom="readingOrder {index:5;}">
                    <Coords points="998,1633 998,1693 1117,1693 1117,1633"/>
                    <TextEquiv>
                        <Unicode>Weges</Unicode>
                    </TextEquiv>
                </Word>
                <Word id="r_2974_tl_29_w7" custom="readingOrder {index:6;}">
                    <Coords points="1155,1631 1155,1691 1199,1691 1199,1631"/>
                    <TextEquiv>
                        <Unicode>die</Unicode>
                    </TextEquiv>
                </Word>
                <Word id="r_2974_tl_29_w8" custom="readingOrder {index:7;}">
                    <Coords points="1232,1633 1232,1693 1301,1693 1301,1633"/>
                    <TextEquiv>
                        <Unicode>An¬</Unicode>
                    </TextEquiv>
                </Word>
                <TextEquiv>
                    <Unicode>Wir können wegen des schlimmen Weges die An¬</Unicode>
                </TextEquiv>
            </TextLine>
            <TextLine id="r_2974_tl_30" custom="readingOrder {index:29;}">
                <Coords points="276,1733 1299,1730 1299,1687 1137,1679 276,1688"/>
                <Baseline points="283,1722 316,1719 361,1719 406,1722 450,1722 495,1719 540,1722 585,1719 629,1722 674,1719 719,1719 764,1719 809,1719 853,1719 898,1719 943,1719 988,1719 1032,1719 1077,1719 1122,1716 1167,1719 1212,1719 1256,1719 1301,1719"/>
                <Word id="r_2974_tl_30_w1" custom="readingOrder {index:0;}">
                    <Coords points="280,1679 280,1739 373,1739 373,1679"/>
                    <TextEquiv>
                        <Unicode>kunft</Unicode>
                    </TextEquiv>
                </Word>
                <Word id="r_2974_tl_30_w2" custom="readingOrder {index:1;}">
                    <Coords points="393,1682 393,1742 482,1742 482,1682"/>
                    <TextEquiv>
                        <Unicode>derer</Unicode>
                    </TextEquiv>
                </Word>
                <Word id="r_2974_tl_30_w3" custom="readingOrder {index:2;}">
                    <Coords points="502,1680 502,1740 725,1740 725,1680"/>
                    <TextEquiv>
                        <Unicode>auswärtigen</Unicode>
                    </TextEquiv>
                </Word>
                <Word id="r_2974_tl_30_w4" custom="readingOrder {index:3;}">
                    <Coords points="760,1679 760,1739 873,1739 873,1679"/>
                    <TextEquiv>
                        <Unicode>Posten</Unicode>
                    </TextEquiv>
                </Word>
                <Word id="r_2974_tl_30_w5" custom="readingOrder {index:4;}">
                    <Coords points="903,1679 903,1739 971,1739 971,1679"/>
                    <TextEquiv>
                        <Unicode>noch</Unicode>
                    </TextEquiv>
                </Word>
                <Word id="r_2974_tl_30_w6" custom="readingOrder {index:5;}">
                    <Coords points="992,1679 992,1739 1075,1739 1075,1679"/>
                    <TextEquiv>
                        <Unicode>nicht</Unicode>
                    </TextEquiv>
                </Word>
                <Word id="r_2974_tl_30_w7" custom="readingOrder {index:6;}">
                    <Coords points="1096,1679 1096,1739 1302,1739 1302,1679"/>
                    <TextEquiv>
                        <Unicode>bestimmen,</Unicode>
                    </TextEquiv>
                </Word>
                <TextEquiv>
                    <Unicode>kunft derer auswärtigen Posten noch nicht bestimmen,</Unicode>
                </TextEquiv>
            </TextLine>
            <TextLine id="r_2974_tl_31" custom="readingOrder {index:30;}">
                <Coords points="278,1778 1302,1777 1302,1736 1161,1727 278,1748"/>
                <Baseline points="286,1770 319,1770 364,1767 409,1767 453,1767 498,1767 543,1764 588,1764 632,1764 677,1761 722,1764 767,1764 812,1764 856,1761 901,1761 946,1761 991,1761 1035,1761 1080,1761 1125,1761 1170,1761 1215,1761 1259,1761 1304,1761"/>
                <Word id="r_2974_tl_31_w1" custom="readingOrder {index:0;}">
                    <Coords points="281,1727 281,1787 420,1787 420,1727"/>
                    <TextEquiv>
                        <Unicode>zumahl</Unicode>
                    </TextEquiv>
                </Word>
                <Word id="r_2974_tl_31_w2" custom="readingOrder {index:1;}">
                    <Coords points="444,1727 444,1787 476,1787 476,1727"/>
                    <TextEquiv>
                        <Unicode>da</Unicode>
                    </TextEquiv>
                </Word>
                <Word id="r_2974_tl_31_w3" custom="readingOrder {index:2;}">
                    <Coords points="500,1725 500,1785 546,1785 546,1725"/>
                    <TextEquiv>
                        <Unicode>die</Unicode>
                    </TextEquiv>
                </Word>
                <Word id="r_2974_tl_31_w4" custom="readingOrder {index:3;}">
                    <Coords points="575,1723 575,1783 854,1783 854,1723"/>
                    <TextEquiv>
                        <Unicode>Königsbergsche</Unicode>
                    </TextEquiv>
                </Word>
                <Word id="r_2974_tl_31_w5" custom="readingOrder {index:4;}">
                    <Coords points="878,1721 878,1781 980,1781 980,1721"/>
                    <TextEquiv>
                        <Unicode>öfters</Unicode>
                    </TextEquiv>
                </Word>
                <Word id="r_2974_tl_31_w6" custom="readingOrder {index:5;}">
                    <Coords points="1008,1721 1008,1781 1120,1781 1120,1721"/>
                    <TextEquiv>
                        <Unicode>einige</Unicode>
                    </TextEquiv>
                </Word>
                <Word id="r_2974_tl_31_w7" custom="readingOrder {index:6;}">
                    <Coords points="1143,1721 1143,1781 1231,1781 1231,1721"/>
                    <TextEquiv>
                        <Unicode>Tage</Unicode>
                    </TextEquiv>
                </Word>
                <Word id="r_2974_tl_31_w8" custom="readingOrder {index:7;}">
                    <Coords points="1255,1721 1255,1781 1287,1781 1287,1721"/>
                    <TextEquiv>
                        <Unicode>an</Unicode>
                    </TextEquiv>
                </Word>
                <TextEquiv>
                    <Unicode>zumahl da die Königsbergsche öfters einige Tage an</Unicode>
                </TextEquiv>
            </TextLine>
            <TextLine id="r_2974_tl_32" custom="readingOrder {index:31;}">
                <Coords points="282,1833 1309,1824 1309,1768 282,1781"/>
                <Baseline points="289,1812 328,1812 373,1809 417,1806 462,1809 507,1809 552,1809 597,1809 641,1809 686,1809 731,1806 776,1809 821,1806 865,1806 910,1806 955,1803 1000,1806 1044,1806 1089,1806 1134,1806 1179,1803 1224,1806 1268,1806 1313,1803"/>
                <Word id="r_2974_tl_32_w1" custom="readingOrder {index:0;}">
                    <Coords points="286,1772 286,1832 338,1832 338,1772"/>
                    <TextEquiv>
                        <Unicode>den</Unicode>
                    </TextEquiv>
                </Word>
                <Word id="r_2974_tl_32_w2" custom="readingOrder {index:1;}">
                    <Coords points="367,1767 367,1827 519,1827 519,1767"/>
                    <TextEquiv>
                        <Unicode>Grenzen</Unicode>
                    </TextEquiv>
                </Word>
                <Word id="r_2974_tl_32_w3" custom="readingOrder {index:2;}">
                    <Coords points="544,1769 544,1829 644,1829 644,1769"/>
                    <TextEquiv>
                        <Unicode>liegen</Unicode>
                    </TextEquiv>
                </Word>
                <Word id="r_2974_tl_32_w4" custom="readingOrder {index:3;}">
                    <Coords points="673,1766 673,1826 787,1826 787,1766"/>
                    <TextEquiv>
                        <Unicode>bleibt.</Unicode>
                    </TextEquiv>
                </Word>
                <Word id="r_2974_tl_32_w5" custom="readingOrder {index:4;}">
                    <Coords points="835,1766 835,1826 911,1826 911,1766"/>
                    <TextEquiv>
                        <Unicode>Die</Unicode>
                    </TextEquiv>
                </Word>
                <Word id="r_2974_tl_32_w6" custom="readingOrder {index:5;}">
                    <Coords points="940,1766 940,1826 1207,1826 1207,1766"/>
                    <TextEquiv>
                        <Unicode>Capturgerichte</Unicode>
                    </TextEquiv>
                </Word>
                <Word id="r_2974_tl_32_w7" custom="readingOrder {index:6;}">
                    <Coords points="1241,1765 1241,1825 1303,1825 1303,1765"/>
                    <TextEquiv>
                        <Unicode>un¬</Unicode>
                    </TextEquiv>
                </Word>
                <TextEquiv>
                    <Unicode>den Grenzen liegen bleibt. Die Capturgerichte un¬</Unicode>
                </TextEquiv>
            </TextLine>
            <TextLine id="r_2974_tl_33" custom="readingOrder {index:32;}">
                <Coords points="291,1876 1308,1873 1308,1825 1244,1809 291,1827"/>
                <Baseline points="298,1862 325,1859 370,1857 414,1857 459,1859 504,1859 549,1859 594,1859 638,1857 683,1857 728,1857 773,1857 818,1857 862,1857 907,1857 952,1857 997,1857 1041,1859 1086,1857 1131,1857 1176,1857 1221,1857 1265,1857 1310,1851"/>
                <Word id="r_2974_tl_33_w1" custom="readingOrder {index:0;}">
                    <Coords points="286,1818 286,1878 365,1878 365,1818"/>
                    <TextEquiv>
                        <Unicode>serer</Unicode>
                    </TextEquiv>
                </Word>
                <Word id="r_2974_tl_33_w2" custom="readingOrder {index:1;}">
                    <Coords points="392,1819 392,1879 662,1879 662,1819"/>
                    <TextEquiv>
                        <Unicode>Woywodschaft</Unicode>
                    </TextEquiv>
                </Word>
                <Word id="r_2974_tl_33_w3" custom="readingOrder {index:2;}">
                    <Coords points="679,1817 679,1877 801,1877 801,1817"/>
                    <TextEquiv>
                        <Unicode>werden</Unicode>
                    </TextEquiv>
                </Word>
                <Word id="r_2974_tl_33_w4" custom="readingOrder {index:3;}">
                    <Coords points="834,1817 834,1877 897,1877 897,1817"/>
                    <TextEquiv>
                        <Unicode>mit</Unicode>
                    </TextEquiv>
                </Word>
                <Word id="r_2974_tl_33_w5" custom="readingOrder {index:4;}">
                    <Coords points="913,1817 913,1877 966,1877 966,1817"/>
                    <TextEquiv>
                        <Unicode>dem</Unicode>
                    </TextEquiv>
                </Word>
                <Word id="r_2974_tl_33_w6" custom="readingOrder {index:5;}">
                    <Coords points="998,1818 998,1878 1088,1878 1088,1818"/>
                    <TextEquiv>
                        <Unicode>Ende</Unicode>
                    </TextEquiv>
                </Word>
                <Word id="r_2974_tl_33_w7" custom="readingOrder {index:6;}">
                    <Coords points="1115,1817 1115,1877 1210,1877 1210,1817"/>
                    <TextEquiv>
                        <Unicode>dieser</Unicode>
                    </TextEquiv>
                </Word>
                <Word id="r_2974_tl_33_w8" custom="readingOrder {index:7;}">
                    <Coords points="1227,1816 1227,1876 1306,1876 1306,1816"/>
                    <TextEquiv>
                        <Unicode>Wo¬</Unicode>
                    </TextEquiv>
                </Word>
                <TextEquiv>
                    <Unicode>serer Woywodschaft werden mit dem Ende dieser Wo¬</Unicode>
                </TextEquiv>
            </TextLine>
            <TextLine id="r_2974_tl_34" custom="readingOrder {index:33;}">
                <Coords points="278,1925 1308,1923 1308,1875 1210,1866 278,1889"/>
                <Baseline points="286,1910 331,1910 376,1910 420,1910 465,1910 510,1913 555,1910 600,1910 644,1913 689,1910 734,1910 779,1910 824,1910 868,1910 913,1910 958,1910 1003,1910 1047,1910 1092,1910 1137,1913 1182,1913 1227,1910 1271,1910 1310,1910"/>
                <Word id="r_2974_tl_34_w1" custom="readingOrder {index:0;}">
                    <Coords points="279,1870 279,1930 329,1930 329,1870"/>
                    <TextEquiv>
                        <Unicode>che</Unicode>
                    </TextEquiv>
                </Word>
                <Word id="r_2974_tl_34_w2" custom="readingOrder {index:1;}">
                    <Coords points="353,1870 353,1930 535,1930 535,1870"/>
                    <TextEquiv>
                        <Unicode>aufhören.</Unicode>
                    </TextEquiv>
                </Word>
                <Word id="r_2974_tl_34_w3" custom="readingOrder {index:2;}">
                    <Coords points="587,1871 587,1931 671,1931 671,1871"/>
                    <TextEquiv>
                        <Unicode>Laut</Unicode>
                    </TextEquiv>
                </Word>
                <Word id="r_2974_tl_34_w4" custom="readingOrder {index:3;}">
                    <Coords points="695,1870 695,1930 906,1930 906,1870"/>
                    <TextEquiv>
                        <Unicode>Nachrichten</Unicode>
                    </TextEquiv>
                </Word>
                <Word id="r_2974_tl_34_w5" custom="readingOrder {index:4;}">
                    <Coords points="935,1870 935,1930 997,1930 997,1870"/>
                    <TextEquiv>
                        <Unicode>aus</Unicode>
                    </TextEquiv>
                </Word>
                <Word id="r_2974_tl_34_w6" custom="readingOrder {index:5;}">
                    <Coords points="1026,1870 1026,1930 1122,1930 1122,1870"/>
                    <TextEquiv>
                        <Unicode>denen</Unicode>
                    </TextEquiv>
                </Word>
                <Word id="r_2974_tl_34_w7" custom="readingOrder {index:6;}">
                    <Coords points="1163,1870 1163,1930 1293,1930 1293,1870"/>
                    <TextEquiv>
                        <Unicode>übrigen</Unicode>
                    </TextEquiv>
                </Word>
                <TextEquiv>
                    <Unicode>che aufhören. Laut Nachrichten aus denen übrigen</Unicode>
                </TextEquiv>
            </TextLine>
            <TextLine id="r_2974_tl_35" custom="readingOrder {index:34;}">
                <Coords points="278,1980 1298,1970 1298,1928 1184,1916 278,1928"/>
                <Baseline points="286,1964 316,1961 361,1964 406,1964 450,1964 495,1964 540,1961 585,1964 629,1964 674,1964 719,1961 764,1961 809,1961 853,1961 898,1964 943,1961 988,1961 1032,1964 1077,1961 1122,1961 1167,1964 1212,1961 1256,1961 1301,1958"/>
                <Word id="r_2974_tl_35_w1" custom="readingOrder {index:0;}">
                    <Coords points="284,1924 284,1984 611,1984 611,1924"/>
                    <TextEquiv>
                        <Unicode>Woywodschaften,</Unicode>
                    </TextEquiv>
                </Word>
                <Word id="r_2974_tl_35_w2" custom="readingOrder {index:1;}">
                    <Coords points="629,1924 629,1984 684,1984 684,1924"/>
                    <TextEquiv>
                        <Unicode>hat</Unicode>
                    </TextEquiv>
                </Word>
                <Word id="r_2974_tl_35_w3" custom="readingOrder {index:2;}">
                    <Coords points="701,1921 701,1981 767,1981 767,1921"/>
                    <TextEquiv>
                        <Unicode>eine</Unicode>
                    </TextEquiv>
                </Word>
                <Word id="r_2974_tl_35_w4" custom="readingOrder {index:3;}">
                    <Coords points="790,1921 790,1981 856,1981 856,1921"/>
                    <TextEquiv>
                        <Unicode>jede</Unicode>
                    </TextEquiv>
                </Word>
                <Word id="r_2974_tl_35_w5" custom="readingOrder {index:4;}">
                    <Coords points="873,1921 873,1981 1029,1981 1029,1921"/>
                    <TextEquiv>
                        <Unicode>derselben</Unicode>
                    </TextEquiv>
                </Word>
                <Word id="r_2974_tl_35_w6" custom="readingOrder {index:5;}">
                    <Coords points="1051,1921 1051,1981 1117,1981 1117,1921"/>
                    <TextEquiv>
                        <Unicode>ihre</Unicode>
                    </TextEquiv>
                </Word>
                <Word id="r_2974_tl_35_w7" custom="readingOrder {index:6;}">
                    <Coords points="1135,1921 1135,1981 1301,1981 1301,1921"/>
                    <TextEquiv>
                        <Unicode>Abgeord¬</Unicode>
                    </TextEquiv>
                </Word>
                <TextEquiv>
                    <Unicode>Woywodschaften, hat eine jede derselben ihre Abgeord¬</Unicode>
                </TextEquiv>
            </TextLine>
            <TextLine id="r_2974_tl_36" custom="readingOrder {index:35;}">
                <Coords points="278,2039 1308,2030 1287,1969 278,1989"/>
                <Baseline points="286,2012 331,2015 376,2015 420,2015 465,2012 510,2012 555,2012 600,2012 644,2012 689,2012 734,2009 779,2009 824,2012 868,2012 913,2009 958,2012 1003,2009 1047,2012 1092,2012 1137,2012 1182,2012 1227,2012 1271,2012 1310,2012"/>
                <Word id="r_2974_tl_36_w1" custom="readingOrder {index:0;}">
                    <Coords points="284,1974 284,2034 356,2034 356,1974"/>
                    <TextEquiv>
                        <Unicode>nete</Unicode>
                    </TextEquiv>
                </Word>
                <Word id="r_2974_tl_36_w2" custom="readingOrder {index:1;}">
                    <Coords points="373,1975 373,2035 428,2035 428,1975"/>
                    <TextEquiv>
                        <Unicode>zur</Unicode>
                    </TextEquiv>
                </Word>
                <Word id="r_2974_tl_36_w3" custom="readingOrder {index:2;}">
                    <Coords points="450,1972 450,2032 611,2032 611,1972"/>
                    <TextEquiv>
                        <Unicode>Krönung</Unicode>
                    </TextEquiv>
                </Word>
                <Word id="r_2974_tl_36_w4" custom="readingOrder {index:3;}">
                    <Coords points="645,1969 645,2029 877,2029 877,1969"/>
                    <TextEquiv>
                        <Unicode>hingesendet.</Unicode>
                    </TextEquiv>
                </Word>
                <Word id="r_2974_tl_36_w5" custom="readingOrder {index:4;}">
                    <Coords points="922,1971 922,2031 995,2031 995,1971"/>
                    <TextEquiv>
                        <Unicode>Auf</Unicode>
                    </TextEquiv>
                </Word>
                <Word id="r_2974_tl_36_w6" custom="readingOrder {index:5;}">
                    <Coords points="1023,1972 1023,2032 1094,2032 1094,1972"/>
                    <TextEquiv>
                        <Unicode>Sr.</Unicode>
                    </TextEquiv>
                </Word>
                <Word id="r_2974_tl_36_w7" custom="readingOrder {index:6;}">
                    <Coords points="1128,1972 1128,2032 1299,2032 1299,1972"/>
                    <TextEquiv>
                        <Unicode>Majestät</Unicode>
                    </TextEquiv>
                </Word>
                <TextEquiv>
                    <Unicode>nete zur Krönung hingesendet. Auf Sr. Majestät</Unicode>
                </TextEquiv>
            </TextLine>
            <TextLine id="r_2974_tl_37" custom="readingOrder {index:36;}">
                <Coords points="278,2086 1308,2070 1308,2030 1130,2013 278,2040"/>
                <Baseline points="286,2063 325,2065 370,2065 414,2065 459,2063 504,2060 549,2060 594,2060 638,2060 683,2060 728,2060 773,2057 818,2060 862,2060 907,2060 952,2060 997,2060 1041,2060 1086,2060 1131,2060 1176,2060 1221,2063 1265,2063 1310,2060"/>
                <Word id="r_2974_tl_37_w1" custom="readingOrder {index:0;}">
                    <Coords points="284,2024 284,2084 555,2084 555,2024"/>
                    <TextEquiv>
                        <Unicode>allergnädigsten</Unicode>
                    </TextEquiv>
                </Word>
                <Word id="r_2974_tl_37_w2" custom="readingOrder {index:1;}">
                    <Coords points="584,2020 584,2080 711,2080 711,2020"/>
                    <TextEquiv>
                        <Unicode>Befehl</Unicode>
                    </TextEquiv>
                </Word>
                <Word id="r_2974_tl_37_w3" custom="readingOrder {index:2;}">
                    <Coords points="728,2017 728,2077 811,2077 811,2017"/>
                    <TextEquiv>
                        <Unicode>wird</Unicode>
                    </TextEquiv>
                </Word>
                <Word id="r_2974_tl_37_w4" custom="readingOrder {index:3;}">
                    <Coords points="845,2020 845,2080 911,2080 911,2020"/>
                    <TextEquiv>
                        <Unicode>eine</Unicode>
                    </TextEquiv>
                </Word>
                <Word id="r_2974_tl_37_w5" custom="readingOrder {index:4;}">
                    <Coords points="945,2020 945,2080 1100,2080 1100,2020"/>
                    <TextEquiv>
                        <Unicode>fahrende</Unicode>
                    </TextEquiv>
                </Word>
                <Word id="r_2974_tl_37_w6" custom="readingOrder {index:5;}">
                    <Coords points="1128,2020 1128,2080 1217,2080 1217,2020"/>
                    <TextEquiv>
                        <Unicode>Post</Unicode>
                    </TextEquiv>
                </Word>
                <Word id="r_2974_tl_37_w7" custom="readingOrder {index:6;}">
                    <Coords points="1245,2022 1245,2082 1305,2082 1305,2022"/>
                    <TextEquiv>
                        <Unicode>an¬</Unicode>
                    </TextEquiv>
                </Word>
                <TextEquiv>
                    <Unicode>allergnädigsten Befehl wird eine fahrende Post an¬</Unicode>
                </TextEquiv>
            </TextLine>
            <TextLine id="r_2974_tl_38" custom="readingOrder {index:37;}">
                <Coords points="278,2121 1302,2121 1302,2075 1232,2063 278,2086"/>
                <Baseline points="286,2119 319,2113 364,2113 409,2113 453,2110 498,2110 543,2110 588,2110 632,2110 677,2113 722,2110 767,2110 812,2110 856,2110 901,2110 946,2113 991,2110 1035,2110 1080,2110 1125,2110 1170,2110 1215,2110 1259,2110 1304,2110"/>
                <Word id="r_2974_tl_38_w1" custom="readingOrder {index:0;}">
                    <Coords points="284,2073 284,2133 422,2133 422,2073"/>
                    <TextEquiv>
                        <Unicode>geleget,</Unicode>
                    </TextEquiv>
                </Word>
                <Word id="r_2974_tl_38_w2" custom="readingOrder {index:1;}">
                    <Coords points="451,2070 451,2130 511,2130 511,2070"/>
                    <TextEquiv>
                        <Unicode>und</Unicode>
                    </TextEquiv>
                </Word>
                <Word id="r_2974_tl_38_w3" custom="readingOrder {index:2;}">
                    <Coords points="534,2070 534,2130 605,2130 605,2070"/>
                    <TextEquiv>
                        <Unicode>auch</Unicode>
                    </TextEquiv>
                </Word>
                <Word id="r_2974_tl_38_w4" custom="readingOrder {index:3;}">
                    <Coords points="634,2071 634,2131 766,2131 766,2071"/>
                    <TextEquiv>
                        <Unicode>zugleich</Unicode>
                    </TextEquiv>
                </Word>
                <Word id="r_2974_tl_38_w5" custom="readingOrder {index:4;}">
                    <Coords points="800,2070 800,2130 855,2130 855,2070"/>
                    <TextEquiv>
                        <Unicode>das</Unicode>
                    </TextEquiv>
                </Word>
                <Word id="r_2974_tl_38_w6" custom="readingOrder {index:5;}">
                    <Coords points="883,2072 883,2132 988,2132 988,2072"/>
                    <TextEquiv>
                        <Unicode>billige</Unicode>
                    </TextEquiv>
                </Word>
                <Word id="r_2974_tl_38_w7" custom="readingOrder {index:6;}">
                    <Coords points="1011,2070 1011,2130 1110,2130 1110,2070"/>
                    <TextEquiv>
                        <Unicode>Porto</Unicode>
                    </TextEquiv>
                </Word>
                <Word id="r_2974_tl_38_w8" custom="readingOrder {index:7;}">
                    <Coords points="1133,2070 1133,2130 1182,2130 1182,2070"/>
                    <TextEquiv>
                        <Unicode>der</Unicode>
                    </TextEquiv>
                </Word>
                <Word id="r_2974_tl_38_w9" custom="readingOrder {index:8;}">
                    <Coords points="1200,2070 1200,2130 1299,2130 1299,2070"/>
                    <TextEquiv>
                        <Unicode>Brie¬</Unicode>
                    </TextEquiv>
                </Word>
                <TextEquiv>
                    <Unicode>geleget, und auch zugleich das billige Porto der Brie¬</Unicode>
                </TextEquiv>
            </TextLine>
            <TextLine id="r_2974_tl_39" custom="readingOrder {index:38;}">
                <Coords points="285,2183 348,2190 418,2170 443,2181 521,2166 641,2173 677,2166 678,2139 642,2124 286,2130"/>
                <Baseline points="292,2167 322,2164 367,2161 412,2161 456,2161 501,2158 546,2158 591,2155 635,2158 680,2161"/>
                <Word id="r_2974_tl_39_w1" custom="readingOrder {index:0;}">
                    <Coords points="290,2125 290,2185 321,2185 321,2125"/>
                    <TextEquiv>
                        <Unicode>fe</Unicode>
                    </TextEquiv>
                </Word>
                <Word id="r_2974_tl_39_w2" custom="readingOrder {index:1;}">
                    <Coords points="337,2121 337,2181 504,2181 504,2121"/>
                    <TextEquiv>
                        <Unicode>bestimmt</Unicode>
                    </TextEquiv>
                </Word>
                <Word id="r_2974_tl_39_w3" custom="readingOrder {index:2;}">
                    <Coords points="525,2115 525,2175 671,2175 671,2115"/>
                    <TextEquiv>
                        <Unicode>werden.</Unicode>
                    </TextEquiv>
                </Word>
                <TextEquiv>
                    <Unicode>fe bestimmt werden.</Unicode>
                </TextEquiv>
            </TextLine>
            <TextLine id="r_2974_tl_40" custom="readingOrder {index:39;}">
                <Coords points="481,2226 1092,2222 1130,2217 1129,2161 479,2174"/>
                <Baseline points="486,2206 531,2209 576,2209 620,2209 665,2209 710,2209 755,2209 800,2206 844,2209 889,2206 934,2209 979,2209 1024,2209 1068,2209 1113,2212 1131,2212"/>
                <Word id="r_2974_tl_40_w1" custom="readingOrder {index:0;}">
                    <Coords points="479,2169 479,2229 790,2229 790,2169"/>
                    <TextEquiv>
                        <Unicode>Petersburg,</Unicode>
                    </TextEquiv>
                </Word>
                <Word id="r_2974_tl_40_w2" custom="readingOrder {index:1;}">
                    <Coords points="818,2168 818,2228 866,2228 866,2168"/>
                    <TextEquiv>
                        <Unicode>den</Unicode>
                    </TextEquiv>
                </Word>
                <Word id="r_2974_tl_40_w3" custom="readingOrder {index:2;}">
                    <Coords points="905,2169 905,2229 964,2229 964,2169"/>
                    <TextEquiv>
                        <Unicode>23.</Unicode>
                    </TextEquiv>
                </Word>
                <Word id="r_2974_tl_40_w4" custom="readingOrder {index:3;}">
                    <Coords points="992,2169 992,2229 1117,2229 1117,2169"/>
                    <TextEquiv>
                        <Unicode>Octob.</Unicode>
                    </TextEquiv>
                </Word>
                <TextEquiv>
                    <Unicode>Petersburg, den 23. Octob.</Unicode>
                </TextEquiv>
            </TextLine>
            <TextLine id="r_2974_tl_41" custom="readingOrder {index:40;}">
                <Coords points="332,2272 1300,2271 1260,2222 332,2217"/>
                <Baseline points="340,2254 385,2257 429,2260 474,2260 519,2257 564,2257 609,2257 653,2257 698,2257 743,2257 788,2257 832,2257 877,2254 922,2254 967,2257 1012,2257 1056,2260 1101,2260 1146,2260 1191,2257 1236,2257 1280,2257 1304,2257"/>
                <Word id="r_2974_tl_41_w1" custom="readingOrder {index:0;}">
                    <Coords points="338,2215 338,2275 394,2275 394,2215"/>
                    <TextEquiv>
                        <Unicode>Da</Unicode>
                    </TextEquiv>
                </Word>
                <Word id="r_2974_tl_41_w2" custom="readingOrder {index:1;}">
                    <Coords points="423,2220 423,2280 514,2280 514,2220"/>
                    <TextEquiv>
                        <Unicode>Jhro</Unicode>
                    </TextEquiv>
                </Word>
                <Word id="r_2974_tl_41_w3" custom="readingOrder {index:2;}">
                    <Coords points="543,2217 543,2277 684,2277 684,2217"/>
                    <TextEquiv>
                        <Unicode>Kaiserl.</Unicode>
                    </TextEquiv>
                </Word>
                <Word id="r_2974_tl_41_w4" custom="readingOrder {index:3;}">
                    <Coords points="707,2217 707,2277 808,2277 808,2217"/>
                    <TextEquiv>
                        <Unicode>Maj.</Unicode>
                    </TextEquiv>
                </Word>
                <Word id="r_2974_tl_41_w5" custom="readingOrder {index:4;}">
                    <Coords points="827,2215 827,2275 877,2275 877,2215"/>
                    <TextEquiv>
                        <Unicode>die</Unicode>
                    </TextEquiv>
                </Word>
                <Word id="r_2974_tl_41_w6" custom="readingOrder {index:5;}">
                    <Coords points="889,2217 889,2277 1138,2277 1138,2217"/>
                    <TextEquiv>
                        <Unicode>Entschliessung</Unicode>
                    </TextEquiv>
                </Word>
                <Word id="r_2974_tl_41_w7" custom="readingOrder {index:6;}">
                    <Coords points="1167,2217 1167,2277 1302,2277 1302,2217"/>
                    <TextEquiv>
                        <Unicode>genom=</Unicode>
                    </TextEquiv>
                </Word>
                <TextEquiv>
                    <Unicode>Da Jhro Kaiserl. Maj. die Entschliessung genom=</Unicode>
                </TextEquiv>
            </TextLine>
            <TextLine id="r_2974_tl_42" custom="readingOrder {index:41;}">
                <Coords points="276,2327 1306,2318 1284,2268 276,2282"/>
                <Baseline points="283,2307 322,2307 367,2310 412,2307 456,2304 501,2304 546,2307 591,2304 635,2304 680,2304 725,2304 770,2301 815,2304 859,2304 904,2304 949,2307 994,2307 1038,2307 1083,2307 1128,2307 1173,2307 1218,2307 1262,2304 1307,2304"/>
                <Word id="r_2974_tl_42_w1" custom="readingOrder {index:0;}">
                    <Coords points="281,2267 281,2327 376,2327 376,2267"/>
                    <TextEquiv>
                        <Unicode>men,</Unicode>
                    </TextEquiv>
                </Word>
                <Word id="r_2974_tl_42_w2" custom="readingOrder {index:1;}">
                    <Coords points="404,2266 404,2326 435,2326 435,2266"/>
                    <TextEquiv>
                        <Unicode>an</Unicode>
                    </TextEquiv>
                </Word>
                <Word id="r_2974_tl_42_w3" custom="readingOrder {index:2;}">
                    <Coords points="468,2264 468,2324 515,2324 515,2264"/>
                    <TextEquiv>
                        <Unicode>dem</Unicode>
                    </TextEquiv>
                </Word>
                <Word id="r_2974_tl_42_w4" custom="readingOrder {index:3;}">
                    <Coords points="558,2264 558,2324 707,2324 707,2264"/>
                    <TextEquiv>
                        <Unicode>Königl.</Unicode>
                    </TextEquiv>
                </Word>
                <Word id="r_2974_tl_42_w5" custom="readingOrder {index:4;}">
                    <Coords points="723,2264 723,2324 974,2324 974,2264"/>
                    <TextEquiv>
                        <Unicode>Schwedischen</Unicode>
                    </TextEquiv>
                </Word>
                <Word id="r_2974_tl_42_w6" custom="readingOrder {index:5;}">
                    <Coords points="1001,2267 1001,2327 1106,2327 1106,2267"/>
                    <TextEquiv>
                        <Unicode>Hofe,</Unicode>
                    </TextEquiv>
                </Word>
                <Word id="r_2974_tl_42_w7" custom="readingOrder {index:6;}">
                    <Coords points="1128,2267 1128,2327 1229,2327 1229,2267"/>
                    <TextEquiv>
                        <Unicode>außer</Unicode>
                    </TextEquiv>
                </Word>
                <Word id="r_2974_tl_42_w8" custom="readingOrder {index:7;}">
                    <Coords points="1262,2264 1262,2324 1309,2324 1309,2264"/>
                    <TextEquiv>
                        <Unicode>ei¬</Unicode>
                    </TextEquiv>
                </Word>
                <TextEquiv>
                    <Unicode>men, an dem Königl. Schwedischen Hofe, außer ei¬</Unicode>
                </TextEquiv>
            </TextLine>
            <TextLine id="r_2974_tl_43" custom="readingOrder {index:42;}">
                <Coords points="289,2369 1302,2375 1300,2318 287,2324"/>
                <Baseline points="295,2358 319,2358 364,2355 409,2355 453,2352 498,2352 543,2352 588,2352 632,2352 677,2352 722,2352 767,2352 812,2352 856,2352 901,2355 946,2358 991,2358 1035,2358 1080,2358 1125,2358 1170,2355 1215,2355 1259,2352 1304,2355"/>
                <Word id="r_2974_tl_43_w1" custom="readingOrder {index:0;}">
                    <Coords points="287,2318 287,2378 346,2378 346,2318"/>
                    <TextEquiv>
                        <Unicode>nem</Unicode>
                    </TextEquiv>
                </Word>
                <Word id="r_2974_tl_43_w2" custom="readingOrder {index:1;}">
                    <Coords points="392,2312 392,2372 705,2372 705,2312"/>
                    <TextEquiv>
                        <Unicode>außerordentlichen</Unicode>
                    </TextEquiv>
                </Word>
                <Word id="r_2974_tl_43_w3" custom="readingOrder {index:2;}">
                    <Coords points="746,2312 746,2372 952,2372 952,2312"/>
                    <TextEquiv>
                        <Unicode>Gesandten,</Unicode>
                    </TextEquiv>
                </Word>
                <Word id="r_2974_tl_43_w4" custom="readingOrder {index:3;}">
                    <Coords points="983,2318 983,2378 1053,2378 1053,2318"/>
                    <TextEquiv>
                        <Unicode>auch</Unicode>
                    </TextEquiv>
                </Word>
                <Word id="r_2974_tl_43_w5" custom="readingOrder {index:4;}">
                    <Coords points="1094,2317 1094,2377 1174,2377 1174,2317"/>
                    <TextEquiv>
                        <Unicode>einen</Unicode>
                    </TextEquiv>
                </Word>
                <Word id="r_2974_tl_43_w6" custom="readingOrder {index:5;}">
                    <Coords points="1215,2312 1215,2372 1305,2372 1305,2312"/>
                    <TextEquiv>
                        <Unicode>Resi¬</Unicode>
                    </TextEquiv>
                </Word>
                <TextEquiv>
                    <Unicode>nem außerordentlichen Gesandten, auch einen Resi¬</Unicode>
                </TextEquiv>
            </TextLine>
            <TextLine id="r_2974_tl_44" custom="readingOrder {index:43;}">
                <Coords points="282,2424 1299,2425 1299,2374 1214,2365 282,2376"/>
                <Baseline points="289,2409 316,2406 361,2406 406,2406 450,2403 495,2403 540,2403 585,2403 629,2400 674,2400 719,2400 764,2400 809,2400 853,2403 898,2406 943,2406 988,2409 1032,2409 1077,2409 1122,2406 1167,2409 1212,2406 1256,2406 1301,2406"/>
                <Word id="r_2974_tl_44_w1" custom="readingOrder {index:0;}">
                    <Coords points="283,2366 283,2426 396,2426 396,2366"/>
                    <TextEquiv>
                        <Unicode>denten</Unicode>
                    </TextEquiv>
                </Word>
                <Word id="r_2974_tl_44_w2" custom="readingOrder {index:1;}">
                    <Coords points="425,2363 425,2423 447,2423 447,2363"/>
                    <TextEquiv>
                        <Unicode>zu</Unicode>
                    </TextEquiv>
                </Word>
                <Word id="r_2974_tl_44_w3" custom="readingOrder {index:2;}">
                    <Coords points="476,2363 476,2423 606,2423 606,2363"/>
                    <TextEquiv>
                        <Unicode>halten,</Unicode>
                    </TextEquiv>
                </Word>
                <Word id="r_2974_tl_44_w4" custom="readingOrder {index:3;}">
                    <Coords points="636,2360 636,2420 663,2420 663,2360"/>
                    <TextEquiv>
                        <Unicode>so</Unicode>
                    </TextEquiv>
                </Word>
                <Word id="r_2974_tl_44_w5" custom="readingOrder {index:4;}">
                    <Coords points="693,2360 693,2420 795,2420 795,2360"/>
                    <TextEquiv>
                        <Unicode>haben</Unicode>
                    </TextEquiv>
                </Word>
                <Word id="r_2974_tl_44_w6" custom="readingOrder {index:5;}">
                    <Coords points="830,2369 830,2429 1182,2429 1182,2369"/>
                    <TextEquiv>
                        <Unicode>Allerhöchstdieselben</Unicode>
                    </TextEquiv>
                </Word>
                <Word id="r_2974_tl_44_w7" custom="readingOrder {index:6;}">
                    <Coords points="1217,2366 1217,2426 1290,2426 1290,2366"/>
                    <TextEquiv>
                        <Unicode>dazu</Unicode>
                    </TextEquiv>
                </Word>
                <TextEquiv>
                    <Unicode>denten zu halten, so haben Allerhöchstdieselben dazu</Unicode>
                </TextEquiv>
            </TextLine>
            <TextLine id="r_2974_tl_45" custom="readingOrder {index:44;}">
                <Coords points="286,2487 343,2471 393,2494 483,2462 612,2478 679,2454 858,2474 860,2422 287,2418"/>
                <Baseline points="295,2460 325,2457 370,2457 414,2454 459,2451 504,2454 549,2451 594,2451 638,2451 683,2451 728,2451 773,2448 818,2448 862,2451"/>
                <Word id="r_2974_tl_45_w1" custom="readingOrder {index:0;}">
                    <Coords points="292,2417 292,2477 341,2477 341,2417"/>
                    <TextEquiv>
                        <Unicode>den</Unicode>
                    </TextEquiv>
                </Word>
                <Word id="r_2974_tl_45_w2" custom="readingOrder {index:1;}">
                    <Coords points="370,2413 370,2473 475,2473 475,2413"/>
                    <TextEquiv>
                        <Unicode>Herrn</Unicode>
                    </TextEquiv>
                </Word>
                <Word id="r_2974_tl_45_w3" custom="readingOrder {index:2;}">
                    <Coords points="509,2411 509,2471 663,2471 663,2411"/>
                    <TextEquiv>
                        <Unicode>Stachief</Unicode>
                    </TextEquiv>
                </Word>
                <Word id="r_2974_tl_45_w4" custom="readingOrder {index:3;}">
                    <Coords points="686,2408 686,2468 858,2468 858,2408"/>
                    <TextEquiv>
                        <Unicode>ernennet.</Unicode>
                    </TextEquiv>
                </Word>
                <TextEquiv>
                    <Unicode>den Herrn Stachief ernennet.</Unicode>
                </TextEquiv>
            </TextLine>
            <TextLine id="r_2974_tl_46" custom="readingOrder {index:45;}">
                <Coords points="443,2510 1146,2520 1130,2458 443,2467"/>
                <Baseline points="450,2501 495,2501 540,2501 585,2501 629,2504 674,2501 719,2498 764,2498 809,2498 853,2498 898,2504 943,2504 988,2504 1032,2504 1077,2507 1122,2504 1149,2504"/>
                <Word id="r_2974_tl_46_w1" custom="readingOrder {index:0;}">
                    <Coords points="449,2462 449,2522 843,2522 843,2462"/>
                    <TextEquiv>
                        <Unicode>Constantinopel,</Unicode>
                    </TextEquiv>
                </Word>
                <Word id="r_2974_tl_46_w2" custom="readingOrder {index:1;}">
                    <Coords points="872,2463 872,2523 921,2523 921,2463"/>
                    <TextEquiv>
                        <Unicode>den</Unicode>
                    </TextEquiv>
                </Word>
                <Word id="r_2974_tl_46_w3" custom="readingOrder {index:2;}">
                    <Coords points="955,2464 955,2524 999,2524 999,2464"/>
                    <TextEquiv>
                        <Unicode>7.</Unicode>
                    </TextEquiv>
                </Word>
                <Word id="r_2974_tl_46_w4" custom="readingOrder {index:3;}">
                    <Coords points="1022,2466 1022,2526 1143,2526 1143,2466"/>
                    <TextEquiv>
                        <Unicode>Octob.</Unicode>
                    </TextEquiv>
                </Word>
                <TextEquiv>
                    <Unicode>Constantinopel, den 7. Octob.</Unicode>
                </TextEquiv>
            </TextLine>
            <TextLine id="r_2974_tl_47" custom="readingOrder {index:46;}">
                <Coords points="342,2559 1304,2567 1304,2521 1214,2507 342,2516"/>
                <Baseline points="349,2552 394,2552 438,2552 483,2555 528,2555 573,2552 618,2552 662,2552 707,2546 752,2549 797,2546 841,2546 886,2549 931,2552 976,2552 1021,2552 1065,2555 1110,2558 1155,2555 1200,2552 1244,2552 1289,2555 1307,2552"/>
                <Word id="r_2974_tl_47_w1" custom="readingOrder {index:0;}">
                    <Coords points="348,2512 348,2572 430,2572 430,2512"/>
                    <TextEquiv>
                        <Unicode>Man</Unicode>
                    </TextEquiv>
                </Word>
                <Word id="r_2974_tl_47_w2" custom="readingOrder {index:1;}">
                    <Coords points="459,2515 459,2575 552,2575 552,2515"/>
                    <TextEquiv>
                        <Unicode>sagt,</Unicode>
                    </TextEquiv>
                </Word>
                <Word id="r_2974_tl_47_w3" custom="readingOrder {index:2;}">
                    <Coords points="581,2512 581,2572 635,2572 635,2512"/>
                    <TextEquiv>
                        <Unicode>der</Unicode>
                    </TextEquiv>
                </Word>
                <Word id="r_2974_tl_47_w4" custom="readingOrder {index:3;}">
                    <Coords points="659,2507 659,2567 785,2567 785,2507"/>
                    <TextEquiv>
                        <Unicode>Sultan</Unicode>
                    </TextEquiv>
                </Word>
                <Word id="r_2974_tl_47_w5" custom="readingOrder {index:4;}">
                    <Coords points="825,2508 825,2568 930,2568 930,2508"/>
                    <TextEquiv>
                        <Unicode>werde</Unicode>
                    </TextEquiv>
                </Word>
                <Word id="r_2974_tl_47_w6" custom="readingOrder {index:5;}">
                    <Coords points="958,2512 958,2572 1008,2572 1008,2512"/>
                    <TextEquiv>
                        <Unicode>den</Unicode>
                    </TextEquiv>
                </Word>
                <Word id="r_2974_tl_47_w7" custom="readingOrder {index:6;}">
                    <Coords points="1047,2513 1047,2573 1296,2573 1296,2513"/>
                    <TextEquiv>
                        <Unicode>Tartar=Chan</Unicode>
                    </TextEquiv>
                </Word>
                <TextEquiv>
                    <Unicode>Man sagt, der Sultan werde den Tartar=Chan</Unicode>
                </TextEquiv>
            </TextLine>
            <TextLine id="r_2974_tl_48" custom="readingOrder {index:47;}">
                <Coords points="285,2619 1298,2620 1298,2580 1210,2567 285,2572"/>
                <Baseline points="292,2603 337,2606 382,2603 426,2603 471,2603 516,2606 561,2603 606,2600 650,2603 695,2600 740,2597 785,2597 829,2597 874,2597 919,2600 964,2600 1009,2603 1053,2603 1098,2606 1143,2606 1188,2606 1233,2603 1277,2606 1301,2606"/>
                <Word id="r_2974_tl_48_w1" custom="readingOrder {index:0;}">
                    <Coords points="291,2564 291,2624 329,2624 329,2564"/>
                    <TextEquiv>
                        <Unicode>um</Unicode>
                    </TextEquiv>
                </Word>
                <Word id="r_2974_tl_48_w2" custom="readingOrder {index:1;}">
                    <Coords points="368,2563 368,2623 534,2623 534,2563"/>
                    <TextEquiv>
                        <Unicode>deswillen</Unicode>
                    </TextEquiv>
                </Word>
                <Word id="r_2974_tl_48_w3" custom="readingOrder {index:2;}">
                    <Coords points="563,2562 563,2622 718,2622 718,2562"/>
                    <TextEquiv>
                        <Unicode>absetzen,</Unicode>
                    </TextEquiv>
                </Word>
                <Word id="r_2974_tl_48_w4" custom="readingOrder {index:3;}">
                    <Coords points="741,2557 741,2617 818,2617 818,2557"/>
                    <TextEquiv>
                        <Unicode>weil</Unicode>
                    </TextEquiv>
                </Word>
                <Word id="r_2974_tl_48_w5" custom="readingOrder {index:4;}">
                    <Coords points="840,2559 840,2619 973,2619 973,2559"/>
                    <TextEquiv>
                        <Unicode>derselbe</Unicode>
                    </TextEquiv>
                </Word>
                <Word id="r_2974_tl_48_w6" custom="readingOrder {index:5;}">
                    <Coords points="990,2562 990,2622 1018,2622 1018,2562"/>
                    <TextEquiv>
                        <Unicode>zu</Unicode>
                    </TextEquiv>
                </Word>
                <Word id="r_2974_tl_48_w7" custom="readingOrder {index:6;}">
                    <Coords points="1046,2565 1046,2625 1129,2625 1129,2565"/>
                    <TextEquiv>
                        <Unicode>viele</Unicode>
                    </TextEquiv>
                </Word>
                <Word id="r_2974_tl_48_w8" custom="readingOrder {index:7;}">
                    <Coords points="1146,2563 1146,2623 1295,2623 1295,2563"/>
                    <TextEquiv>
                        <Unicode>Neigung</Unicode>
                    </TextEquiv>
                </Word>
                <TextEquiv>
                    <Unicode>um deswillen absetzen, weil derselbe zu viele Neigung</Unicode>
                </TextEquiv>
            </TextLine>
            <TextLine id="r_2974_tl_49" custom="readingOrder {index:48;}">
                <Coords points="287,2674 1307,2672 1307,2621 1257,2612 287,2617"/>
                <Baseline points="295,2660 325,2657 370,2654 414,2654 459,2654 504,2654 549,2654 594,2651 638,2654 683,2651 728,2648 773,2648 818,2645 862,2645 907,2645 952,2648 997,2648 1041,2651 1086,2654 1131,2654 1176,2654 1221,2651 1265,2651 1310,2651"/>
                <Word id="r_2974_tl_49_w1" custom="readingOrder {index:0;}">
                    <Coords points="293,2618 293,2678 319,2678 319,2618"/>
                    <TextEquiv>
                        <Unicode>zu</Unicode>
                    </TextEquiv>
                </Word>
                <Word id="r_2974_tl_49_w2" custom="readingOrder {index:1;}">
                    <Coords points="352,2614 352,2674 432,2674 432,2614"/>
                    <TextEquiv>
                        <Unicode>einem</Unicode>
                    </TextEquiv>
                </Word>
                <Word id="r_2974_tl_49_w3" custom="readingOrder {index:2;}">
                    <Coords points="476,2614 476,2674 595,2674 595,2614"/>
                    <TextEquiv>
                        <Unicode>Kriege</Unicode>
                    </TextEquiv>
                </Word>
                <Word id="r_2974_tl_49_w4" custom="readingOrder {index:3;}">
                    <Coords points="623,2609 623,2669 785,2669 785,2609"/>
                    <TextEquiv>
                        <Unicode>geäußert</Unicode>
                    </TextEquiv>
                </Word>
                <Word id="r_2974_tl_49_w5" custom="readingOrder {index:4;}">
                    <Coords points="802,2605 802,2665 904,2665 904,2605"/>
                    <TextEquiv>
                        <Unicode>habe,</Unicode>
                    </TextEquiv>
                </Word>
                <Word id="r_2974_tl_49_w6" custom="readingOrder {index:5;}">
                    <Coords points="932,2608 932,2668 980,2668 980,2608"/>
                    <TextEquiv>
                        <Unicode>der</Unicode>
                    </TextEquiv>
                </Word>
                <Word id="r_2974_tl_49_w7" custom="readingOrder {index:6;}">
                    <Coords points="1002,2611 1002,2671 1104,2671 1104,2611"/>
                    <TextEquiv>
                        <Unicode>weder</Unicode>
                    </TextEquiv>
                </Word>
                <Word id="r_2974_tl_49_w8" custom="readingOrder {index:7;}">
                    <Coords points="1132,2614 1132,2674 1180,2674 1180,2614"/>
                    <TextEquiv>
                        <Unicode>dem</Unicode>
                    </TextEquiv>
                </Word>
                <Word id="r_2974_tl_49_w9" custom="readingOrder {index:8;}">
                    <Coords points="1219,2611 1219,2671 1310,2671 1310,2611"/>
                    <TextEquiv>
                        <Unicode>Wil¬</Unicode>
                    </TextEquiv>
                </Word>
                <TextEquiv>
                    <Unicode>zu einem Kriege geäußert habe, der weder dem Wil¬</Unicode>
                </TextEquiv>
            </TextLine>
            <TextLine id="r_2974_tl_50" custom="readingOrder {index:49;}">
                <Coords points="291,2718 1304,2715 1304,2673 1245,2659 1197,2690 852,2652 291,2673"/>
                <Baseline points="298,2701 343,2701 388,2701 432,2701 477,2701 522,2701 567,2698 612,2701 656,2698 701,2698 746,2695 791,2695 835,2692 880,2692 925,2695 970,2695 1015,2698 1059,2701 1104,2701 1149,2701 1194,2704 1238,2701 1283,2701 1307,2701"/>
                <Word id="r_2974_tl_50_w1" custom="readingOrder {index:0;}">
                    <Coords points="297,2661 297,2721 342,2721 342,2661"/>
                    <TextEquiv>
                        <Unicode>len</Unicode>
                    </TextEquiv>
                </Word>
                <Word id="r_2974_tl_50_w2" custom="readingOrder {index:1;}">
                    <Coords points="371,2661 371,2721 438,2721 438,2661"/>
                    <TextEquiv>
                        <Unicode>noch</Unicode>
                    </TextEquiv>
                </Word>
                <Word id="r_2974_tl_50_w3" custom="readingOrder {index:2;}">
                    <Coords points="467,2661 467,2721 517,2721 517,2661"/>
                    <TextEquiv>
                        <Unicode>dem</Unicode>
                    </TextEquiv>
                </Word>
                <Word id="r_2974_tl_50_w4" custom="readingOrder {index:3;}">
                    <Coords points="557,2658 557,2718 726,2718 726,2658"/>
                    <TextEquiv>
                        <Unicode>Interesse</Unicode>
                    </TextEquiv>
                </Word>
                <Word id="r_2974_tl_50_w5" custom="readingOrder {index:4;}">
                    <Coords points="743,2655 743,2715 793,2715 793,2655"/>
                    <TextEquiv>
                        <Unicode>der</Unicode>
                    </TextEquiv>
                </Word>
                <Word id="r_2974_tl_50_w6" custom="readingOrder {index:5;}">
                    <Coords points="822,2652 822,2712 940,2712 940,2652"/>
                    <TextEquiv>
                        <Unicode>Pforte</Unicode>
                    </TextEquiv>
                </Word>
                <Word id="r_2974_tl_50_w7" custom="readingOrder {index:6;}">
                    <Coords points="958,2657 958,2717 1070,2717 1070,2657"/>
                    <TextEquiv>
                        <Unicode>gemäß</Unicode>
                    </TextEquiv>
                </Word>
                <Word id="r_2974_tl_50_w8" custom="readingOrder {index:7;}">
                    <Coords points="1093,2661 1093,2721 1160,2721 1160,2661"/>
                    <TextEquiv>
                        <Unicode>sey.</Unicode>
                    </TextEquiv>
                </Word>
                <Word id="r_2974_tl_50_w9" custom="readingOrder {index:8;}">
                    <Coords points="1218,2661 1218,2721 1296,2721 1296,2661"/>
                    <TextEquiv>
                        <Unicode>Der</Unicode>
                    </TextEquiv>
                </Word>
                <TextEquiv>
                    <Unicode>len noch dem Interesse der Pforte gemäß sey. Der</Unicode>
                </TextEquiv>
            </TextLine>
            <TextLine id="r_2974_tl_51" custom="readingOrder {index:50;}">
                <Coords points="287,2759 1307,2759 1307,2715 1192,2706 287,2718"/>
                <Baseline points="295,2749 340,2746 385,2752 429,2752 474,2749 519,2749 564,2749 609,2749 653,2749 698,2749 743,2746 788,2746 832,2743 877,2743 922,2743 967,2746 1012,2746 1056,2749 1101,2752 1146,2752 1191,2752 1236,2752 1280,2752 1310,2755"/>
                <Word id="r_2974_tl_51_w1" custom="readingOrder {index:0;}">
                    <Coords points="294,2707 294,2767 409,2767 409,2707"/>
                    <TextEquiv>
                        <Unicode>Divan</Unicode>
                    </TextEquiv>
                </Word>
                <Word id="r_2974_tl_51_w2" custom="readingOrder {index:1;}">
                    <Coords points="438,2709 438,2769 582,2769 582,2709"/>
                    <TextEquiv>
                        <Unicode>glaubt,</Unicode>
                    </TextEquiv>
                </Word>
                <Word id="r_2974_tl_51_w3" custom="readingOrder {index:2;}">
                    <Coords points="606,2709 606,2769 674,2769 674,2709"/>
                    <TextEquiv>
                        <Unicode>man</Unicode>
                    </TextEquiv>
                </Word>
                <Word id="r_2974_tl_51_w4" custom="readingOrder {index:3;}">
                    <Coords points="710,2706 710,2766 807,2766 807,2706"/>
                    <TextEquiv>
                        <Unicode>müsse</Unicode>
                    </TextEquiv>
                </Word>
                <Word id="r_2974_tl_51_w5" custom="readingOrder {index:4;}">
                    <Coords points="831,2703 831,2763 940,2763 940,2703"/>
                    <TextEquiv>
                        <Unicode>solchen</Unicode>
                    </TextEquiv>
                </Word>
                <Word id="r_2974_tl_51_w6" custom="readingOrder {index:5;}">
                    <Coords points="969,2706 969,2766 1067,2766 1067,2706"/>
                    <TextEquiv>
                        <Unicode>Krieg</Unicode>
                    </TextEquiv>
                </Word>
                <Word id="r_2974_tl_51_w7" custom="readingOrder {index:6;}">
                    <Coords points="1102,2712 1102,2772 1136,2772 1136,2712"/>
                    <TextEquiv>
                        <Unicode>um</Unicode>
                    </TextEquiv>
                </Word>
                <Word id="r_2974_tl_51_w8" custom="readingOrder {index:7;}">
                    <Coords points="1189,2712 1189,2772 1211,2772 1211,2712"/>
                    <TextEquiv>
                        <Unicode>so</Unicode>
                    </TextEquiv>
                </Word>
                <Word id="r_2974_tl_51_w9" custom="readingOrder {index:8;}">
                    <Coords points="1241,2712 1241,2772 1304,2772 1304,2712"/>
                    <TextEquiv>
                        <Unicode>viel</Unicode>
                    </TextEquiv>
                </Word>
                <TextEquiv>
                    <Unicode>Divan glaubt, man müsse solchen Krieg um so viel</Unicode>
                </TextEquiv>
            </TextLine>
            <TextLine id="r_2974_tl_52" custom="readingOrder {index:51;}">
                <Coords points="285,2812 1308,2808 1308,2766 1170,2757 285,2773"/>
                <Baseline points="292,2800 337,2800 382,2797 426,2797 471,2797 516,2797 561,2797 606,2797 650,2797 695,2797 740,2794 785,2794 829,2794 874,2794 919,2794 964,2791 1009,2794 1053,2797 1098,2800 1143,2800 1188,2803 1233,2800 1277,2803 1310,2803"/>
                <Word id="r_2974_tl_52_w1" custom="readingOrder {index:0;}">
                    <Coords points="290,2759 290,2819 385,2819 385,2759"/>
                    <TextEquiv>
                        <Unicode>mehr</Unicode>
                    </TextEquiv>
                </Word>
                <Word id="r_2974_tl_52_w2" custom="readingOrder {index:1;}">
                    <Coords points="407,2757 407,2817 623,2817 623,2757"/>
                    <TextEquiv>
                        <Unicode>vermeiden,</Unicode>
                    </TextEquiv>
                </Word>
                <Word id="r_2974_tl_52_w3" custom="readingOrder {index:2;}">
                    <Coords points="645,2757 645,2817 676,2817 676,2757"/>
                    <TextEquiv>
                        <Unicode>je</Unicode>
                    </TextEquiv>
                </Word>
                <Word id="r_2974_tl_52_w4" custom="readingOrder {index:3;}">
                    <Coords points="693,2754 693,2814 829,2814 829,2754"/>
                    <TextEquiv>
                        <Unicode>größere</Unicode>
                    </TextEquiv>
                </Word>
                <Word id="r_2974_tl_52_w5" custom="readingOrder {index:4;}">
                    <Coords points="851,2754 851,2814 983,2814 983,2754"/>
                    <TextEquiv>
                        <Unicode>Ursache</Unicode>
                    </TextEquiv>
                </Word>
                <Word id="r_2974_tl_52_w6" custom="readingOrder {index:5;}">
                    <Coords points="1005,2756 1005,2816 1073,2816 1073,2756"/>
                    <TextEquiv>
                        <Unicode>man</Unicode>
                    </TextEquiv>
                </Word>
                <Word id="r_2974_tl_52_w7" custom="readingOrder {index:6;}">
                    <Coords points="1105,2760 1105,2820 1210,2820 1210,2760"/>
                    <TextEquiv>
                        <Unicode>habe,</Unicode>
                    </TextEquiv>
                </Word>
                <Word id="r_2974_tl_52_w8" custom="readingOrder {index:7;}">
                    <Coords points="1243,2762 1243,2822 1300,2822 1300,2762"/>
                    <TextEquiv>
                        <Unicode>alle</Unicode>
                    </TextEquiv>
                </Word>
                <TextEquiv>
                    <Unicode>mehr vermeiden, je größere Ursache man habe, alle</Unicode>
                </TextEquiv>
            </TextLine>
            <TextLine id="r_2974_tl_53" custom="readingOrder {index:52;}">
                <Coords points="294,2862 1307,2865 1275,2807 294,2813"/>
                <Baseline points="301,2851 325,2851 370,2848 414,2848 459,2848 504,2848 549,2845 594,2845 638,2848 683,2848 728,2845 773,2845 818,2845 862,2845 907,2845 952,2842 997,2845 1041,2845 1086,2848 1131,2851 1176,2851 1221,2851 1265,2851 1310,2848"/>
                <Word id="r_2974_tl_53_w1" custom="readingOrder {index:0;}">
                    <Coords points="300,2808 300,2868 593,2868 593,2808"/>
                    <TextEquiv>
                        <Unicode>Aufmerksamkeit</Unicode>
                    </TextEquiv>
                </Word>
                <Word id="r_2974_tl_53_w2" custom="readingOrder {index:1;}">
                    <Coords points="611,2808 611,2868 667,2868 667,2808"/>
                    <TextEquiv>
                        <Unicode>auf</Unicode>
                    </TextEquiv>
                </Word>
                <Word id="r_2974_tl_53_w3" custom="readingOrder {index:2;}">
                    <Coords points="684,2805 684,2865 819,2865 819,2805"/>
                    <TextEquiv>
                        <Unicode>Persien</Unicode>
                    </TextEquiv>
                </Word>
                <Word id="r_2974_tl_53_w4" custom="readingOrder {index:3;}">
                    <Coords points="848,2805 848,2865 875,2865 875,2805"/>
                    <TextEquiv>
                        <Unicode>zu</Unicode>
                    </TextEquiv>
                </Word>
                <Word id="r_2974_tl_53_w5" custom="readingOrder {index:4;}">
                    <Coords points="904,2803 904,2863 1050,2863 1050,2803"/>
                    <TextEquiv>
                        <Unicode>richten,</Unicode>
                    </TextEquiv>
                </Word>
                <Word id="r_2974_tl_53_w6" custom="readingOrder {index:5;}">
                    <Coords points="1074,2809 1074,2869 1146,2869 1146,2809"/>
                    <TextEquiv>
                        <Unicode>weil</Unicode>
                    </TextEquiv>
                </Word>
                <Word id="r_2974_tl_53_w7" custom="readingOrder {index:6;}">
                    <Coords points="1170,2811 1170,2871 1299,2871 1299,2811"/>
                    <TextEquiv>
                        <Unicode>daselbst</Unicode>
                    </TextEquiv>
                </Word>
                <TextEquiv>
                    <Unicode>Aufmerksamkeit auf Persien zu richten, weil daselbst</Unicode>
                </TextEquiv>
            </TextLine>
            <TextLine id="r_2974_tl_54" custom="readingOrder {index:53;}">
                <Coords points="282,2922 1316,2919 1296,2862 282,2867"/>
                <Baseline points="289,2901 334,2901 379,2901 423,2901 468,2901 513,2898 558,2898 603,2898 647,2898 692,2895 737,2898 782,2895 826,2898 871,2898 916,2895 961,2895 1006,2895 1050,2895 1095,2898 1140,2901 1185,2901 1230,2904 1274,2904 1319,2901"/>
                <Word id="r_2974_tl_54_w1" custom="readingOrder {index:0;}">
                    <Coords points="290,2861 290,2921 339,2921 339,2861"/>
                    <TextEquiv>
                        <Unicode>die</Unicode>
                    </TextEquiv>
                </Word>
                <Word id="r_2974_tl_54_w2" custom="readingOrder {index:1;}">
                    <Coords points="364,2861 364,2921 463,2921 463,2861"/>
                    <TextEquiv>
                        <Unicode>Ruhe</Unicode>
                    </TextEquiv>
                </Word>
                <Word id="r_2974_tl_54_w3" custom="readingOrder {index:2;}">
                    <Coords points="482,2858 482,2918 599,2918 599,2858"/>
                    <TextEquiv>
                        <Unicode>wieder</Unicode>
                    </TextEquiv>
                </Word>
                <Word id="r_2974_tl_54_w4" custom="readingOrder {index:3;}">
                    <Coords points="625,2857 625,2917 822,2917 822,2857"/>
                    <TextEquiv>
                        <Unicode>hergestellet</Unicode>
                    </TextEquiv>
                </Word>
                <Word id="r_2974_tl_54_w5" custom="readingOrder {index:4;}">
                    <Coords points="841,2855 841,2915 965,2915 965,2855"/>
                    <TextEquiv>
                        <Unicode>worden</Unicode>
                    </TextEquiv>
                </Word>
                <Word id="r_2974_tl_54_w6" custom="readingOrder {index:5;}">
                    <Coords points="996,2855 996,2915 1051,2915 1051,2855"/>
                    <TextEquiv>
                        <Unicode>ist,</Unicode>
                    </TextEquiv>
                </Word>
                <Word id="r_2974_tl_54_w7" custom="readingOrder {index:6;}">
                    <Coords points="1065,2858 1065,2918 1126,2918 1126,2858"/>
                    <TextEquiv>
                        <Unicode>und</Unicode>
                    </TextEquiv>
                </Word>
                <Word id="r_2974_tl_54_w8" custom="readingOrder {index:7;}">
                    <Coords points="1151,2861 1151,2921 1206,2921 1206,2861"/>
                    <TextEquiv>
                        <Unicode>der</Unicode>
                    </TextEquiv>
                </Word>
                <Word id="r_2974_tl_54_w9" custom="readingOrder {index:8;}">
                    <Coords points="1226,2864 1226,2924 1305,2924 1305,2864"/>
                    <TextEquiv>
                        <Unicode>neue</Unicode>
                    </TextEquiv>
                </Word>
                <TextEquiv>
                    <Unicode>die Ruhe wieder hergestellet worden ist, und der neue</Unicode>
                </TextEquiv>
            </TextLine>
            <TextEquiv>
                <Unicode></Unicode>
            </TextEquiv>
        </TextRegion>
        <TextRegion id="r_2986" custom="readingOrder {index:1;}">
            <Coords points="1306,285 2382,281 2382,1750 1318,1750"/>
            <TextLine id="r_2986_tl_1" custom="readingOrder {index:0;}">
                <Coords points="1309,345 2327,369 2327,308 2237,294 1309,293"/>
                <Baseline points="1316,343 1361,343 1406,343 1450,343 1495,343 1540,346 1585,343 1630,346 1674,346 1719,349 1764,349 1809,349 1854,349 1898,346 1943,349 1988,346 2033,346 2077,343 2122,343 2167,346 2212,346 2257,349 2301,349 2331,346"/>
                <Word id="r_2986_tl_1_w1" custom="readingOrder {index:0;}">
                    <Coords points="1316,303 1316,363 1451,363 1451,303"/>
                    <TextEquiv>
                        <Unicode>Besitzer</Unicode>
                    </TextEquiv>
                </Word>
                <Word id="r_2986_tl_1_w2" custom="readingOrder {index:1;}">
                    <Coords points="1475,303 1475,363 1528,363 1528,303"/>
                    <TextEquiv>
                        <Unicode>des</Unicode>
                    </TextEquiv>
                </Word>
                <Word id="r_2986_tl_1_w3" custom="readingOrder {index:2;}">
                    <Coords points="1552,305 1552,365 1687,365 1687,305"/>
                    <TextEquiv>
                        <Unicode>Throns</Unicode>
                    </TextEquiv>
                </Word>
                <Word id="r_2986_tl_1_w4" custom="readingOrder {index:3;}">
                    <Coords points="1717,308 1717,368 1993,368 1993,308"/>
                    <TextEquiv>
                        <Unicode>Kerim=Chan,</Unicode>
                    </TextEquiv>
                </Word>
                <Word id="r_2986_tl_1_w5" custom="readingOrder {index:4;}">
                    <Coords points="2023,305 2023,365 2064,365 2064,305"/>
                    <TextEquiv>
                        <Unicode>um</Unicode>
                    </TextEquiv>
                </Word>
                <Word id="r_2986_tl_1_w6" custom="readingOrder {index:5;}">
                    <Coords points="2112,304 2112,364 2188,364 2188,304"/>
                    <TextEquiv>
                        <Unicode>diese</Unicode>
                    </TextEquiv>
                </Word>
                <Word id="r_2986_tl_1_w7" custom="readingOrder {index:6;}">
                    <Coords points="2218,309 2218,369 2317,369 2317,309"/>
                    <TextEquiv>
                        <Unicode>Ruhe</Unicode>
                    </TextEquiv>
                </Word>
                <TextEquiv>
                    <Unicode>Besitzer des Throns Kerim=Chan, um diese Ruhe</Unicode>
                </TextEquiv>
            </TextLine>
            <TextLine id="r_2986_tl_2" custom="readingOrder {index:1;}">
                <Coords points="1321,412 2327,414 2327,369 2099,349 1321,367"/>
                <Baseline points="1328,397 1373,394 1418,394 1462,394 1507,394 1552,394 1597,397 1642,397 1686,397 1731,397 1776,400 1821,403 1865,403 1910,400 1955,400 2000,397 2045,397 2089,397 2134,394 2179,397 2224,397 2269,397 2313,397 2331,400"/>
                <Word id="r_2986_tl_2_w1" custom="readingOrder {index:0;}">
                    <Coords points="1316,356 1316,416 1342,416 1342,356"/>
                    <TextEquiv>
                        <Unicode>zu</Unicode>
                    </TextEquiv>
                </Word>
                <Word id="r_2986_tl_2_w2" custom="readingOrder {index:1;}">
                    <Coords points="1374,354 1374,414 1548,414 1548,354"/>
                    <TextEquiv>
                        <Unicode>erhalten,</Unicode>
                    </TextEquiv>
                </Word>
                <Word id="r_2986_tl_2_w3" custom="readingOrder {index:2;}">
                    <Coords points="1580,357 1580,417 1637,417 1637,357"/>
                    <TextEquiv>
                        <Unicode>nur</Unicode>
                    </TextEquiv>
                </Word>
                <Word id="r_2986_tl_2_w4" custom="readingOrder {index:3;}">
                    <Coords points="1670,360 1670,420 1897,420 1897,360"/>
                    <TextEquiv>
                        <Unicode>Gelegenheit</Unicode>
                    </TextEquiv>
                </Word>
                <Word id="r_2986_tl_2_w5" custom="readingOrder {index:4;}">
                    <Coords points="1919,358 1919,418 2024,418 2024,358"/>
                    <TextEquiv>
                        <Unicode>suchen</Unicode>
                    </TextEquiv>
                </Word>
                <Word id="r_2986_tl_2_w6" custom="readingOrder {index:5;}">
                    <Coords points="2056,355 2056,415 2182,415 2182,355"/>
                    <TextEquiv>
                        <Unicode>dörfte,</Unicode>
                    </TextEquiv>
                </Word>
                <Word id="r_2986_tl_2_w7" custom="readingOrder {index:6;}">
                    <Coords points="2214,357 2214,417 2314,417 2314,357"/>
                    <TextEquiv>
                        <Unicode>seinen</Unicode>
                    </TextEquiv>
                </Word>
                <TextEquiv>
                    <Unicode>zu erhalten, nur Gelegenheit suchen dörfte, seinen</Unicode>
                </TextEquiv>
            </TextLine>
            <TextLine id="r_2986_tl_3" custom="readingOrder {index:2;}">
                <Coords points="1318,451 2300,464 2330,412 1317,410"/>
                <Baseline points="1325,441 1370,444 1415,444 1459,444 1504,444 1549,447 1594,447 1639,447 1683,447 1728,447 1773,447 1818,450 1862,450 1907,450 1952,450 1997,447 2042,450 2086,447 2131,444 2176,444 2221,444 2266,444 2310,447 2334,447"/>
                <Word id="r_2986_tl_3_w1" custom="readingOrder {index:0;}">
                    <Coords points="1312,401 1312,461 1363,461 1363,401"/>
                    <TextEquiv>
                        <Unicode>des</Unicode>
                    </TextEquiv>
                </Word>
                <Word id="r_2986_tl_3_w2" custom="readingOrder {index:1;}">
                    <Coords points="1400,404 1400,464 1540,464 1540,404"/>
                    <TextEquiv>
                        <Unicode>Krieges</Unicode>
                    </TextEquiv>
                </Word>
                <Word id="r_2986_tl_3_w3" custom="readingOrder {index:2;}">
                    <Coords points="1582,407 1582,467 1773,467 1773,407"/>
                    <TextEquiv>
                        <Unicode>gewohnten</Unicode>
                    </TextEquiv>
                </Word>
                <Word id="r_2986_tl_3_w4" custom="readingOrder {index:3;}">
                    <Coords points="1816,410 1816,470 1981,470 1981,410"/>
                    <TextEquiv>
                        <Unicode>Soldaten</Unicode>
                    </TextEquiv>
                </Word>
                <Word id="r_2986_tl_3_w5" custom="readingOrder {index:4;}">
                    <Coords points="2029,404 2029,464 2252,464 2252,404"/>
                    <TextEquiv>
                        <Unicode>anderwärtig</Unicode>
                    </TextEquiv>
                </Word>
                <Word id="r_2986_tl_3_w6" custom="readingOrder {index:5;}">
                    <Coords points="2289,406 2289,466 2319,466 2319,406"/>
                    <TextEquiv>
                        <Unicode>zu</Unicode>
                    </TextEquiv>
                </Word>
                <TextEquiv>
                    <Unicode>des Krieges gewohnten Soldaten anderwärtig zu</Unicode>
                </TextEquiv>
            </TextLine>
            <TextLine id="r_2986_tl_4" custom="readingOrder {index:3;}">
                <Coords points="1318,508 2329,506 2329,461 2231,451 1673,483 1318,451"/>
                <Baseline points="1325,495 1370,495 1415,495 1459,498 1504,495 1549,495 1594,495 1639,495 1683,495 1689,495 1707,495 1752,495 1797,498 1842,498 1886,498 1931,498 1976,498 2021,498 2065,498 2110,498 2155,495 2200,495 2245,492 2289,492 2331,495"/>
                <Word id="r_2986_tl_4_w1" custom="readingOrder {index:0;}">
                    <Coords points="1319,455 1319,515 1440,515 1440,455"/>
                    <TextEquiv>
                        <Unicode>schaffen</Unicode>
                    </TextEquiv>
                </Word>
                <Word id="r_2986_tl_4_w2" custom="readingOrder {index:1;}">
                    <Coords points="1469,456 1469,516 1497,516 1497,456"/>
                    <TextEquiv>
                        <Unicode>zu</Unicode>
                    </TextEquiv>
                </Word>
                <Word id="r_2986_tl_4_w3" custom="readingOrder {index:2;}">
                    <Coords points="1522,455 1522,515 1642,515 1642,455"/>
                    <TextEquiv>
                        <Unicode>geben.</Unicode>
                    </TextEquiv>
                </Word>
                <Word id="r_2986_tl_4_w4" custom="readingOrder {index:3;}">
                    <Coords points="1706,455 1706,515 1758,515 1758,455"/>
                    <TextEquiv>
                        <Unicode>Es</Unicode>
                    </TextEquiv>
                </Word>
                <Word id="r_2986_tl_4_w5" custom="readingOrder {index:4;}">
                    <Coords points="1782,458 1782,518 1880,518 1880,458"/>
                    <TextEquiv>
                        <Unicode>haben</Unicode>
                    </TextEquiv>
                </Word>
                <Word id="r_2986_tl_4_w6" custom="readingOrder {index:5;}">
                    <Coords points="1909,458 1909,518 1955,518 1955,458"/>
                    <TextEquiv>
                        <Unicode>sich</Unicode>
                    </TextEquiv>
                </Word>
                <Word id="r_2986_tl_4_w7" custom="readingOrder {index:6;}">
                    <Coords points="1985,458 1985,518 2036,518 2036,458"/>
                    <TextEquiv>
                        <Unicode>bey</Unicode>
                    </TextEquiv>
                </Word>
                <Word id="r_2986_tl_4_w8" custom="readingOrder {index:7;}">
                    <Coords points="2066,458 2066,518 2111,518 2111,458"/>
                    <TextEquiv>
                        <Unicode>der</Unicode>
                    </TextEquiv>
                </Word>
                <Word id="r_2986_tl_4_w9" custom="readingOrder {index:8;}">
                    <Coords points="2136,455 2136,515 2250,515 2250,455"/>
                    <TextEquiv>
                        <Unicode>Muße</Unicode>
                    </TextEquiv>
                </Word>
                <Word id="r_2986_tl_4_w10" custom="readingOrder {index:9;}">
                    <Coords points="2274,452 2274,512 2326,512 2326,452"/>
                    <TextEquiv>
                        <Unicode>der</Unicode>
                    </TextEquiv>
                </Word>
                <TextEquiv>
                    <Unicode>schaffen zu geben. Es haben sich bey der Muße der</Unicode>
                </TextEquiv>
            </TextLine>
            <TextLine id="r_2986_tl_5" custom="readingOrder {index:4;}">
                <Coords points="1312,554 2331,552 2331,506 2258,500 1312,512"/>
                <Baseline points="1319,543 1349,543 1394,543 1439,546 1483,546 1528,546 1573,546 1618,546 1662,549 1707,546 1752,549 1797,549 1842,549 1886,549 1931,549 1976,549 2021,549 2065,546 2110,549 2155,546 2200,546 2245,543 2289,540 2334,540"/>
                <Word id="r_2986_tl_5_w1" custom="readingOrder {index:0;}">
                    <Coords points="1317,503 1317,563 1435,563 1435,503"/>
                    <TextEquiv>
                        <Unicode>Armee</Unicode>
                    </TextEquiv>
                </Word>
                <Word id="r_2986_tl_5_w2" custom="readingOrder {index:1;}">
                    <Coords points="1461,506 1461,566 1580,566 1580,506"/>
                    <TextEquiv>
                        <Unicode>bereits</Unicode>
                    </TextEquiv>
                </Word>
                <Word id="r_2986_tl_5_w3" custom="readingOrder {index:2;}">
                    <Coords points="1611,507 1611,567 1673,567 1673,507"/>
                    <TextEquiv>
                        <Unicode>zwo</Unicode>
                    </TextEquiv>
                </Word>
                <Word id="r_2986_tl_5_w4" custom="readingOrder {index:3;}">
                    <Coords points="1704,509 1704,569 2190,569 2190,509"/>
                    <TextEquiv>
                        <Unicode>Zusammenverschwörungen</Unicode>
                    </TextEquiv>
                </Word>
                <Word id="r_2986_tl_5_w5" custom="readingOrder {index:4;}">
                    <Coords points="2227,501 2227,561 2319,561 2319,501"/>
                    <TextEquiv>
                        <Unicode>gegen</Unicode>
                    </TextEquiv>
                </Word>
                <TextEquiv>
                    <Unicode>Armee bereits zwo Zusammenverschwörungen gegen</Unicode>
                </TextEquiv>
            </TextLine>
            <TextLine id="r_2986_tl_6" custom="readingOrder {index:5;}">
                <Coords points="1318,613 2335,602 2335,550 1318,561"/>
                <Baseline points="1325,594 1352,597 1397,594 1442,597 1486,597 1531,597 1576,597 1621,597 1665,597 1710,597 1755,600 1800,597 1845,597 1889,600 1934,600 1979,597 2024,600 2068,597 2113,597 2158,597 2203,597 2248,591 2292,591 2337,591"/>
                <Word id="r_2986_tl_6_w1" custom="readingOrder {index:0;}">
                    <Coords points="1318,556 1318,616 1413,616 1413,556"/>
                    <TextEquiv>
                        <Unicode>diesen</Unicode>
                    </TextEquiv>
                </Word>
                <Word id="r_2986_tl_6_w2" custom="readingOrder {index:1;}">
                    <Coords points="1445,557 1445,617 1589,617 1589,557"/>
                    <TextEquiv>
                        <Unicode>Prinzen</Unicode>
                    </TextEquiv>
                </Word>
                <Word id="r_2986_tl_6_w3" custom="readingOrder {index:2;}">
                    <Coords points="1616,557 1616,617 1811,617 1811,557"/>
                    <TextEquiv>
                        <Unicode>angezettelt</Unicode>
                    </TextEquiv>
                </Word>
                <Word id="r_2986_tl_6_w4" custom="readingOrder {index:3;}">
                    <Coords points="1829,560 1829,620 1971,620 1971,560"/>
                    <TextEquiv>
                        <Unicode>gehabt,</Unicode>
                    </TextEquiv>
                </Word>
                <Word id="r_2986_tl_6_w5" custom="readingOrder {index:4;}">
                    <Coords points="1998,559 1998,619 2045,619 2045,559"/>
                    <TextEquiv>
                        <Unicode>die</Unicode>
                    </TextEquiv>
                </Word>
                <Word id="r_2986_tl_6_w6" custom="readingOrder {index:5;}">
                    <Coords points="2067,557 2067,617 2094,617 2094,557"/>
                    <TextEquiv>
                        <Unicode>er</Unicode>
                    </TextEquiv>
                </Word>
                <Word id="r_2986_tl_6_w7" custom="readingOrder {index:6;}">
                    <Coords points="2116,557 2116,617 2216,617 2216,557"/>
                    <TextEquiv>
                        <Unicode>jedoch</Unicode>
                    </TextEquiv>
                </Word>
                <Word id="r_2986_tl_6_w8" custom="readingOrder {index:7;}">
                    <Coords points="2254,551 2254,611 2322,611 2322,551"/>
                    <TextEquiv>
                        <Unicode>noch</Unicode>
                    </TextEquiv>
                </Word>
                <TextEquiv>
                    <Unicode>diesen Prinzen angezettelt gehabt, die er jedoch noch</Unicode>
                </TextEquiv>
            </TextLine>
            <TextLine id="r_2986_tl_7" custom="readingOrder {index:6;}">
                <Coords points="1320,664 2337,662 2335,601 1318,613"/>
                <Baseline points="1325,641 1370,644 1415,641 1459,644 1504,644 1549,644 1594,647 1639,647 1683,647 1728,647 1773,647 1818,647 1862,647 1907,650 1952,647 1997,647 2042,647 2086,647 2131,647 2176,647 2221,644 2266,641 2310,641 2337,641"/>
                <Word id="r_2986_tl_7_w1" custom="readingOrder {index:0;}">
                    <Coords points="1318,603 1318,663 1410,663 1410,603"/>
                    <TextEquiv>
                        <Unicode>durch</Unicode>
                    </TextEquiv>
                </Word>
                <Word id="r_2986_tl_7_w2" custom="readingOrder {index:1;}">
                    <Coords points="1437,604 1437,664 1486,664 1486,604"/>
                    <TextEquiv>
                        <Unicode>die</Unicode>
                    </TextEquiv>
                </Word>
                <Word id="r_2986_tl_7_w3" custom="readingOrder {index:2;}">
                    <Coords points="1514,607 1514,667 1731,667 1731,607"/>
                    <TextEquiv>
                        <Unicode>Hinrichtung</Unicode>
                    </TextEquiv>
                </Word>
                <Word id="r_2986_tl_7_w4" custom="readingOrder {index:3;}">
                    <Coords points="1759,607 1759,667 1807,667 1807,607"/>
                    <TextEquiv>
                        <Unicode>der</Unicode>
                    </TextEquiv>
                </Word>
                <Word id="r_2986_tl_7_w5" custom="readingOrder {index:4;}">
                    <Coords points="1835,608 1835,668 1948,668 1948,608"/>
                    <TextEquiv>
                        <Unicode>beyden</Unicode>
                    </TextEquiv>
                </Word>
                <Word id="r_2986_tl_7_w6" custom="readingOrder {index:5;}">
                    <Coords points="1987,607 1987,667 2210,667 2210,607"/>
                    <TextEquiv>
                        <Unicode>vornehmsten</Unicode>
                    </TextEquiv>
                </Word>
                <Word id="r_2986_tl_7_w7" custom="readingOrder {index:6;}">
                    <Coords points="2243,601 2243,661 2340,661 2340,601"/>
                    <TextEquiv>
                        <Unicode>Stif¬</Unicode>
                    </TextEquiv>
                </Word>
                <TextEquiv>
                    <Unicode>durch die Hinrichtung der beyden vornehmsten Stif¬</Unicode>
                </TextEquiv>
            </TextLine>
            <TextLine id="r_2986_tl_8" custom="readingOrder {index:7;}">
                <Coords points="1318,709 2335,709 2335,661 2293,653 1318,657"/>
                <Baseline points="1325,692 1370,692 1415,692 1459,692 1504,695 1549,695 1594,695 1639,695 1683,695 1728,698 1773,695 1818,695 1862,698 1907,698 1952,695 1997,695 2042,698 2086,698 2131,695 2176,695 2221,695 2266,692 2310,692 2337,692"/>
                <Word id="r_2986_tl_8_w1" custom="readingOrder {index:0;}">
                    <Coords points="1317,652 1317,712 1385,712 1385,652"/>
                    <TextEquiv>
                        <Unicode>ter,</Unicode>
                    </TextEquiv>
                </Word>
                <Word id="r_2986_tl_8_w2" custom="readingOrder {index:1;}">
                    <Coords points="1411,654 1411,714 1582,714 1582,654"/>
                    <TextEquiv>
                        <Unicode>worunter</Unicode>
                    </TextEquiv>
                </Word>
                <Word id="r_2986_tl_8_w3" custom="readingOrder {index:2;}">
                    <Coords points="1602,655 1602,715 1640,715 1640,655"/>
                    <TextEquiv>
                        <Unicode>ein</Unicode>
                    </TextEquiv>
                </Word>
                <Word id="r_2986_tl_8_w4" custom="readingOrder {index:3;}">
                    <Coords points="1671,657 1671,717 1769,717 1769,657"/>
                    <TextEquiv>
                        <Unicode>hoher</Unicode>
                    </TextEquiv>
                </Word>
                <Word id="r_2986_tl_8_w5" custom="readingOrder {index:4;}">
                    <Coords points="1794,658 1794,718 1945,718 1945,658"/>
                    <TextEquiv>
                        <Unicode>General</Unicode>
                    </TextEquiv>
                </Word>
                <Word id="r_2986_tl_8_w6" custom="readingOrder {index:5;}">
                    <Coords points="1966,655 1966,715 2024,715 2024,655"/>
                    <TextEquiv>
                        <Unicode>und</Unicode>
                    </TextEquiv>
                </Word>
                <Word id="r_2986_tl_8_w7" custom="readingOrder {index:6;}">
                    <Coords points="2054,658 2054,718 2103,718 2103,658"/>
                    <TextEquiv>
                        <Unicode>das</Unicode>
                    </TextEquiv>
                </Word>
                <Word id="r_2986_tl_8_w8" custom="readingOrder {index:7;}">
                    <Coords points="2133,655 2133,715 2250,715 2250,655"/>
                    <TextEquiv>
                        <Unicode>Haupt</Unicode>
                    </TextEquiv>
                </Word>
                <Word id="r_2986_tl_8_w9" custom="readingOrder {index:8;}">
                    <Coords points="2275,652 2275,712 2324,712 2324,652"/>
                    <TextEquiv>
                        <Unicode>der</Unicode>
                    </TextEquiv>
                </Word>
                <TextEquiv>
                    <Unicode>ter, worunter ein hoher General und das Haupt der</Unicode>
                </TextEquiv>
            </TextLine>
            <TextLine id="r_2986_tl_9" custom="readingOrder {index:8;}">
                <Coords points="1318,760 2335,756 2335,709 2253,701 1318,709"/>
                <Baseline points="1325,743 1370,743 1415,740 1459,743 1504,743 1549,746 1594,743 1639,746 1683,746 1728,746 1773,746 1818,746 1862,746 1907,749 1952,746 1997,746 2042,746 2086,746 2131,746 2176,746 2221,746 2266,746 2310,743 2337,743"/>
                <Word id="r_2986_tl_9_w1" custom="readingOrder {index:0;}">
                    <Coords points="1323,701 1323,761 1560,761 1560,701"/>
                    <TextEquiv>
                        <Unicode>Verschnittnen</Unicode>
                    </TextEquiv>
                </Word>
                <Word id="r_2986_tl_9_w2" custom="readingOrder {index:1;}">
                    <Coords points="1592,705 1592,765 1685,765 1685,705"/>
                    <TextEquiv>
                        <Unicode>war,</Unicode>
                    </TextEquiv>
                </Word>
                <Word id="r_2986_tl_9_w3" custom="readingOrder {index:2;}">
                    <Coords points="1712,706 1712,766 1737,766 1737,706"/>
                    <TextEquiv>
                        <Unicode>in</Unicode>
                    </TextEquiv>
                </Word>
                <Word id="r_2986_tl_9_w4" custom="readingOrder {index:3;}">
                    <Coords points="1764,706 1764,766 1815,766 1815,706"/>
                    <TextEquiv>
                        <Unicode>der</Unicode>
                    </TextEquiv>
                </Word>
                <Word id="r_2986_tl_9_w5" custom="readingOrder {index:4;}">
                    <Coords points="1841,708 1841,768 1975,768 1975,708"/>
                    <TextEquiv>
                        <Unicode>Geburt</Unicode>
                    </TextEquiv>
                </Word>
                <Word id="r_2986_tl_9_w6" custom="readingOrder {index:5;}">
                    <Coords points="1996,706 1996,766 2110,766 2110,706"/>
                    <TextEquiv>
                        <Unicode>erstickt</Unicode>
                    </TextEquiv>
                </Word>
                <Word id="r_2986_tl_9_w7" custom="readingOrder {index:6;}">
                    <Coords points="2132,706 2132,766 2203,766 2203,706"/>
                    <TextEquiv>
                        <Unicode>hat.</Unicode>
                    </TextEquiv>
                </Word>
                <Word id="r_2986_tl_9_w8" custom="readingOrder {index:7;}">
                    <Coords points="2240,705 2240,765 2312,765 2312,705"/>
                    <TextEquiv>
                        <Unicode>Zum</Unicode>
                    </TextEquiv>
                </Word>
                <TextEquiv>
                    <Unicode>Verschnittnen war, in der Geburt erstickt hat. Zum</Unicode>
                </TextEquiv>
            </TextLine>
            <TextLine id="r_2986_tl_10" custom="readingOrder {index:9;}">
                <Coords points="1321,817 2338,805 2318,751 1321,759"/>
                <Baseline points="1328,797 1355,794 1400,791 1444,794 1489,794 1534,794 1579,794 1624,794 1668,794 1713,794 1758,794 1803,797 1848,797 1892,797 1937,797 1982,794 2027,797 2071,794 2116,794 2161,794 2206,794 2251,794 2295,794 2340,791"/>
                <Word id="r_2986_tl_10_w1" custom="readingOrder {index:0;}">
                    <Coords points="1321,751 1321,811 1453,811 1453,751"/>
                    <TextEquiv>
                        <Unicode>größten</Unicode>
                    </TextEquiv>
                </Word>
                <Word id="r_2986_tl_10_w2" custom="readingOrder {index:1;}">
                    <Coords points="1485,754 1485,814 1674,814 1674,754"/>
                    <TextEquiv>
                        <Unicode>Vergnügen</Unicode>
                    </TextEquiv>
                </Word>
                <Word id="r_2986_tl_10_w3" custom="readingOrder {index:2;}">
                    <Coords points="1712,754 1712,814 1759,814 1759,754"/>
                    <TextEquiv>
                        <Unicode>der</Unicode>
                    </TextEquiv>
                </Word>
                <Word id="r_2986_tl_10_w4" custom="readingOrder {index:3;}">
                    <Coords points="1786,757 1786,817 1908,817 1908,757"/>
                    <TextEquiv>
                        <Unicode>Pforte</Unicode>
                    </TextEquiv>
                </Word>
                <Word id="r_2986_tl_10_w5" custom="readingOrder {index:4;}">
                    <Coords points="1929,755 1929,815 1987,815 1987,755"/>
                    <TextEquiv>
                        <Unicode>sind</Unicode>
                    </TextEquiv>
                </Word>
                <Word id="r_2986_tl_10_w6" custom="readingOrder {index:5;}">
                    <Coords points="2014,756 2014,816 2061,816 2061,756"/>
                    <TextEquiv>
                        <Unicode>die</Unicode>
                    </TextEquiv>
                </Word>
                <Word id="r_2986_tl_10_w7" custom="readingOrder {index:6;}">
                    <Coords points="2077,754 2077,814 2251,814 2251,754"/>
                    <TextEquiv>
                        <Unicode>Unruhen,</Unicode>
                    </TextEquiv>
                </Word>
                <Word id="r_2986_tl_10_w8" custom="readingOrder {index:7;}">
                    <Coords points="2262,753 2262,813 2336,813 2336,753"/>
                    <TextEquiv>
                        <Unicode>wel¬</Unicode>
                    </TextEquiv>
                </Word>
                <TextEquiv>
                    <Unicode>größten Vergnügen der Pforte sind die Unruhen, wel¬</Unicode>
                </TextEquiv>
            </TextLine>
            <TextLine id="r_2986_tl_11" custom="readingOrder {index:10;}">
                <Coords points="1318,851 2337,847 2337,805 2291,799 1318,818"/>
                <Baseline points="1325,841 1355,841 1400,841 1444,841 1489,841 1534,841 1579,844 1624,841 1668,841 1713,844 1758,844 1803,847 1848,844 1892,844 1937,844 1982,844 2027,844 2071,844 2116,844 2161,841 2206,844 2251,844 2295,841 2340,838"/>
                <Word id="r_2986_tl_11_w1" custom="readingOrder {index:0;}">
                    <Coords points="1318,801 1318,861 1369,861 1369,801"/>
                    <TextEquiv>
                        <Unicode>che</Unicode>
                    </TextEquiv>
                </Word>
                <Word id="r_2986_tl_11_w2" custom="readingOrder {index:1;}">
                    <Coords points="1390,801 1390,861 1503,861 1503,801"/>
                    <TextEquiv>
                        <Unicode>bisher</Unicode>
                    </TextEquiv>
                </Word>
                <Word id="r_2986_tl_11_w3" custom="readingOrder {index:2;}">
                    <Coords points="1524,801 1524,861 1549,861 1549,801"/>
                    <TextEquiv>
                        <Unicode>in</Unicode>
                    </TextEquiv>
                </Word>
                <Word id="r_2986_tl_11_w4" custom="readingOrder {index:3;}">
                    <Coords points="1581,802 1581,862 1632,862 1632,802"/>
                    <TextEquiv>
                        <Unicode>den</Unicode>
                    </TextEquiv>
                </Word>
                <Word id="r_2986_tl_11_w5" custom="readingOrder {index:4;}">
                    <Coords points="1669,804 1669,864 1798,864 1798,804"/>
                    <TextEquiv>
                        <Unicode>Theilen</Unicode>
                    </TextEquiv>
                </Word>
                <Word id="r_2986_tl_11_w6" custom="readingOrder {index:5;}">
                    <Coords points="1829,804 1829,864 1916,864 1916,804"/>
                    <TextEquiv>
                        <Unicode>ihres</Unicode>
                    </TextEquiv>
                </Word>
                <Word id="r_2986_tl_11_w7" custom="readingOrder {index:6;}">
                    <Coords points="1943,804 1943,864 2082,864 2082,804"/>
                    <TextEquiv>
                        <Unicode>Gebiets</Unicode>
                    </TextEquiv>
                </Word>
                <Word id="r_2986_tl_11_w8" custom="readingOrder {index:7;}">
                    <Coords points="2114,802 2114,862 2159,862 2159,802"/>
                    <TextEquiv>
                        <Unicode>die</Unicode>
                    </TextEquiv>
                </Word>
                <Word id="r_2986_tl_11_w9" custom="readingOrder {index:8;}">
                    <Coords points="2186,803 2186,863 2221,863 2221,803"/>
                    <TextEquiv>
                        <Unicode>an</Unicode>
                    </TextEquiv>
                </Word>
                <Word id="r_2986_tl_11_w10" custom="readingOrder {index:9;}">
                    <Coords points="2248,801 2248,861 2335,861 2335,801"/>
                    <TextEquiv>
                        <Unicode>Per¬</Unicode>
                    </TextEquiv>
                </Word>
                <TextEquiv>
                    <Unicode>che bisher in den Theilen ihres Gebiets die an Per¬</Unicode>
                </TextEquiv>
            </TextLine>
            <TextLine id="r_2986_tl_12" custom="readingOrder {index:11;}">
                <Coords points="1333,906 2343,903 2343,863 2237,848 1333,856"/>
                <Baseline points="1340,892 1385,892 1430,892 1474,892 1519,892 1564,892 1609,892 1653,892 1698,895 1743,895 1788,895 1833,895 1877,895 1922,895 1967,895 2012,895 2057,895 2101,892 2146,892 2191,892 2236,892 2280,892 2325,892 2346,892"/>
                <Word id="r_2986_tl_12_w1" custom="readingOrder {index:0;}">
                    <Coords points="1328,852 1328,912 1380,912 1380,852"/>
                    <TextEquiv>
                        <Unicode>sien</Unicode>
                    </TextEquiv>
                </Word>
                <Word id="r_2986_tl_12_w2" custom="readingOrder {index:1;}">
                    <Coords points="1407,852 1407,912 1570,912 1570,852"/>
                    <TextEquiv>
                        <Unicode>gränzen,</Unicode>
                    </TextEquiv>
                </Word>
                <Word id="r_2986_tl_12_w3" custom="readingOrder {index:2;}">
                    <Coords points="1597,852 1597,912 1659,912 1659,852"/>
                    <TextEquiv>
                        <Unicode>und</Unicode>
                    </TextEquiv>
                </Word>
                <Word id="r_2986_tl_12_w4" custom="readingOrder {index:3;}">
                    <Coords points="1686,855 1686,915 1908,915 1908,855"/>
                    <TextEquiv>
                        <Unicode>insonderheit</Unicode>
                    </TextEquiv>
                </Word>
                <Word id="r_2986_tl_12_w5" custom="readingOrder {index:4;}">
                    <Coords points="1930,855 1930,915 1950,915 1950,855"/>
                    <TextEquiv>
                        <Unicode>in</Unicode>
                    </TextEquiv>
                </Word>
                <Word id="r_2986_tl_12_w6" custom="readingOrder {index:5;}">
                    <Coords points="1983,855 1983,915 2029,915 2029,855"/>
                    <TextEquiv>
                        <Unicode>der</Unicode>
                    </TextEquiv>
                </Word>
                <Word id="r_2986_tl_12_w7" custom="readingOrder {index:6;}">
                    <Coords points="2056,852 2056,912 2193,912 2193,852"/>
                    <TextEquiv>
                        <Unicode>Gegend</Unicode>
                    </TextEquiv>
                </Word>
                <Word id="r_2986_tl_12_w8" custom="readingOrder {index:7;}">
                    <Coords points="2215,852 2215,912 2335,912 2335,852"/>
                    <TextEquiv>
                        <Unicode>Baby¬</Unicode>
                    </TextEquiv>
                </Word>
                <TextEquiv>
                    <Unicode>sien gränzen, und insonderheit in der Gegend Baby¬</Unicode>
                </TextEquiv>
            </TextLine>
            <TextLine id="r_2986_tl_13" custom="readingOrder {index:12;}">
                <Coords points="1327,951 2338,949 2338,910 2294,902 1327,907"/>
                <Baseline points="1334,940 1379,940 1424,943 1468,943 1513,943 1558,943 1603,943 1648,943 1692,943 1737,946 1782,943 1827,946 1871,946 1916,943 1961,943 2006,943 2051,946 2095,946 2140,943 2185,943 2230,943 2274,943 2319,940 2340,940"/>
                <Word id="r_2986_tl_13_w1" custom="readingOrder {index:0;}">
                    <Coords points="1322,900 1322,960 1366,960 1366,900"/>
                    <TextEquiv>
                        <Unicode>lon</Unicode>
                    </TextEquiv>
                </Word>
                <Word id="r_2986_tl_13_w2" custom="readingOrder {index:1;}">
                    <Coords points="1402,903 1402,963 1472,963 1472,903"/>
                    <TextEquiv>
                        <Unicode>oder</Unicode>
                    </TextEquiv>
                </Word>
                <Word id="r_2986_tl_13_w3" custom="readingOrder {index:2;}">
                    <Coords points="1498,903 1498,963 1639,963 1639,903"/>
                    <TextEquiv>
                        <Unicode>Bagdad</Unicode>
                    </TextEquiv>
                </Word>
                <Word id="r_2986_tl_13_w4" custom="readingOrder {index:3;}">
                    <Coords points="1665,903 1665,963 1887,963 1887,903"/>
                    <TextEquiv>
                        <Unicode>herrscheten,</Unicode>
                    </TextEquiv>
                </Word>
                <Word id="r_2986_tl_13_w5" custom="readingOrder {index:4;}">
                    <Coords points="1918,903 1918,963 1978,963 1978,903"/>
                    <TextEquiv>
                        <Unicode>und</Unicode>
                    </TextEquiv>
                </Word>
                <Word id="r_2986_tl_13_w6" custom="readingOrder {index:5;}">
                    <Coords points="2008,906 2008,966 2119,966 2119,906"/>
                    <TextEquiv>
                        <Unicode>welche</Unicode>
                    </TextEquiv>
                </Word>
                <Word id="r_2986_tl_13_w7" custom="readingOrder {index:6;}">
                    <Coords points="2140,903 2140,963 2195,963 2195,903"/>
                    <TextEquiv>
                        <Unicode>bey</Unicode>
                    </TextEquiv>
                </Word>
                <Word id="r_2986_tl_13_w8" custom="readingOrder {index:7;}">
                    <Coords points="2226,903 2226,963 2311,963 2311,903"/>
                    <TextEquiv>
                        <Unicode>einem</Unicode>
                    </TextEquiv>
                </Word>
                <TextEquiv>
                    <Unicode>lon oder Bagdad herrscheten, und welche bey einem</Unicode>
                </TextEquiv>
            </TextLine>
            <TextLine id="r_2986_tl_14" custom="readingOrder {index:13;}">
                <Coords points="1318,995 2342,1009 2342,961 2291,951 1318,961"/>
                <Baseline points="1325,988 1370,988 1415,991 1459,991 1504,991 1549,991 1594,991 1639,991 1683,991 1728,991 1773,991 1818,991 1862,994 1907,994 1952,991 1997,991 2042,994 2086,994 2131,994 2176,994 2221,994 2266,994 2310,991 2343,991"/>
                <Word id="r_2986_tl_14_w1" custom="readingOrder {index:0;}">
                    <Coords points="1324,948 1324,1008 1442,1008 1442,948"/>
                    <TextEquiv>
                        <Unicode>Kriege</Unicode>
                    </TextEquiv>
                </Word>
                <Word id="r_2986_tl_14_w2" custom="readingOrder {index:1;}">
                    <Coords points="1470,951 1470,1011 1534,1011 1534,951"/>
                    <TextEquiv>
                        <Unicode>mit</Unicode>
                    </TextEquiv>
                </Word>
                <Word id="r_2986_tl_14_w3" custom="readingOrder {index:2;}">
                    <Coords points="1551,951 1551,1011 1680,1011 1680,951"/>
                    <TextEquiv>
                        <Unicode>Persien</Unicode>
                    </TextEquiv>
                </Word>
                <Word id="r_2986_tl_14_w4" custom="readingOrder {index:3;}">
                    <Coords points="1719,951 1719,1011 1767,1011 1767,951"/>
                    <TextEquiv>
                        <Unicode>die</Unicode>
                    </TextEquiv>
                </Word>
                <Word id="r_2986_tl_14_w5" custom="readingOrder {index:4;}">
                    <Coords points="1794,953 1794,1013 2032,1013 2032,953"/>
                    <TextEquiv>
                        <Unicode>gefährlichsten</Unicode>
                    </TextEquiv>
                </Word>
                <Word id="r_2986_tl_14_w6" custom="readingOrder {index:5;}">
                    <Coords points="2065,954 2065,1014 2178,1014 2178,954"/>
                    <TextEquiv>
                        <Unicode>Folgen</Unicode>
                    </TextEquiv>
                </Word>
                <Word id="r_2986_tl_14_w7" custom="readingOrder {index:6;}">
                    <Coords points="2216,953 2216,1013 2324,1013 2324,953"/>
                    <TextEquiv>
                        <Unicode>hätten</Unicode>
                    </TextEquiv>
                </Word>
                <TextEquiv>
                    <Unicode>Kriege mit Persien die gefährlichsten Folgen hätten</Unicode>
                </TextEquiv>
            </TextLine>
            <TextLine id="r_2986_tl_15" custom="readingOrder {index:14;}">
                <Coords points="1325,1049 2342,1053 2340,1009 2277,1001 1324,996"/>
                <Baseline points="1331,1035 1376,1035 1421,1038 1465,1038 1510,1038 1555,1038 1600,1038 1645,1038 1689,1038 1734,1038 1779,1041 1824,1041 1868,1041 1913,1038 1958,1038 2003,1038 2048,1038 2092,1041 2137,1041 2182,1041 2227,1041 2271,1041 2316,1041 2343,1038"/>
                <Word id="r_2986_tl_15_w1" custom="readingOrder {index:0;}">
                    <Coords points="1324,995 1324,1055 1424,1055 1424,995"/>
                    <TextEquiv>
                        <Unicode>haben</Unicode>
                    </TextEquiv>
                </Word>
                <Word id="r_2986_tl_15_w2" custom="readingOrder {index:1;}">
                    <Coords points="1465,998 1465,1058 1617,1058 1617,998"/>
                    <TextEquiv>
                        <Unicode>können,</Unicode>
                    </TextEquiv>
                </Word>
                <Word id="r_2986_tl_15_w3" custom="readingOrder {index:2;}">
                    <Coords points="1642,998 1642,1058 1819,1058 1819,998"/>
                    <TextEquiv>
                        <Unicode>glücklichst</Unicode>
                    </TextEquiv>
                </Word>
                <Word id="r_2986_tl_15_w4" custom="readingOrder {index:3;}">
                    <Coords points="1850,998 1850,1058 1986,1058 1986,998"/>
                    <TextEquiv>
                        <Unicode>gestillet</Unicode>
                    </TextEquiv>
                </Word>
                <Word id="r_2986_tl_15_w5" custom="readingOrder {index:4;}">
                    <Coords points="2012,1001 2012,1061 2173,1061 2173,1001"/>
                    <TextEquiv>
                        <Unicode>worden;</Unicode>
                    </TextEquiv>
                </Word>
                <Word id="r_2986_tl_15_w6" custom="readingOrder {index:5;}">
                    <Coords points="2215,1001 2215,1061 2249,1061 2249,1001"/>
                    <TextEquiv>
                        <Unicode>da</Unicode>
                    </TextEquiv>
                </Word>
                <Word id="r_2986_tl_15_w7" custom="readingOrder {index:6;}">
                    <Coords points="2285,1001 2285,1061 2335,1061 2335,1001"/>
                    <TextEquiv>
                        <Unicode>der</Unicode>
                    </TextEquiv>
                </Word>
                <TextEquiv>
                    <Unicode>haben können, glücklichst gestillet worden; da der</Unicode>
                </TextEquiv>
            </TextLine>
            <TextLine id="r_2986_tl_16" custom="readingOrder {index:15;}">
                <Coords points="1333,1098 2340,1102 2340,1053 2272,1046 1333,1054"/>
                <Baseline points="1340,1083 1385,1083 1430,1086 1474,1086 1519,1086 1564,1086 1609,1086 1653,1089 1698,1089 1743,1089 1788,1089 1833,1089 1877,1086 1922,1089 1967,1086 2012,1086 2057,1086 2101,1086 2146,1089 2191,1086 2236,1086 2280,1089 2325,1086 2343,1086"/>
                <Word id="r_2986_tl_16_w1" custom="readingOrder {index:0;}">
                    <Coords points="1332,1045 1332,1105 1503,1105 1503,1045"/>
                    <TextEquiv>
                        <Unicode>Großherr</Unicode>
                    </TextEquiv>
                </Word>
                <Word id="r_2986_tl_16_w2" custom="readingOrder {index:1;}">
                    <Coords points="1524,1046 1524,1106 1572,1106 1572,1046"/>
                    <TextEquiv>
                        <Unicode>den</Unicode>
                    </TextEquiv>
                </Word>
                <Word id="r_2986_tl_16_w3" custom="readingOrder {index:2;}">
                    <Coords points="1602,1049 1602,1109 1710,1109 1710,1049"/>
                    <TextEquiv>
                        <Unicode>Omar</Unicode>
                    </TextEquiv>
                </Word>
                <Word id="r_2986_tl_16_w4" custom="readingOrder {index:3;}">
                    <Coords points="1735,1049 1735,1109 1862,1109 1862,1049"/>
                    <TextEquiv>
                        <Unicode>Kiaja,</Unicode>
                    </TextEquiv>
                </Word>
                <Word id="r_2986_tl_16_w5" custom="readingOrder {index:4;}">
                    <Coords points="1888,1047 1888,1107 2015,1107 2015,1047"/>
                    <TextEquiv>
                        <Unicode>welchen</Unicode>
                    </TextEquiv>
                </Word>
                <Word id="r_2986_tl_16_w6" custom="readingOrder {index:5;}">
                    <Coords points="2054,1046 2054,1106 2103,1106 2103,1046"/>
                    <TextEquiv>
                        <Unicode>die</Unicode>
                    </TextEquiv>
                </Word>
                <Word id="r_2986_tl_16_w7" custom="readingOrder {index:6;}">
                    <Coords points="2128,1046 2128,1106 2329,1106 2329,1046"/>
                    <TextEquiv>
                        <Unicode>Einwohner</Unicode>
                    </TextEquiv>
                </Word>
                <TextEquiv>
                    <Unicode>Großherr den Omar Kiaja, welchen die Einwohner</Unicode>
                </TextEquiv>
            </TextLine>
            <TextLine id="r_2986_tl_17" custom="readingOrder {index:16;}">
                <Coords points="1324,1156 2340,1147 2325,1094 1324,1108"/>
                <Baseline points="1331,1140 1358,1137 1403,1134 1447,1137 1492,1137 1537,1134 1582,1134 1627,1134 1671,1137 1716,1137 1761,1137 1806,1137 1851,1137 1895,1137 1940,1137 1985,1137 2030,1134 2074,1134 2119,1134 2164,1134 2209,1134 2254,1134 2298,1137 2343,1134"/>
                <Word id="r_2986_tl_17_w1" custom="readingOrder {index:0;}">
                    <Coords points="1329,1098 1329,1158 1354,1158 1354,1098"/>
                    <TextEquiv>
                        <Unicode>zu</Unicode>
                    </TextEquiv>
                </Word>
                <Word id="r_2986_tl_17_w2" custom="readingOrder {index:1;}">
                    <Coords points="1386,1097 1386,1157 1545,1157 1545,1097"/>
                    <TextEquiv>
                        <Unicode>gedachtem</Unicode>
                    </TextEquiv>
                </Word>
                <Word id="r_2986_tl_17_w3" custom="readingOrder {index:2;}">
                    <Coords points="1598,1097 1598,1157 1773,1157 1773,1097"/>
                    <TextEquiv>
                        <Unicode>Bagdad,</Unicode>
                    </TextEquiv>
                </Word>
                <Word id="r_2986_tl_17_w4" custom="readingOrder {index:3;}">
                    <Coords points="1805,1097 1805,1157 1945,1157 1945,1097"/>
                    <TextEquiv>
                        <Unicode>nachdem</Unicode>
                    </TextEquiv>
                </Word>
                <Word id="r_2986_tl_17_w5" custom="readingOrder {index:4;}">
                    <Coords points="1992,1095 1992,1155 2027,1155 2027,1095"/>
                    <TextEquiv>
                        <Unicode>sie</Unicode>
                    </TextEquiv>
                </Word>
                <Word id="r_2986_tl_17_w6" custom="readingOrder {index:5;}">
                    <Coords points="2059,1094 2059,1154 2111,1154 2111,1094"/>
                    <TextEquiv>
                        <Unicode>den</Unicode>
                    </TextEquiv>
                </Word>
                <Word id="r_2986_tl_17_w7" custom="readingOrder {index:6;}">
                    <Coords points="2147,1094 2147,1154 2204,1154 2204,1094"/>
                    <TextEquiv>
                        <Unicode>Ali</Unicode>
                    </TextEquiv>
                </Word>
                <Word id="r_2986_tl_17_w8" custom="readingOrder {index:7;}">
                    <Coords points="2230,1095 2230,1155 2333,1155 2333,1095"/>
                    <TextEquiv>
                        <Unicode>Bassa</Unicode>
                    </TextEquiv>
                </Word>
                <TextEquiv>
                    <Unicode>zu gedachtem Bagdad, nachdem sie den Ali Bassa</Unicode>
                </TextEquiv>
            </TextLine>
            <TextLine id="r_2986_tl_18" custom="readingOrder {index:17;}">
                <Coords points="1330,1193 2340,1192 2340,1153 2246,1142 1330,1159"/>
                <Baseline points="1337,1182 1382,1182 1427,1182 1471,1185 1516,1185 1561,1182 1606,1185 1650,1185 1695,1188 1740,1188 1785,1188 1830,1188 1874,1188 1919,1188 1964,1185 2009,1185 2054,1185 2098,1185 2143,1185 2188,1185 2233,1182 2277,1185 2322,1182 2343,1182"/>
                <Word id="r_2986_tl_18_w1" custom="readingOrder {index:0;}">
                    <Coords points="1325,1142 1325,1202 1510,1202 1510,1142"/>
                    <TextEquiv>
                        <Unicode>ermordet,</Unicode>
                    </TextEquiv>
                </Word>
                <Word id="r_2986_tl_18_w2" custom="readingOrder {index:1;}">
                    <Coords points="1552,1143 1552,1203 1609,1203 1609,1143"/>
                    <TextEquiv>
                        <Unicode>zum</Unicode>
                    </TextEquiv>
                </Word>
                <Word id="r_2986_tl_18_w3" custom="readingOrder {index:2;}">
                    <Coords points="1661,1148 1661,1208 1877,1208 1877,1148"/>
                    <TextEquiv>
                        <Unicode>Stadthalter</Unicode>
                    </TextEquiv>
                </Word>
                <Word id="r_2986_tl_18_w4" custom="readingOrder {index:3;}">
                    <Coords points="1904,1147 1904,1207 1940,1207 1940,1147"/>
                    <TextEquiv>
                        <Unicode>an</Unicode>
                    </TextEquiv>
                </Word>
                <Word id="r_2986_tl_18_w5" custom="readingOrder {index:4;}">
                    <Coords points="1976,1145 1976,1205 2033,1205 2033,1145"/>
                    <TextEquiv>
                        <Unicode>des</Unicode>
                    </TextEquiv>
                </Word>
                <Word id="r_2986_tl_18_w6" custom="readingOrder {index:5;}">
                    <Coords points="2064,1145 2064,1205 2183,1205 2183,1145"/>
                    <TextEquiv>
                        <Unicode>letztern</Unicode>
                    </TextEquiv>
                </Word>
                <Word id="r_2986_tl_18_w7" custom="readingOrder {index:6;}">
                    <Coords points="2220,1144 2220,1204 2333,1204 2333,1144"/>
                    <TextEquiv>
                        <Unicode>Stelle</Unicode>
                    </TextEquiv>
                </Word>
                <TextEquiv>
                    <Unicode>ermordet, zum Stadthalter an des letztern Stelle</Unicode>
                </TextEquiv>
            </TextLine>
            <TextLine id="r_2986_tl_19" custom="readingOrder {index:18;}">
                <Coords points="1327,1241 2351,1242 2337,1193 1327,1200"/>
                <Baseline points="1334,1230 1379,1233 1424,1233 1468,1236 1513,1236 1558,1236 1603,1236 1648,1236 1692,1238 1737,1238 1782,1238 1827,1238 1871,1238 1916,1236 1961,1238 2006,1238 2051,1236 2095,1236 2140,1236 2185,1236 2230,1233 2274,1233 2319,1233 2352,1230"/>
                <Word id="r_2986_tl_19_w1" custom="readingOrder {index:0;}">
                    <Coords points="1328,1193 1328,1253 1489,1253 1489,1193"/>
                    <TextEquiv>
                        <Unicode>eingesetzt</Unicode>
                    </TextEquiv>
                </Word>
                <Word id="r_2986_tl_19_w2" custom="readingOrder {index:1;}">
                    <Coords points="1507,1196 1507,1256 1635,1256 1635,1196"/>
                    <TextEquiv>
                        <Unicode>hatten,</Unicode>
                    </TextEquiv>
                </Word>
                <Word id="r_2986_tl_19_w3" custom="readingOrder {index:2;}">
                    <Coords points="1664,1198 1664,1258 1737,1258 1737,1198"/>
                    <TextEquiv>
                        <Unicode>dazu</Unicode>
                    </TextEquiv>
                </Word>
                <Word id="r_2986_tl_19_w4" custom="readingOrder {index:3;}">
                    <Coords points="1765,1198 1765,1258 1944,1258 1944,1198"/>
                    <TextEquiv>
                        <Unicode>bestätigt,</Unicode>
                    </TextEquiv>
                </Word>
                <Word id="r_2986_tl_19_w5" custom="readingOrder {index:4;}">
                    <Coords points="1968,1198 1968,1258 1995,1258 1995,1198"/>
                    <TextEquiv>
                        <Unicode>so</Unicode>
                    </TextEquiv>
                </Word>
                <Word id="r_2986_tl_19_w6" custom="readingOrder {index:5;}">
                    <Coords points="2018,1196 2018,1256 2073,1256 2073,1196"/>
                    <TextEquiv>
                        <Unicode>hat</Unicode>
                    </TextEquiv>
                </Word>
                <Word id="r_2986_tl_19_w7" custom="readingOrder {index:6;}">
                    <Coords points="2096,1196 2096,1256 2191,1256 2191,1196"/>
                    <TextEquiv>
                        <Unicode>dieses</Unicode>
                    </TextEquiv>
                </Word>
                <Word id="r_2986_tl_19_w8" custom="readingOrder {index:7;}">
                    <Coords points="2220,1193 2220,1253 2348,1253 2348,1193"/>
                    <TextEquiv>
                        <Unicode>gedach¬</Unicode>
                    </TextEquiv>
                </Word>
                <TextEquiv>
                    <Unicode>eingesetzt hatten, dazu bestätigt, so hat dieses gedach¬</Unicode>
                </TextEquiv>
            </TextLine>
            <TextLine id="r_2986_tl_20" custom="readingOrder {index:19;}">
                <Coords points="1324,1303 2340,1293 2340,1251 2280,1238 1324,1248"/>
                <Baseline points="1331,1283 1376,1280 1421,1283 1465,1286 1510,1286 1555,1289 1600,1289 1645,1286 1689,1289 1734,1289 1779,1286 1824,1286 1868,1286 1913,1286 1958,1289 2003,1286 2048,1286 2092,1286 2137,1286 2182,1286 2227,1286 2271,1283 2316,1283 2343,1286"/>
                <Word id="r_2986_tl_20_w1" custom="readingOrder {index:0;}">
                    <Coords points="1325,1242 1325,1302 1352,1302 1352,1242"/>
                    <TextEquiv>
                        <Unicode>te</Unicode>
                    </TextEquiv>
                </Word>
                <Word id="r_2986_tl_20_w2" custom="readingOrder {index:1;}">
                    <Coords points="1380,1246 1380,1306 1584,1306 1584,1246"/>
                    <TextEquiv>
                        <Unicode>Einwohner</Unicode>
                    </TextEquiv>
                </Word>
                <Word id="r_2986_tl_20_w3" custom="readingOrder {index:2;}">
                    <Coords points="1607,1247 1607,1307 1634,1307 1634,1247"/>
                    <TextEquiv>
                        <Unicode>in</Unicode>
                    </TextEquiv>
                </Word>
                <Word id="r_2986_tl_20_w4" custom="readingOrder {index:3;}">
                    <Coords points="1662,1249 1662,1309 1750,1309 1750,1249"/>
                    <TextEquiv>
                        <Unicode>ihrer</Unicode>
                    </TextEquiv>
                </Word>
                <Word id="r_2986_tl_20_w5" custom="readingOrder {index:4;}">
                    <Coords points="1784,1246 1784,1306 1889,1306 1889,1246"/>
                    <TextEquiv>
                        <Unicode>Treue</Unicode>
                    </TextEquiv>
                </Word>
                <Word id="r_2986_tl_20_w6" custom="readingOrder {index:5;}">
                    <Coords points="1917,1248 1917,1308 2011,1308 2011,1248"/>
                    <TextEquiv>
                        <Unicode>gegen</Unicode>
                    </TextEquiv>
                </Word>
                <Word id="r_2986_tl_20_w7" custom="readingOrder {index:6;}">
                    <Coords points="2045,1246 2045,1306 2094,1306 2094,1246"/>
                    <TextEquiv>
                        <Unicode>die</Unicode>
                    </TextEquiv>
                </Word>
                <Word id="r_2986_tl_20_w8" custom="readingOrder {index:7;}">
                    <Coords points="2116,1246 2116,1306 2237,1306 2237,1246"/>
                    <TextEquiv>
                        <Unicode>Pforte</Unicode>
                    </TextEquiv>
                </Word>
                <Word id="r_2986_tl_20_w9" custom="readingOrder {index:8;}">
                    <Coords points="2266,1243 2266,1303 2332,1303 2332,1243"/>
                    <TextEquiv>
                        <Unicode>sehr</Unicode>
                    </TextEquiv>
                </Word>
                <TextEquiv>
                    <Unicode>te Einwohner in ihrer Treue gegen die Pforte sehr</Unicode>
                </TextEquiv>
            </TextLine>
            <TextLine id="r_2986_tl_21" custom="readingOrder {index:20;}">
                <Coords points="1324,1344 2340,1357 2340,1293 2000,1322 1589,1296 1527,1331 1324,1304"/>
                <Baseline points="1331,1334 1376,1337 1421,1337 1465,1337 1510,1340 1555,1340 1600,1340 1645,1340 1689,1337 1734,1337 1779,1337 1824,1337 1868,1337 1913,1340 1958,1340 2003,1337 2048,1340 2092,1340 2137,1340 2182,1337 2227,1337 2271,1334 2316,1334 2343,1340"/>
                <Word id="r_2986_tl_21_w1" custom="readingOrder {index:0;}">
                    <Coords points="1325,1297 1325,1357 1511,1357 1511,1297"/>
                    <TextEquiv>
                        <Unicode>befestiget.</Unicode>
                    </TextEquiv>
                </Word>
                <Word id="r_2986_tl_21_w2" custom="readingOrder {index:1;}">
                    <Coords points="1568,1298 1568,1358 1759,1358 1759,1298"/>
                    <TextEquiv>
                        <Unicode>Hiernächst</Unicode>
                    </TextEquiv>
                </Word>
                <Word id="r_2986_tl_21_w3" custom="readingOrder {index:2;}">
                    <Coords points="1788,1297 1788,1357 1868,1357 1868,1297"/>
                    <TextEquiv>
                        <Unicode>weiß</Unicode>
                    </TextEquiv>
                </Word>
                <Word id="r_2986_tl_21_w4" custom="readingOrder {index:3;}">
                    <Coords points="1902,1300 1902,1360 2003,1360 2003,1300"/>
                    <TextEquiv>
                        <Unicode>man,</Unicode>
                    </TextEquiv>
                </Word>
                <Word id="r_2986_tl_21_w5" custom="readingOrder {index:4;}">
                    <Coords points="2032,1300 2032,1360 2088,1360 2088,1300"/>
                    <TextEquiv>
                        <Unicode>daß</Unicode>
                    </TextEquiv>
                </Word>
                <Word id="r_2986_tl_21_w6" custom="readingOrder {index:5;}">
                    <Coords points="2123,1297 2123,1357 2325,1357 2325,1297"/>
                    <TextEquiv>
                        <Unicode>Mahmouth</Unicode>
                    </TextEquiv>
                </Word>
                <TextEquiv>
                    <Unicode>befestiget. Hiernächst weiß man, daß Mahmouth</Unicode>
                </TextEquiv>
            </TextLine>
            <TextLine id="r_2986_tl_22" custom="readingOrder {index:21;}">
                <Coords points="1333,1405 2343,1398 2343,1353 2254,1344 1333,1343"/>
                <Baseline points="1340,1388 1361,1388 1406,1388 1450,1388 1495,1388 1540,1388 1585,1388 1630,1388 1674,1388 1719,1388 1764,1388 1809,1388 1854,1388 1898,1388 1943,1388 1988,1388 2033,1388 2077,1388 2122,1385 2167,1385 2212,1385 2257,1385 2301,1385 2346,1385"/>
                <Word id="r_2986_tl_22_w1" custom="readingOrder {index:0;}">
                    <Coords points="1333,1348 1333,1408 1456,1408 1456,1348"/>
                    <TextEquiv>
                        <Unicode>Kiaja,</Unicode>
                    </TextEquiv>
                </Word>
                <Word id="r_2986_tl_22_w2" custom="readingOrder {index:1;}">
                    <Coords points="1477,1348 1477,1408 1709,1408 1709,1348"/>
                    <TextEquiv>
                        <Unicode>Gouverneur</Unicode>
                    </TextEquiv>
                </Word>
                <Word id="r_2986_tl_22_w3" custom="readingOrder {index:2;}">
                    <Coords points="1742,1348 1742,1408 1772,1408 1772,1348"/>
                    <TextEquiv>
                        <Unicode>zu</Unicode>
                    </TextEquiv>
                </Word>
                <Word id="r_2986_tl_22_w4" custom="readingOrder {index:3;}">
                    <Coords points="1798,1348 1798,1408 1969,1408 1969,1348"/>
                    <TextEquiv>
                        <Unicode>Bassora,</Unicode>
                    </TextEquiv>
                </Word>
                <Word id="r_2986_tl_22_w5" custom="readingOrder {index:4;}">
                    <Coords points="1995,1348 1995,1408 2129,1408 2129,1348"/>
                    <TextEquiv>
                        <Unicode>welcher</Unicode>
                    </TextEquiv>
                </Word>
                <Word id="r_2986_tl_22_w6" custom="readingOrder {index:5;}">
                    <Coords points="2161,1345 2161,1405 2212,1405 2212,1345"/>
                    <TextEquiv>
                        <Unicode>bey</Unicode>
                    </TextEquiv>
                </Word>
                <Word id="r_2986_tl_22_w7" custom="readingOrder {index:6;}">
                    <Coords points="2244,1345 2244,1405 2341,1405 2341,1345"/>
                    <TextEquiv>
                        <Unicode>Gele¬</Unicode>
                    </TextEquiv>
                </Word>
                <TextEquiv>
                    <Unicode>Kiaja, Gouverneur zu Bassora, welcher bey Gele¬</Unicode>
                </TextEquiv>
            </TextLine>
            <TextLine id="r_2986_tl_23" custom="readingOrder {index:22;}">
                <Coords points="1330,1458 2347,1449 2347,1391 1330,1406"/>
                <Baseline points="1337,1439 1364,1439 1409,1439 1453,1439 1498,1439 1543,1439 1588,1442 1633,1439 1677,1442 1722,1439 1767,1439 1812,1439 1857,1439 1901,1439 1946,1439 1991,1439 2036,1439 2080,1439 2125,1436 2170,1436 2215,1436 2260,1433 2304,1433 2349,1433"/>
                <Word id="r_2986_tl_23_w1" custom="readingOrder {index:0;}">
                    <Coords points="1329,1399 1329,1459 1461,1459 1461,1399"/>
                    <TextEquiv>
                        <Unicode>genheit</Unicode>
                    </TextEquiv>
                </Word>
                <Word id="r_2986_tl_23_w2" custom="readingOrder {index:1;}">
                    <Coords points="1482,1399 1482,1459 1531,1459 1531,1399"/>
                    <TextEquiv>
                        <Unicode>der</Unicode>
                    </TextEquiv>
                </Word>
                <Word id="r_2986_tl_23_w3" custom="readingOrder {index:2;}">
                    <Coords points="1556,1401 1556,1461 1783,1461 1783,1401"/>
                    <TextEquiv>
                        <Unicode>erstgedachten</Unicode>
                    </TextEquiv>
                </Word>
                <Word id="r_2986_tl_23_w4" custom="readingOrder {index:3;}">
                    <Coords points="1813,1399 1813,1459 1966,1459 1966,1399"/>
                    <TextEquiv>
                        <Unicode>Unruhen</Unicode>
                    </TextEquiv>
                </Word>
                <Word id="r_2986_tl_23_w5" custom="readingOrder {index:4;}">
                    <Coords points="1996,1396 1996,1456 2242,1456 2242,1396"/>
                    <TextEquiv>
                        <Unicode>unternommen</Unicode>
                    </TextEquiv>
                </Word>
                <Word id="r_2986_tl_23_w6" custom="readingOrder {index:5;}">
                    <Coords points="2277,1393 2277,1453 2350,1453 2350,1393"/>
                    <TextEquiv>
                        <Unicode>hat¬</Unicode>
                    </TextEquiv>
                </Word>
                <TextEquiv>
                    <Unicode>genheit der erstgedachten Unruhen unternommen hat¬</Unicode>
                </TextEquiv>
            </TextLine>
            <TextLine id="r_2986_tl_24" custom="readingOrder {index:23;}">
                <Coords points="1324,1503 2343,1500 2343,1446 2213,1440 1324,1461"/>
                <Baseline points="1331,1486 1376,1486 1421,1486 1465,1486 1510,1486 1555,1486 1600,1486 1645,1489 1689,1486 1734,1486 1779,1486 1824,1486 1868,1486 1913,1489 1958,1486 2003,1486 2048,1486 2092,1486 2137,1486 2182,1483 2227,1486 2271,1483 2316,1483 2346,1486"/>
                <Word id="r_2986_tl_24_w1" custom="readingOrder {index:0;}">
                    <Coords points="1324,1446 1324,1506 1376,1506 1376,1446"/>
                    <TextEquiv>
                        <Unicode>te,</Unicode>
                    </TextEquiv>
                </Word>
                <Word id="r_2986_tl_24_w2" custom="readingOrder {index:1;}">
                    <Coords points="1403,1446 1403,1506 1450,1506 1450,1446"/>
                    <TextEquiv>
                        <Unicode>sich</Unicode>
                    </TextEquiv>
                </Word>
                <Word id="r_2986_tl_24_w3" custom="readingOrder {index:2;}">
                    <Coords points="1477,1446 1477,1506 1524,1506 1524,1446"/>
                    <TextEquiv>
                        <Unicode>wo</Unicode>
                    </TextEquiv>
                </Word>
                <Word id="r_2986_tl_24_w4" custom="readingOrder {index:3;}">
                    <Coords points="1556,1446 1556,1506 1640,1506 1640,1446"/>
                    <TextEquiv>
                        <Unicode>nicht</Unicode>
                    </TextEquiv>
                </Word>
                <Word id="r_2986_tl_24_w5" custom="readingOrder {index:4;}">
                    <Coords points="1667,1446 1667,1506 1724,1506 1724,1446"/>
                    <TextEquiv>
                        <Unicode>gar</Unicode>
                    </TextEquiv>
                </Word>
                <Word id="r_2986_tl_24_w6" custom="readingOrder {index:5;}">
                    <Coords points="1757,1446 1757,1506 1809,1506 1809,1446"/>
                    <TextEquiv>
                        <Unicode>der</Unicode>
                    </TextEquiv>
                </Word>
                <Word id="r_2986_tl_24_w7" custom="readingOrder {index:6;}">
                    <Coords points="1830,1446 1830,1506 2104,1506 2104,1446"/>
                    <TextEquiv>
                        <Unicode>Oberherrschaft</Unicode>
                    </TextEquiv>
                </Word>
                <Word id="r_2986_tl_24_w8" custom="readingOrder {index:7;}">
                    <Coords points="2131,1444 2131,1504 2178,1504 2178,1444"/>
                    <TextEquiv>
                        <Unicode>der</Unicode>
                    </TextEquiv>
                </Word>
                <Word id="r_2986_tl_24_w9" custom="readingOrder {index:8;}">
                    <Coords points="2205,1443 2205,1503 2341,1503 2341,1443"/>
                    <TextEquiv>
                        <Unicode>Pforte,</Unicode>
                    </TextEquiv>
                </Word>
                <TextEquiv>
                    <Unicode>te, sich wo nicht gar der Oberherrschaft der Pforte,</Unicode>
                </TextEquiv>
            </TextLine>
            <TextLine id="r_2986_tl_25" custom="readingOrder {index:24;}">
                <Coords points="1327,1553 2325,1553 2342,1503 1327,1512"/>
                <Baseline points="1334,1537 1358,1537 1403,1537 1447,1537 1492,1537 1537,1534 1582,1537 1627,1534 1671,1537 1716,1534 1761,1534 1806,1537 1851,1537 1895,1537 1940,1534 1985,1537 2030,1537 2074,1537 2119,1534 2164,1534 2209,1534 2254,1534 2298,1534 2343,1534"/>
                <Word id="r_2986_tl_25_w1" custom="readingOrder {index:0;}">
                    <Coords points="1327,1497 1327,1557 1522,1557 1522,1497"/>
                    <TextEquiv>
                        <Unicode>wenigstens</Unicode>
                    </TextEquiv>
                </Word>
                <Word id="r_2986_tl_25_w2" custom="readingOrder {index:1;}">
                    <Coords points="1554,1496 1554,1556 1606,1556 1606,1496"/>
                    <TextEquiv>
                        <Unicode>den</Unicode>
                    </TextEquiv>
                </Word>
                <Word id="r_2986_tl_25_w3" custom="readingOrder {index:2;}">
                    <Coords points="1644,1494 1644,1554 1802,1554 1802,1494"/>
                    <TextEquiv>
                        <Unicode>Befehlen</Unicode>
                    </TextEquiv>
                </Word>
                <Word id="r_2986_tl_25_w4" custom="readingOrder {index:3;}">
                    <Coords points="1845,1497 1845,1557 1897,1557 1897,1497"/>
                    <TextEquiv>
                        <Unicode>des</Unicode>
                    </TextEquiv>
                </Word>
                <Word id="r_2986_tl_25_w5" custom="readingOrder {index:4;}">
                    <Coords points="1918,1497 1918,1557 2155,1557 2155,1497"/>
                    <TextEquiv>
                        <Unicode>Stadthalters</Unicode>
                    </TextEquiv>
                </Word>
                <Word id="r_2986_tl_25_w6" custom="readingOrder {index:5;}">
                    <Coords points="2188,1494 2188,1554 2219,1554 2219,1494"/>
                    <TextEquiv>
                        <Unicode>zu</Unicode>
                    </TextEquiv>
                </Word>
                <Word id="r_2986_tl_25_w7" custom="readingOrder {index:6;}">
                    <Coords points="2246,1494 2246,1554 2340,1554 2340,1494"/>
                    <TextEquiv>
                        <Unicode>Bag¬</Unicode>
                    </TextEquiv>
                </Word>
                <TextEquiv>
                    <Unicode>wenigstens den Befehlen des Stadthalters zu Bag¬</Unicode>
                </TextEquiv>
            </TextLine>
            <TextLine id="r_2986_tl_26" custom="readingOrder {index:25;}">
                <Coords points="1333,1604 2346,1598 2346,1549 2294,1543 1333,1549"/>
                <Baseline points="1340,1588 1364,1588 1409,1585 1453,1588 1498,1588 1543,1585 1588,1588 1633,1588 1677,1585 1722,1588 1767,1585 1812,1585 1857,1585 1901,1585 1946,1585 1991,1585 2036,1588 2080,1585 2125,1585 2170,1582 2215,1585 2260,1582 2304,1582 2349,1582"/>
                <Word id="r_2986_tl_26_w1" custom="readingOrder {index:0;}">
                    <Coords points="1328,1548 1328,1608 1382,1608 1382,1548"/>
                    <TextEquiv>
                        <Unicode>dad</Unicode>
                    </TextEquiv>
                </Word>
                <Word id="r_2986_tl_26_w2" custom="readingOrder {index:1;}">
                    <Coords points="1413,1546 1413,1606 1443,1606 1443,1546"/>
                    <TextEquiv>
                        <Unicode>zu</Unicode>
                    </TextEquiv>
                </Word>
                <Word id="r_2986_tl_26_w3" custom="readingOrder {index:2;}">
                    <Coords points="1474,1546 1474,1606 1666,1606 1666,1546"/>
                    <TextEquiv>
                        <Unicode>entziehen,</Unicode>
                    </TextEquiv>
                </Word>
                <Word id="r_2986_tl_26_w4" custom="readingOrder {index:3;}">
                    <Coords points="1702,1545 1702,1605 1879,1605 1879,1545"/>
                    <TextEquiv>
                        <Unicode>bemeldten</Unicode>
                    </TextEquiv>
                </Word>
                <Word id="r_2986_tl_26_w5" custom="readingOrder {index:4;}">
                    <Coords points="1915,1545 1915,1605 2020,1605 2020,1545"/>
                    <TextEquiv>
                        <Unicode>Omar</Unicode>
                    </TextEquiv>
                </Word>
                <Word id="r_2986_tl_26_w6" custom="readingOrder {index:5;}">
                    <Coords points="2051,1545 2051,1605 2172,1605 2172,1545"/>
                    <TextEquiv>
                        <Unicode>Kiaja,</Unicode>
                    </TextEquiv>
                </Word>
                <Word id="r_2986_tl_26_w7" custom="readingOrder {index:6;}">
                    <Coords points="2208,1542 2208,1602 2339,1602 2339,1542"/>
                    <TextEquiv>
                        <Unicode>welcher</Unicode>
                    </TextEquiv>
                </Word>
                <TextEquiv>
                    <Unicode>dad zu entziehen, bemeldten Omar Kiaja, welcher</Unicode>
                </TextEquiv>
            </TextLine>
            <TextLine id="r_2986_tl_27" custom="readingOrder {index:26;}">
                <Coords points="1336,1648 2343,1642 2324,1592 1336,1603"/>
                <Baseline points="1343,1636 1361,1636 1406,1633 1450,1633 1495,1636 1540,1636 1585,1636 1630,1636 1674,1633 1719,1636 1764,1636 1809,1636 1854,1636 1898,1636 1943,1633 1988,1636 2033,1636 2077,1636 2122,1636 2167,1633 2212,1633 2257,1633 2301,1630 2346,1633"/>
                <Word id="r_2986_tl_27_w1" custom="readingOrder {index:0;}">
                    <Coords points="1330,1596 1330,1656 1378,1656 1378,1596"/>
                    <TextEquiv>
                        <Unicode>die</Unicode>
                    </TextEquiv>
                </Word>
                <Word id="r_2986_tl_27_w2" custom="readingOrder {index:1;}">
                    <Coords points="1397,1593 1397,1653 1512,1653 1512,1593"/>
                    <TextEquiv>
                        <Unicode>Stadt</Unicode>
                    </TextEquiv>
                </Word>
                <Word id="r_2986_tl_27_w3" custom="readingOrder {index:2;}">
                    <Coords points="1531,1596 1531,1656 1642,1656 1642,1596"/>
                    <TextEquiv>
                        <Unicode>Basla</Unicode>
                    </TextEquiv>
                </Word>
                <Word id="r_2986_tl_27_w4" custom="readingOrder {index:3;}">
                    <Coords points="1676,1596 1676,1656 1833,1656 1833,1596"/>
                    <TextEquiv>
                        <Unicode>berennet</Unicode>
                    </TextEquiv>
                </Word>
                <Word id="r_2986_tl_27_w5" custom="readingOrder {index:4;}">
                    <Coords points="1858,1596 1858,1656 1915,1656 1915,1596"/>
                    <TextEquiv>
                        <Unicode>von</Unicode>
                    </TextEquiv>
                </Word>
                <Word id="r_2986_tl_27_w6" custom="readingOrder {index:5;}">
                    <Coords points="1959,1595 1959,1655 2011,1655 2011,1595"/>
                    <TextEquiv>
                        <Unicode>den</Unicode>
                    </TextEquiv>
                </Word>
                <Word id="r_2986_tl_27_w7" custom="readingOrder {index:6;}">
                    <Coords points="2045,1593 2045,1653 2270,1653 2270,1593"/>
                    <TextEquiv>
                        <Unicode>Einwohnern</Unicode>
                    </TextEquiv>
                </Word>
                <Word id="r_2986_tl_27_w8" custom="readingOrder {index:7;}">
                    <Coords points="2309,1591 2309,1651 2332,1651 2332,1591"/>
                    <TextEquiv>
                        <Unicode>in</Unicode>
                    </TextEquiv>
                </Word>
                <TextEquiv>
                    <Unicode>die Stadt Basla berennet von den Einwohnern in</Unicode>
                </TextEquiv>
            </TextLine>
            <TextLine id="r_2986_tl_28" custom="readingOrder {index:27;}">
                <Coords points="1336,1693 2126,1714 2353,1686 2327,1644 1336,1648"/>
                <Baseline points="1343,1683 1388,1683 1433,1683 1477,1683 1522,1683 1567,1683 1612,1683 1656,1680 1701,1683 1746,1680 1791,1683 1836,1680 1880,1683 1925,1683 1970,1683 2015,1686 2060,1686 2104,1686 2149,1686 2194,1686 2239,1683 2283,1683 2328,1683 2355,1683"/>
                <Word id="r_2986_tl_28_w1" custom="readingOrder {index:0;}">
                    <Coords points="1331,1643 1331,1703 1375,1703 1375,1643"/>
                    <TextEquiv>
                        <Unicode>die</Unicode>
                    </TextEquiv>
                </Word>
                <Word id="r_2986_tl_28_w2" custom="readingOrder {index:1;}">
                    <Coords points="1411,1643 1411,1703 1532,1703 1532,1643"/>
                    <TextEquiv>
                        <Unicode>Hände</Unicode>
                    </TextEquiv>
                </Word>
                <Word id="r_2986_tl_28_w3" custom="readingOrder {index:2;}">
                    <Coords points="1563,1641 1563,1701 1714,1701 1714,1641"/>
                    <TextEquiv>
                        <Unicode>geliefert</Unicode>
                    </TextEquiv>
                </Word>
                <Word id="r_2986_tl_28_w4" custom="readingOrder {index:3;}">
                    <Coords points="1745,1641 1745,1701 1805,1701 1805,1641"/>
                    <TextEquiv>
                        <Unicode>und</Unicode>
                    </TextEquiv>
                </Word>
                <Word id="r_2986_tl_28_w5" custom="readingOrder {index:4;}">
                    <Coords points="1846,1643 1846,1703 1992,1703 1992,1643"/>
                    <TextEquiv>
                        <Unicode>hiedurch</Unicode>
                    </TextEquiv>
                </Word>
                <Word id="r_2986_tl_28_w6" custom="readingOrder {index:5;}">
                    <Coords points="2033,1646 2033,1706 2129,1706 2129,1646"/>
                    <TextEquiv>
                        <Unicode>dieser</Unicode>
                    </TextEquiv>
                </Word>
                <Word id="r_2986_tl_28_w7" custom="readingOrder {index:6;}">
                    <Coords points="2165,1643 2165,1703 2341,1703 2341,1643"/>
                    <TextEquiv>
                        <Unicode>innerliche</Unicode>
                    </TextEquiv>
                </Word>
                <TextEquiv>
                    <Unicode>die Hände geliefert und hiedurch dieser innerliche</Unicode>
                </TextEquiv>
            </TextLine>
            <TextLine id="r_2986_tl_29" custom="readingOrder {index:28;}">
                <Coords points="1336,1741 1931,1741 1931,1692 1336,1693"/>
                <Baseline points="1343,1728 1352,1731 1397,1731 1442,1728 1486,1728 1531,1728 1576,1728 1621,1728 1665,1728 1710,1725 1755,1728 1800,1728 1845,1728 1889,1728 1934,1725"/>
                <Word id="r_2986_tl_29_w1" custom="readingOrder {index:0;}">
                    <Coords points="1335,1691 1335,1751 1428,1751 1428,1691"/>
                    <TextEquiv>
                        <Unicode>Krieg</Unicode>
                    </TextEquiv>
                </Word>
                <Word id="r_2986_tl_29_w2" custom="readingOrder {index:1;}">
                    <Coords points="1457,1688 1457,1748 1550,1748 1550,1688"/>
                    <TextEquiv>
                        <Unicode>völlig</Unicode>
                    </TextEquiv>
                </Word>
                <Word id="r_2986_tl_29_w3" custom="readingOrder {index:2;}">
                    <Coords points="1579,1688 1579,1748 1747,1748 1747,1688"/>
                    <TextEquiv>
                        <Unicode>beygelegt</Unicode>
                    </TextEquiv>
                </Word>
                <Word id="r_2986_tl_29_w4" custom="readingOrder {index:3;}">
                    <Coords points="1771,1688 1771,1748 1921,1748 1921,1688"/>
                    <TextEquiv>
                        <Unicode>worden.</Unicode>
                    </TextEquiv>
                </Word>
                <TextEquiv>
                    <Unicode>Krieg völlig beygelegt worden.</Unicode>
                </TextEquiv>
            </TextLine>
            <TextEquiv>
                <Unicode></Unicode>
            </TextEquiv>
        </TextRegion>
        <TextRegion id="r_3010" custom="readingOrder {index:2;}">
            <Coords points="2382,1789 2382,2446 1323,2446 1318,1789"/>
            <TextLine id="r_3010_tl_1" custom="readingOrder {index:0;}">
                <Coords points="1635,1829 1804,1840 1835,1855 1864,1839 1977,1834 2030,1848 2041,1794 1634,1794"/>
                <Baseline points="1642,1827 1686,1827 1731,1830 1776,1830 1821,1833 1865,1833 1910,1833 1955,1833 2000,1833 2045,1836 2048,1833"/>
                <Word id="r_3010_tl_1_w1" custom="readingOrder {index:0;}">
                    <Coords points="1641,1793 1641,1853 2043,1853 2043,1793"/>
                    <TextEquiv>
                        <Unicode>AVERTISSEMENT.</Unicode>
                    </TextEquiv>
                </Word>
                <TextEquiv>
                    <Unicode>AVERTISSEMENT.</Unicode>
                </TextEquiv>
            </TextLine>
            <TextLine id="r_3010_tl_2" custom="readingOrder {index:1;}">
                <Coords points="1382,1892 2221,1913 2353,1894 2353,1860 1380,1838"/>
                <Baseline points="1388,1883 1433,1883 1477,1883 1522,1883 1567,1883 1612,1883 1656,1883 1701,1883 1746,1886 1791,1883 1836,1886 1880,1886 1925,1886 1970,1889 2015,1889 2060,1886 2104,1889 2149,1889 2194,1889 2239,1889 2283,1889 2328,1889 2355,1892"/>
                <Word id="r_3010_tl_2_w1" custom="readingOrder {index:0;}">
                    <Coords points="1388,1843 1388,1903 1459,1903 1459,1843"/>
                    <TextEquiv>
                        <Unicode>Bey</Unicode>
                    </TextEquiv>
                </Word>
                <Word id="r_3010_tl_2_w2" custom="readingOrder {index:1;}">
                    <Coords points="1496,1843 1496,1903 1544,1903 1544,1843"/>
                    <TextEquiv>
                        <Unicode>dem</Unicode>
                    </TextEquiv>
                </Word>
                <Word id="r_3010_tl_2_w3" custom="readingOrder {index:2;}">
                    <Coords points="1593,1843 1593,1903 1750,1903 1750,1843"/>
                    <TextEquiv>
                        <Unicode>Verleger</Unicode>
                    </TextEquiv>
                </Word>
                <Word id="r_3010_tl_2_w4" custom="readingOrder {index:3;}">
                    <Coords points="1787,1845 1787,1905 1883,1905 1883,1845"/>
                    <TextEquiv>
                        <Unicode>dieser</Unicode>
                    </TextEquiv>
                </Word>
                <Word id="r_3010_tl_2_w5" custom="readingOrder {index:4;}">
                    <Coords points="1914,1849 1914,1909 2052,1909 2052,1849"/>
                    <TextEquiv>
                        <Unicode>Zeitung</Unicode>
                    </TextEquiv>
                </Word>
                <Word id="r_3010_tl_2_w6" custom="readingOrder {index:5;}">
                    <Coords points="2083,1849 2083,1909 2126,1909 2126,1849"/>
                    <TextEquiv>
                        <Unicode>ist</Unicode>
                    </TextEquiv>
                </Word>
                <Word id="r_3010_tl_2_w7" custom="readingOrder {index:6;}">
                    <Coords points="2150,1849 2150,1909 2180,1909 2180,1849"/>
                    <TextEquiv>
                        <Unicode>zu</Unicode>
                    </TextEquiv>
                </Word>
                <Word id="r_3010_tl_2_w8" custom="readingOrder {index:7;}">
                    <Coords points="2217,1849 2217,1909 2349,1909 2349,1849"/>
                    <TextEquiv>
                        <Unicode>haben:</Unicode>
                    </TextEquiv>
                </Word>
                <TextEquiv>
                    <Unicode>Bey dem Verleger dieser Zeitung ist zu haben:</Unicode>
                </TextEquiv>
            </TextLine>
            <TextLine id="r_3010_tl_3" custom="readingOrder {index:2;}">
                <Coords points="1330,1952 2349,1951 2349,1905 2293,1897 1330,1897"/>
                <Baseline points="1337,1940 1382,1940 1427,1937 1471,1937 1516,1937 1561,1937 1606,1937 1650,1937 1695,1937 1740,1937 1785,1937 1830,1937 1874,1940 1919,1940 1964,1943 2009,1943 2054,1940 2098,1940 2143,1940 2188,1940 2233,1940 2277,1940 2322,1940 2352,1940"/>
                <Word id="r_3010_tl_3_w1" custom="readingOrder {index:0;}">
                    <Coords points="1335,1897 1335,1957 1652,1957 1652,1897"/>
                    <TextEquiv>
                        <Unicode>Zeitvertreibendes</Unicode>
                    </TextEquiv>
                </Word>
                <Word id="r_3010_tl_3_w2" custom="readingOrder {index:1;}">
                    <Coords points="1680,1897 1680,1957 1896,1957 1896,1897"/>
                    <TextEquiv>
                        <Unicode>Lotteriespiel</Unicode>
                    </TextEquiv>
                </Word>
                <Word id="r_3010_tl_3_w3" custom="readingOrder {index:2;}">
                    <Coords points="1918,1901 1918,1961 1970,1961 1970,1901"/>
                    <TextEquiv>
                        <Unicode>zur</Unicode>
                    </TextEquiv>
                </Word>
                <Word id="r_3010_tl_3_w4" custom="readingOrder {index:3;}">
                    <Coords points="1992,1900 1992,1960 2215,1960 2215,1900"/>
                    <TextEquiv>
                        <Unicode>angenehmen</Unicode>
                    </TextEquiv>
                </Word>
                <Word id="r_3010_tl_3_w5" custom="readingOrder {index:4;}">
                    <Coords points="2242,1900 2242,1960 2352,1960 2352,1900"/>
                    <TextEquiv>
                        <Unicode>Ergö¬</Unicode>
                    </TextEquiv>
                </Word>
                <TextEquiv>
                    <Unicode>Zeitvertreibendes Lotteriespiel zur angenehmen Ergö¬</Unicode>
                </TextEquiv>
            </TextLine>
            <TextLine id="r_3010_tl_4" custom="readingOrder {index:3;}">
                <Coords points="1339,1998 2352,1998 2352,1954 2266,1947 1339,1954"/>
                <Baseline points="1346,1988 1370,1985 1415,1988 1459,1988 1504,1988 1549,1988 1594,1985 1639,1988 1683,1985 1728,1985 1773,1985 1818,1988 1862,1991 1907,1991 1952,1988 1997,1991 2042,1991 2086,1991 2131,1991 2176,1988 2221,1988 2266,1988 2310,1988 2355,1985"/>
                <Word id="r_3010_tl_4_w1" custom="readingOrder {index:0;}">
                    <Coords points="1334,1946 1334,2006 1447,2006 1447,1946"/>
                    <TextEquiv>
                        <Unicode>tzung,</Unicode>
                    </TextEquiv>
                </Word>
                <Word id="r_3010_tl_4_w2" custom="readingOrder {index:1;}">
                    <Coords points="1473,1947 1473,2007 1633,2007 1633,1947"/>
                    <TextEquiv>
                        <Unicode>bestehend</Unicode>
                    </TextEquiv>
                </Word>
                <Word id="r_3010_tl_4_w3" custom="readingOrder {index:2;}">
                    <Coords points="1669,1945 1669,2005 1695,2005 1695,1945"/>
                    <TextEquiv>
                        <Unicode>in</Unicode>
                    </TextEquiv>
                </Word>
                <Word id="r_3010_tl_4_w4" custom="readingOrder {index:3;}">
                    <Coords points="1726,1945 1726,2005 1767,2005 1767,1945"/>
                    <TextEquiv>
                        <Unicode>50</Unicode>
                    </TextEquiv>
                </Word>
                <Word id="r_3010_tl_4_w5" custom="readingOrder {index:4;}">
                    <Coords points="1804,1950 1804,2010 2030,2010 2030,1950"/>
                    <TextEquiv>
                        <Unicode>Sinnbildern</Unicode>
                    </TextEquiv>
                </Word>
                <Word id="r_3010_tl_4_w6" custom="readingOrder {index:5;}">
                    <Coords points="2067,1951 2067,2011 2128,2011 2128,1951"/>
                    <TextEquiv>
                        <Unicode>und</Unicode>
                    </TextEquiv>
                </Word>
                <Word id="r_3010_tl_4_w7" custom="readingOrder {index:6;}">
                    <Coords points="2160,1948 2160,2008 2201,2008 2201,1948"/>
                    <TextEquiv>
                        <Unicode>50</Unicode>
                    </TextEquiv>
                </Word>
                <Word id="r_3010_tl_4_w8" custom="readingOrder {index:7;}">
                    <Coords points="2238,1948 2238,2008 2345,2008 2345,1948"/>
                    <TextEquiv>
                        <Unicode>Devi=</Unicode>
                    </TextEquiv>
                </Word>
                <TextEquiv>
                    <Unicode>tzung, bestehend in 50 Sinnbildern und 50 Devi=</Unicode>
                </TextEquiv>
            </TextLine>
            <TextLine id="r_3010_tl_5" custom="readingOrder {index:4;}">
                <Coords points="1342,2050 2355,2056 2353,2000 2205,1995 2157,2030 2099,1995 2009,2026 1920,1995 1340,1999"/>
                <Baseline points="1349,2033 1394,2036 1439,2036 1483,2036 1528,2033 1573,2036 1618,2036 1662,2036 1707,2036 1752,2036 1797,2036 1842,2039 1886,2039 1931,2039 1976,2042 2021,2042 2065,2039 2110,2042 2155,2039 2200,2039 2245,2039 2289,2039 2334,2036 2358,2036"/>
                <Word id="r_3010_tl_5_w1" custom="readingOrder {index:0;}">
                    <Coords points="1335,1994 1335,2054 1402,2054 1402,1994"/>
                    <TextEquiv>
                        <Unicode>sen,</Unicode>
                    </TextEquiv>
                </Word>
                <Word id="r_3010_tl_5_w2" custom="readingOrder {index:1;}">
                    <Coords points="1426,1996 1426,2056 1453,2056 1453,1996"/>
                    <TextEquiv>
                        <Unicode>in</Unicode>
                    </TextEquiv>
                </Word>
                <Word id="r_3010_tl_5_w3" custom="readingOrder {index:2;}">
                    <Coords points="1482,1995 1482,2055 1493,2055 1493,1995"/>
                    <TextEquiv>
                        <Unicode>3</Unicode>
                    </TextEquiv>
                </Word>
                <Word id="r_3010_tl_5_w4" custom="readingOrder {index:3;}">
                    <Coords points="1522,1996 1522,2056 1645,2056 1645,1996"/>
                    <TextEquiv>
                        <Unicode>Classen</Unicode>
                    </TextEquiv>
                </Word>
                <Word id="r_3010_tl_5_w5" custom="readingOrder {index:4;}">
                    <Coords points="1674,1996 1674,2056 1860,2056 1860,1996"/>
                    <TextEquiv>
                        <Unicode>vertheilet,</Unicode>
                    </TextEquiv>
                </Word>
                <Word id="r_3010_tl_5_w6" custom="readingOrder {index:5;}">
                    <Coords points="1889,1999 1889,2059 2001,2059 2001,1999"/>
                    <TextEquiv>
                        <Unicode>Leipz.</Unicode>
                    </TextEquiv>
                </Word>
                <Word id="r_3010_tl_5_w7" custom="readingOrder {index:6;}">
                    <Coords points="2030,2001 2030,2061 2041,2061 2041,2001"/>
                    <TextEquiv>
                        <Unicode>3</Unicode>
                    </TextEquiv>
                </Word>
                <Word id="r_3010_tl_5_w8" custom="readingOrder {index:7;}">
                    <Coords points="2064,2000 2064,2060 2103,2060 2103,2000"/>
                    <TextEquiv>
                        <Unicode>fl.</Unicode>
                    </TextEquiv>
                </Word>
                <Word id="r_3010_tl_5_w9" custom="readingOrder {index:8;}">
                    <Coords points="2177,1999 2177,2059 2340,2059 2340,1999"/>
                    <TextEquiv>
                        <Unicode>Schlegel</Unicode>
                    </TextEquiv>
                </Word>
                <TextEquiv>
                    <Unicode>sen, in 3 Classen vertheilet, Leipz. 3 fl. Schlegel</Unicode>
                </TextEquiv>
            </TextLine>
            <TextLine id="r_3010_tl_6" custom="readingOrder {index:5;}">
                <Coords points="1339,2093 2349,2092 2284,2041 1339,2052"/>
                <Baseline points="1346,2086 1367,2083 1412,2083 1456,2086 1501,2086 1546,2086 1591,2083 1636,2086 1680,2086 1725,2086 1770,2083 1815,2086 1859,2086 1904,2086 1949,2086 1994,2086 2039,2086 2083,2086 2128,2086 2173,2086 2218,2086 2263,2083 2307,2083 2352,2077"/>
                <Word id="r_3010_tl_6_w1" custom="readingOrder {index:0;}">
                    <Coords points="1339,2046 1339,2106 1577,2106 1577,2046"/>
                    <TextEquiv>
                        <Unicode>Abhandlung,</Unicode>
                    </TextEquiv>
                </Word>
                <Word id="r_3010_tl_6_w2" custom="readingOrder {index:1;}">
                    <Coords points="1604,2045 1604,2105 1641,2105 1641,2045"/>
                    <TextEquiv>
                        <Unicode>24</Unicode>
                    </TextEquiv>
                </Word>
                <Word id="r_3010_tl_6_w3" custom="readingOrder {index:2;}">
                    <Coords points="1673,2046 1673,2106 1726,2106 1726,2046"/>
                    <TextEquiv>
                        <Unicode>gr.</Unicode>
                    </TextEquiv>
                </Word>
                <Word id="r_3010_tl_6_w4" custom="readingOrder {index:3;}">
                    <Coords points="1774,2046 1774,2106 1938,2106 1938,2046"/>
                    <TextEquiv>
                        <Unicode>Tafinger</Unicode>
                    </TextEquiv>
                </Word>
                <Word id="r_3010_tl_6_w5" custom="readingOrder {index:4;}">
                    <Coords points="1960,2046 1960,2106 1997,2106 1997,2046"/>
                    <TextEquiv>
                        <Unicode>de</Unicode>
                    </TextEquiv>
                </Word>
                <Word id="r_3010_tl_6_w6" custom="readingOrder {index:5;}">
                    <Coords points="2018,2046 2018,2106 2246,2106 2246,2046"/>
                    <TextEquiv>
                        <Unicode>castrensibus,</Unicode>
                    </TextEquiv>
                </Word>
                <Word id="r_3010_tl_6_w7" custom="readingOrder {index:6;}">
                    <Coords points="2278,2042 2278,2102 2347,2102 2347,2042"/>
                    <TextEquiv>
                        <Unicode>Tu-</Unicode>
                    </TextEquiv>
                </Word>
                <TextEquiv>
                    <Unicode>Abhandlung, 24 gr. Tafinger de castrensibus, Tu-</Unicode>
                </TextEquiv>
            </TextLine>
            <TextLine id="r_3010_tl_7" custom="readingOrder {index:6;}">
                <Coords points="1339,2148 2352,2139 2352,2099 2255,2093 1772,2092 1704,2123 1339,2093"/>
                <Baseline points="1346,2131 1391,2134 1436,2134 1480,2134 1525,2134 1570,2134 1615,2134 1659,2134 1704,2131 1749,2131 1794,2134 1839,2134 1883,2137 1928,2137 1973,2137 2018,2137 2063,2137 2107,2140 2152,2140 2197,2137 2242,2137 2286,2137 2331,2137 2355,2137"/>
                <Word id="r_3010_tl_7_w1" custom="readingOrder {index:0;}">
                    <Coords points="1340,2093 1340,2153 1433,2153 1433,2093"/>
                    <TextEquiv>
                        <Unicode>bing.</Unicode>
                    </TextEquiv>
                </Word>
                <Word id="r_3010_tl_7_w2" custom="readingOrder {index:1;}">
                    <Coords points="1450,2094 1450,2154 1539,2154 1539,2094"/>
                    <TextEquiv>
                        <Unicode>764.</Unicode>
                    </TextEquiv>
                </Word>
                <Word id="r_3010_tl_7_w3" custom="readingOrder {index:2;}">
                    <Coords points="1567,2094 1567,2154 1605,2154 1605,2094"/>
                    <TextEquiv>
                        <Unicode>15</Unicode>
                    </TextEquiv>
                </Word>
                <Word id="r_3010_tl_7_w4" custom="readingOrder {index:3;}">
                    <Coords points="1634,2093 1634,2153 1688,2153 1688,2093"/>
                    <TextEquiv>
                        <Unicode>gr.</Unicode>
                    </TextEquiv>
                </Word>
                <Word id="r_3010_tl_7_w5" custom="readingOrder {index:4;}">
                    <Coords points="1733,2092 1733,2152 1811,2152 1811,2092"/>
                    <TextEquiv>
                        <Unicode>Der</Unicode>
                    </TextEquiv>
                </Word>
                <Word id="r_3010_tl_7_w6" custom="readingOrder {index:5;}">
                    <Coords points="1834,2097 1834,2157 2049,2157 2049,2097"/>
                    <TextEquiv>
                        <Unicode>wohlthätige</Unicode>
                    </TextEquiv>
                </Word>
                <Word id="r_3010_tl_7_w7" custom="readingOrder {index:6;}">
                    <Coords points="2067,2099 2067,2159 2266,2159 2266,2099"/>
                    <TextEquiv>
                        <Unicode>Weltweise,</Unicode>
                    </TextEquiv>
                </Word>
                <Word id="r_3010_tl_7_w8" custom="readingOrder {index:7;}">
                    <Coords points="2278,2097 2278,2157 2344,2157 2344,2097"/>
                    <TextEquiv>
                        <Unicode>3ter</Unicode>
                    </TextEquiv>
                </Word>
                <TextEquiv>
                    <Unicode>bing. 764. 15 gr. Der wohlthätige Weltweise, 3ter</Unicode>
                </TextEquiv>
            </TextLine>
            <TextLine id="r_3010_tl_8" custom="readingOrder {index:7;}">
                <Coords points="1334,2204 2360,2199 2358,2160 2250,2146 1333,2160"/>
                <Baseline points="1340,2182 1385,2182 1430,2182 1474,2182 1519,2179 1564,2182 1609,2182 1653,2182 1698,2182 1743,2185 1788,2185 1833,2185 1877,2185 1922,2185 1967,2185 2012,2188 2057,2185 2101,2188 2146,2185 2191,2188 2236,2185 2280,2185 2325,2185 2361,2185"/>
                <Word id="r_3010_tl_8_w1" custom="readingOrder {index:0;}">
                    <Coords points="1339,2142 1339,2202 1398,2202 1398,2142"/>
                    <TextEquiv>
                        <Unicode>und</Unicode>
                    </TextEquiv>
                </Word>
                <Word id="r_3010_tl_8_w2" custom="readingOrder {index:1;}">
                    <Coords points="1426,2142 1426,2202 1496,2202 1496,2142"/>
                    <TextEquiv>
                        <Unicode>4ter</Unicode>
                    </TextEquiv>
                </Word>
                <Word id="r_3010_tl_8_w3" custom="readingOrder {index:2;}">
                    <Coords points="1519,2142 1519,2202 1632,2202 1632,2142"/>
                    <TextEquiv>
                        <Unicode>Theil,</Unicode>
                    </TextEquiv>
                </Word>
                <Word id="r_3010_tl_8_w4" custom="readingOrder {index:3;}">
                    <Coords points="1660,2142 1660,2202 1671,2202 1671,2142"/>
                    <TextEquiv>
                        <Unicode>2</Unicode>
                    </TextEquiv>
                </Word>
                <Word id="r_3010_tl_8_w5" custom="readingOrder {index:4;}">
                    <Coords points="1699,2143 1699,2203 1736,2203 1736,2143"/>
                    <TextEquiv>
                        <Unicode>fl.</Unicode>
                    </TextEquiv>
                </Word>
                <Word id="r_3010_tl_8_w6" custom="readingOrder {index:5;}">
                    <Coords points="1758,2145 1758,2205 1790,2205 1790,2145"/>
                    <TextEquiv>
                        <Unicode>15</Unicode>
                    </TextEquiv>
                </Word>
                <Word id="r_3010_tl_8_w7" custom="readingOrder {index:6;}">
                    <Coords points="1818,2145 1818,2205 1872,2205 1872,2145"/>
                    <TextEquiv>
                        <Unicode>gr.</Unicode>
                    </TextEquiv>
                </Word>
                <Word id="r_3010_tl_8_w8" custom="readingOrder {index:7;}">
                    <Coords points="1917,2147 1917,2207 2134,2207 2134,2147"/>
                    <TextEquiv>
                        <Unicode>Wörterbuch</Unicode>
                    </TextEquiv>
                </Word>
                <Word id="r_3010_tl_8_w9" custom="readingOrder {index:8;}">
                    <Coords points="2173,2147 2173,2207 2226,2207 2226,2147"/>
                    <TextEquiv>
                        <Unicode>des</Unicode>
                    </TextEquiv>
                </Word>
                <Word id="r_3010_tl_8_w10" custom="readingOrder {index:9;}">
                    <Coords points="2249,2145 2249,2205 2357,2205 2357,2145"/>
                    <TextEquiv>
                        <Unicode>Welt¬</Unicode>
                    </TextEquiv>
                </Word>
                <TextEquiv>
                    <Unicode>und 4ter Theil, 2 fl. 15 gr. Wörterbuch des Welt¬</Unicode>
                </TextEquiv>
            </TextLine>
            <TextLine id="r_3010_tl_9" custom="readingOrder {index:8;}">
                <Coords points="1339,2237 2352,2258 2351,2197 1338,2201"/>
                <Baseline points="1346,2227 1391,2230 1436,2230 1480,2230 1525,2230 1570,2230 1615,2230 1659,2233 1704,2233 1749,2233 1794,2233 1839,2236 1883,2233 1928,2233 1973,2233 2018,2236 2063,2236 2107,2236 2152,2236 2197,2236 2242,2236 2286,2236 2331,2236 2355,2239"/>
                <Word id="r_3010_tl_9_w1" custom="readingOrder {index:0;}">
                    <Coords points="1333,2190 1333,2250 1464,2250 1464,2190"/>
                    <TextEquiv>
                        <Unicode>weisen,</Unicode>
                    </TextEquiv>
                </Word>
                <Word id="r_3010_tl_9_w2" custom="readingOrder {index:1;}">
                    <Coords points="1485,2190 1485,2250 1524,2250 1524,2190"/>
                    <TextEquiv>
                        <Unicode>8,</Unicode>
                    </TextEquiv>
                </Word>
                <Word id="r_3010_tl_9_w3" custom="readingOrder {index:2;}">
                    <Coords points="1550,2190 1550,2250 1570,2250 1570,2190"/>
                    <TextEquiv>
                        <Unicode>1</Unicode>
                    </TextEquiv>
                </Word>
                <Word id="r_3010_tl_9_w4" custom="readingOrder {index:3;}">
                    <Coords points="1596,2190 1596,2250 1631,2250 1631,2190"/>
                    <TextEquiv>
                        <Unicode>fl.</Unicode>
                    </TextEquiv>
                </Word>
                <Word id="r_3010_tl_9_w5" custom="readingOrder {index:4;}">
                    <Coords points="1647,2192 1647,2252 1661,2252 1661,2192"/>
                    <TextEquiv>
                        <Unicode>9</Unicode>
                    </TextEquiv>
                </Word>
                <Word id="r_3010_tl_9_w6" custom="readingOrder {index:5;}">
                    <Coords points="1687,2193 1687,2253 1742,2253 1742,2193"/>
                    <TextEquiv>
                        <Unicode>gr.</Unicode>
                    </TextEquiv>
                </Word>
                <Word id="r_3010_tl_9_w7" custom="readingOrder {index:6;}">
                    <Coords points="1794,2194 1794,2254 1925,2254 1925,2194"/>
                    <TextEquiv>
                        <Unicode>Amour</Unicode>
                    </TextEquiv>
                </Word>
                <Word id="r_3010_tl_9_w8" custom="readingOrder {index:7;}">
                    <Coords points="1945,2195 1945,2255 2082,2255 2082,2195"/>
                    <TextEquiv>
                        <Unicode>eprouvé</Unicode>
                    </TextEquiv>
                </Word>
                <Word id="r_3010_tl_9_w9" custom="readingOrder {index:8;}">
                    <Coords points="2113,2196 2113,2256 2163,2256 2163,2196"/>
                    <TextEquiv>
                        <Unicode>par</Unicode>
                    </TextEquiv>
                </Word>
                <Word id="r_3010_tl_9_w10" custom="readingOrder {index:9;}">
                    <Coords points="2189,2196 2189,2256 2213,2256 2213,2196"/>
                    <TextEquiv>
                        <Unicode>la</Unicode>
                    </TextEquiv>
                </Word>
                <Word id="r_3010_tl_9_w11" custom="readingOrder {index:10;}">
                    <Coords points="2239,2196 2239,2256 2350,2256 2350,2196"/>
                    <TextEquiv>
                        <Unicode>mort,</Unicode>
                    </TextEquiv>
                </Word>
                <TextEquiv>
                    <Unicode>weisen, 8, 1 fl. 9 gr. Amour eprouvé par la mort,</Unicode>
                </TextEquiv>
            </TextLine>
            <TextLine id="r_3010_tl_10" custom="readingOrder {index:9;}">
                <Coords points="1339,2286 2352,2298 2352,2258 2300,2240 1339,2254"/>
                <Baseline points="1346,2277 1391,2277 1436,2277 1480,2277 1525,2277 1570,2277 1615,2277 1659,2280 1704,2280 1749,2280 1794,2280 1839,2283 1883,2283 1928,2283 1973,2283 2018,2283 2063,2283 2107,2283 2152,2280 2197,2283 2242,2283 2286,2283 2331,2286 2355,2289"/>
                <Word id="r_3010_tl_10_w1" custom="readingOrder {index:0;}">
                    <Coords points="1337,2237 1337,2297 1368,2297 1368,2237"/>
                    <TextEquiv>
                        <Unicode>ou</Unicode>
                    </TextEquiv>
                </Word>
                <Word id="r_3010_tl_10_w2" custom="readingOrder {index:1;}">
                    <Coords points="1399,2237 1399,2297 1510,2297 1510,2237"/>
                    <TextEquiv>
                        <Unicode>lettres</Unicode>
                    </TextEquiv>
                </Word>
                <Word id="r_3010_tl_10_w3" custom="readingOrder {index:2;}">
                    <Coords points="1524,2237 1524,2297 1702,2297 1702,2237"/>
                    <TextEquiv>
                        <Unicode>modernes</Unicode>
                    </TextEquiv>
                </Word>
                <Word id="r_3010_tl_10_w4" custom="readingOrder {index:3;}">
                    <Coords points="1729,2240 1729,2300 1764,2300 1764,2240"/>
                    <TextEquiv>
                        <Unicode>de</Unicode>
                    </TextEquiv>
                </Word>
                <Word id="r_3010_tl_10_w5" custom="readingOrder {index:4;}">
                    <Coords points="1787,2242 1787,2302 1866,2302 1866,2242"/>
                    <TextEquiv>
                        <Unicode>deux</Unicode>
                    </TextEquiv>
                </Word>
                <Word id="r_3010_tl_10_w6" custom="readingOrder {index:5;}">
                    <Coords points="1889,2243 1889,2303 2004,2303 2004,2243"/>
                    <TextEquiv>
                        <Unicode>amans</Unicode>
                    </TextEquiv>
                </Word>
                <Word id="r_3010_tl_10_w7" custom="readingOrder {index:6;}">
                    <Coords points="2027,2243 2027,2303 2062,2303 2062,2243"/>
                    <TextEquiv>
                        <Unicode>de</Unicode>
                    </TextEquiv>
                </Word>
                <Word id="r_3010_tl_10_w8" custom="readingOrder {index:7;}">
                    <Coords points="2085,2240 2085,2300 2196,2300 2196,2240"/>
                    <TextEquiv>
                        <Unicode>vieille</Unicode>
                    </TextEquiv>
                </Word>
                <Word id="r_3010_tl_10_w9" custom="readingOrder {index:8;}">
                    <Coords points="2223,2243 2223,2303 2352,2303 2352,2243"/>
                    <TextEquiv>
                        <Unicode>Roche,</Unicode>
                    </TextEquiv>
                </Word>
                <TextEquiv>
                    <Unicode>ou lettres modernes de deux amans de vieille Roche,</Unicode>
                </TextEquiv>
            </TextLine>
            <TextLine id="r_3010_tl_11" custom="readingOrder {index:10;}">
                <Coords points="1339,2344 2352,2344 2351,2298 1338,2286"/>
                <Baseline points="1346,2331 1391,2328 1436,2328 1480,2325 1525,2331 1570,2331 1615,2328 1659,2331 1704,2331 1749,2334 1794,2337 1839,2334 1883,2334 1895,2334 1907,2331 1952,2331 1997,2331 2042,2331 2086,2334 2131,2331 2176,2331 2221,2334 2266,2334 2310,2334 2355,2337"/>
                <Word id="r_3010_tl_11_w1" custom="readingOrder {index:0;}">
                    <Coords points="1338,2290 1338,2350 1370,2350 1370,2290"/>
                    <TextEquiv>
                        <Unicode>8,</Unicode>
                    </TextEquiv>
                </Word>
                <Word id="r_3010_tl_11_w2" custom="readingOrder {index:1;}">
                    <Coords points="1393,2288 1393,2348 1462,2348 1462,2288"/>
                    <TextEquiv>
                        <Unicode>Frf.</Unicode>
                    </TextEquiv>
                </Word>
                <Word id="r_3010_tl_11_w3" custom="readingOrder {index:2;}">
                    <Coords points="1485,2291 1485,2351 1577,2351 1577,2291"/>
                    <TextEquiv>
                        <Unicode>764.</Unicode>
                    </TextEquiv>
                </Word>
                <Word id="r_3010_tl_11_w4" custom="readingOrder {index:3;}">
                    <Coords points="1610,2288 1610,2348 1631,2348 1631,2288"/>
                    <TextEquiv>
                        <Unicode>1</Unicode>
                    </TextEquiv>
                </Word>
                <Word id="r_3010_tl_11_w5" custom="readingOrder {index:4;}">
                    <Coords points="1659,2291 1659,2351 1691,2351 1691,2291"/>
                    <TextEquiv>
                        <Unicode>fl.</Unicode>
                    </TextEquiv>
                </Word>
                <Word id="r_3010_tl_11_w6" custom="readingOrder {index:5;}">
                    <Coords points="1719,2293 1719,2353 1756,2353 1756,2293"/>
                    <TextEquiv>
                        <Unicode>24</Unicode>
                    </TextEquiv>
                </Word>
                <Word id="r_3010_tl_11_w7" custom="readingOrder {index:6;}">
                    <Coords points="1790,2295 1790,2355 1844,2355 1844,2295"/>
                    <TextEquiv>
                        <Unicode>gr.</Unicode>
                    </TextEquiv>
                </Word>
                <Word id="r_3010_tl_11_w8" custom="readingOrder {index:7;}">
                    <Coords points="1915,2291 1915,2351 2072,2351 2072,2291"/>
                    <TextEquiv>
                        <Unicode>Babioles</Unicode>
                    </TextEquiv>
                </Word>
                <Word id="r_3010_tl_11_w9" custom="readingOrder {index:8;}">
                    <Coords points="2105,2292 2105,2352 2279,2352 2279,2292"/>
                    <TextEquiv>
                        <Unicode>litteraires</Unicode>
                    </TextEquiv>
                </Word>
                <Word id="r_3010_tl_11_w10" custom="readingOrder {index:9;}">
                    <Coords points="2317,2294 2317,2354 2328,2354 2328,2294"/>
                    <TextEquiv>
                        <Unicode>&amp;</Unicode>
                    </TextEquiv>
                </Word>
                <TextEquiv>
                    <Unicode>8, Frf. 764. 1 fl. 24 gr. Babioles litteraires &amp;</Unicode>
                </TextEquiv>
            </TextLine>
            <TextLine id="r_3010_tl_12" custom="readingOrder {index:11;}">
                <Coords points="1330,2396 2161,2388 2311,2422 2349,2356 1329,2342"/>
                <Baseline points="1337,2376 1382,2376 1427,2376 1471,2379 1516,2376 1561,2379 1606,2379 1650,2379 1695,2379 1740,2379 1785,2382 1830,2382 1874,2382 1919,2382 1964,2382 2009,2382 2054,2385 2098,2385 2143,2385 2188,2385 2233,2388 2277,2388 2322,2388 2352,2391"/>
                <Word id="r_3010_tl_12_w1" custom="readingOrder {index:0;}">
                    <Coords points="1335,2336 1335,2396 1489,2396 1489,2336"/>
                    <TextEquiv>
                        <Unicode>critiques</Unicode>
                    </TextEquiv>
                </Word>
                <Word id="r_3010_tl_12_w2" custom="readingOrder {index:1;}">
                    <Coords points="1512,2336 1512,2396 1539,2396 1539,2336"/>
                    <TextEquiv>
                        <Unicode>en</Unicode>
                    </TextEquiv>
                </Word>
                <Word id="r_3010_tl_12_w3" custom="readingOrder {index:2;}">
                    <Coords points="1567,2339 1567,2399 1661,2399 1661,2339"/>
                    <TextEquiv>
                        <Unicode>prose</Unicode>
                    </TextEquiv>
                </Word>
                <Word id="r_3010_tl_12_w4" custom="readingOrder {index:3;}">
                    <Coords points="1689,2339 1689,2399 1700,2399 1700,2339"/>
                    <TextEquiv>
                        <Unicode>&amp;</Unicode>
                    </TextEquiv>
                </Word>
                <Word id="r_3010_tl_12_w5" custom="readingOrder {index:4;}">
                    <Coords points="1739,2340 1739,2400 1771,2400 1771,2340"/>
                    <TextEquiv>
                        <Unicode>en</Unicode>
                    </TextEquiv>
                </Word>
                <Word id="r_3010_tl_12_w6" custom="readingOrder {index:5;}">
                    <Coords points="1800,2342 1800,2402 1865,2402 1865,2342"/>
                    <TextEquiv>
                        <Unicode>vers</Unicode>
                    </TextEquiv>
                </Word>
                <Word id="r_3010_tl_12_w7" custom="readingOrder {index:6;}">
                    <Coords points="1888,2342 1888,2402 1921,2402 1921,2342"/>
                    <TextEquiv>
                        <Unicode>5.</Unicode>
                    </TextEquiv>
                </Word>
                <Word id="r_3010_tl_12_w8" custom="readingOrder {index:7;}">
                    <Coords points="1944,2342 1944,2402 2020,2402 2020,2342"/>
                    <TextEquiv>
                        <Unicode>Vol.</Unicode>
                    </TextEquiv>
                </Word>
                <Word id="r_3010_tl_12_w9" custom="readingOrder {index:8;}">
                    <Coords points="2043,2345 2043,2405 2087,2405 2087,2345"/>
                    <TextEquiv>
                        <Unicode>8,</Unicode>
                    </TextEquiv>
                </Word>
                <Word id="r_3010_tl_12_w10" custom="readingOrder {index:9;}">
                    <Coords points="2110,2345 2110,2405 2242,2405 2242,2345"/>
                    <TextEquiv>
                        <Unicode>Hamb.</Unicode>
                    </TextEquiv>
                </Word>
                <Word id="r_3010_tl_12_w11" custom="readingOrder {index:10;}">
                    <Coords points="2259,2348 2259,2408 2347,2408 2347,2348"/>
                    <TextEquiv>
                        <Unicode>764.</Unicode>
                    </TextEquiv>
                </Word>
                <TextEquiv>
                    <Unicode>critiques en prose &amp; en vers 5. Vol. 8, Hamb. 764.</Unicode>
                </TextEquiv>
            </TextLine>
            <TextLine id="r_3010_tl_13" custom="readingOrder {index:12;}">
                <Coords points="1330,2432 1343,2432 1354,2438 1369,2433 1378,2440 1389,2433 1397,2437 1402,2432 1419,2436 1419,2397 1410,2397 1398,2389 1387,2396 1373,2394 1367,2400 1362,2396 1353,2401 1348,2398 1342,2401 1330,2396"/>
                <Baseline points="1337,2430 1376,2427 1421,2427"/>
                <Word id="r_3010_tl_13_w1" custom="readingOrder {index:0;}">
                    <Coords points="1335,2389 1335,2449 1357,2449 1357,2389"/>
                    <TextEquiv>
                        <Unicode>I</Unicode>
                    </TextEquiv>
                </Word>
                <Word id="r_3010_tl_13_w2" custom="readingOrder {index:1;}">
                    <Coords points="1379,2387 1379,2447 1422,2447 1422,2387"/>
                    <TextEquiv>
                        <Unicode>fl.</Unicode>
                    </TextEquiv>
                </Word>
                <TextEquiv>
                    <Unicode>I fl.</Unicode>
                </TextEquiv>
            </TextLine>
            <TextEquiv>
                <Unicode></Unicode>
            </TextEquiv>
        </TextRegion>
        <TextRegion id="r_3022" custom="readingOrder {index:3;}">
            <Coords points="2382,2446 2382,2770 1326,2770 1323,2446"/>
            <TextLine id="r_3022_tl_1" custom="readingOrder {index:0;}">
                <Coords points="1336,2517 2070,2531 2124,2504 2344,2538 2342,2449 1335,2433"/>
                <Baseline points="1343,2495 1388,2495 1433,2498 1477,2498 1522,2498 1567,2495 1612,2495 1656,2495 1701,2495 1746,2495 1791,2501 1836,2501 1880,2501 1925,2501 1970,2501 2015,2501 2060,2504 2104,2504 2149,2504 2194,2507 2239,2513 2283,2510 2328,2510 2346,2510"/>
                <Word id="r_3022_tl_1_w1" custom="readingOrder {index:0;}">
                    <Coords points="1354,2458 1354,2518 1685,2518 1685,2458"/>
                    <TextEquiv>
                        <Unicode>Wechsel-Cours</Unicode>
                    </TextEquiv>
                </Word>
                <Word id="r_3022_tl_1_w2" custom="readingOrder {index:1;}">
                    <Coords points="1706,2455 1706,2515 1715,2515 1715,2455"/>
                    <TextEquiv>
                        <Unicode>&amp;</Unicode>
                    </TextEquiv>
                </Word>
                <Word id="r_3022_tl_1_w3" custom="readingOrder {index:2;}">
                    <Coords points="1765,2461 1765,2521 1920,2521 1920,2461"/>
                    <TextEquiv>
                        <Unicode>Species</Unicode>
                    </TextEquiv>
                </Word>
                <Word id="r_3022_tl_1_w4" custom="readingOrder {index:3;}">
                    <Coords points="1941,2461 1941,2521 1979,2521 1979,2461"/>
                    <TextEquiv>
                        <Unicode>d.</Unicode>
                    </TextEquiv>
                </Word>
                <Word id="r_3022_tl_1_w5" custom="readingOrder {index:4;}">
                    <Coords points="2000,2462 2000,2522 2067,2522 2067,2462"/>
                    <TextEquiv>
                        <Unicode>29.</Unicode>
                    </TextEquiv>
                </Word>
                <Word id="r_3022_tl_1_w6" custom="readingOrder {index:5;}">
                    <Coords points="2088,2464 2088,2524 2194,2524 2194,2464"/>
                    <TextEquiv>
                        <Unicode>Nov.</Unicode>
                    </TextEquiv>
                </Word>
                <Word id="r_3022_tl_1_w7" custom="readingOrder {index:6;}">
                    <Coords points="2215,2470 2215,2530 2341,2530 2341,2470"/>
                    <TextEquiv>
                        <Unicode>1764.</Unicode>
                    </TextEquiv>
                </Word>
                <TextEquiv>
                    <Unicode>Wechsel-Cours &amp; Species d. 29. Nov. 1764.</Unicode>
                </TextEquiv>
            </TextLine>
            <TextLine id="r_3022_tl_2" custom="readingOrder {index:1;}">
                <Coords points="1916,2563 1947,2572 2010,2559 2036,2574 2070,2567 2181,2587 2235,2578 2236,2534 2193,2523 2031,2526 1960,2509 1914,2517"/>
                <Baseline points="1922,2546 1967,2552 2012,2555 2057,2555 2101,2558 2146,2561 2191,2561 2236,2561 2239,2561"/>
                <Word id="r_3022_tl_2_w1" custom="readingOrder {index:0;}">
                    <Coords points="1921,2509 1921,2569 1968,2569 1968,2509"/>
                    <TextEquiv>
                        <Unicode>71</Unicode>
                    </TextEquiv>
                </Word>
                <Word id="r_3022_tl_2_w2" custom="readingOrder {index:1;}">
                    <Coords points="1987,2515 1987,2575 2077,2575 2077,2515"/>
                    <TextEquiv>
                        <Unicode>Tage</Unicode>
                    </TextEquiv>
                </Word>
                <Word id="r_3022_tl_2_w3" custom="readingOrder {index:2;}">
                    <Coords points="2102,2521 2102,2581 2233,2581 2233,2521"/>
                    <TextEquiv>
                        <Unicode>305gr.</Unicode>
                    </TextEquiv>
                </Word>
                <TextEquiv>
                    <Unicode>71 Tage 305gr.</Unicode>
                </TextEquiv>
            </TextLine>
            <TextLine id="r_3022_tl_3" custom="readingOrder {index:2;}">
                <Coords points="1339,2556 1580,2571 1722,2558 1797,2587 1860,2575 1860,2522 1762,2509 1695,2521 1660,2500 1565,2538 1490,2513 1339,2517"/>
                <Baseline points="1346,2549 1391,2549 1436,2549 1480,2549 1525,2552 1570,2552 1615,2552 1659,2549 1704,2549 1749,2552 1794,2555 1839,2558 1862,2555"/>
                <Word id="r_3022_tl_3_w1" custom="readingOrder {index:0;}">
                    <Coords points="1346,2509 1346,2569 1527,2569 1527,2509"/>
                    <TextEquiv>
                        <Unicode>Amsterdam</Unicode>
                    </TextEquiv>
                </Word>
                <Word id="r_3022_tl_3_w2" custom="readingOrder {index:1;}">
                    <Coords points="1567,2512 1567,2572 1612,2572 1612,2512"/>
                    <TextEquiv>
                        <Unicode>41</Unicode>
                    </TextEquiv>
                </Word>
                <Word id="r_3022_tl_3_w3" custom="readingOrder {index:2;}">
                    <Coords points="1630,2509 1630,2569 1715,2569 1715,2509"/>
                    <TextEquiv>
                        <Unicode>Tage</Unicode>
                    </TextEquiv>
                </Word>
                <Word id="r_3022_tl_3_w4" custom="readingOrder {index:3;}">
                    <Coords points="1738,2515 1738,2575 1862,2575 1862,2515"/>
                    <TextEquiv>
                        <Unicode>307gr.</Unicode>
                    </TextEquiv>
                </Word>
                <TextEquiv>
                    <Unicode>Amsterdam 41 Tage 307gr.</Unicode>
                </TextEquiv>
            </TextLine>
            <TextLine id="r_3022_tl_4" custom="readingOrder {index:3;}">
                <Coords points="1342,2611 1478,2606 1553,2626 1621,2607 1718,2637 1794,2624 1794,2575 1777,2570 1705,2576 1630,2557 1403,2575 1342,2557"/>
                <Baseline points="1349,2597 1394,2600 1439,2600 1483,2600 1528,2597 1573,2597 1618,2600 1662,2600 1707,2603 1752,2600 1797,2603"/>
                <Word id="r_3022_tl_4_w1" custom="readingOrder {index:0;}">
                    <Coords points="1343,2560 1343,2620 1516,2620 1516,2560"/>
                    <TextEquiv>
                        <Unicode>Hamburg</Unicode>
                    </TextEquiv>
                </Word>
                <Word id="r_3022_tl_4_w2" custom="readingOrder {index:1;}">
                    <Coords points="1546,2557 1546,2617 1557,2617 1557,2557"/>
                    <TextEquiv>
                        <Unicode>3</Unicode>
                    </TextEquiv>
                </Word>
                <Word id="r_3022_tl_4_w3" custom="readingOrder {index:2;}">
                    <Coords points="1582,2559 1582,2619 1635,2619 1635,2559"/>
                    <TextEquiv>
                        <Unicode>W.</Unicode>
                    </TextEquiv>
                </Word>
                <Word id="r_3022_tl_4_w4" custom="readingOrder {index:3;}">
                    <Coords points="1660,2561 1660,2621 1719,2621 1719,2561"/>
                    <TextEquiv>
                        <Unicode>133</Unicode>
                    </TextEquiv>
                </Word>
                <Word id="r_3022_tl_4_w5" custom="readingOrder {index:4;}">
                    <Coords points="1743,2560 1743,2620 1790,2620 1790,2560"/>
                    <TextEquiv>
                        <Unicode>gr.</Unicode>
                    </TextEquiv>
                </Word>
                <TextEquiv>
                    <Unicode>Hamburg 3 W. 133 gr.</Unicode>
                </TextEquiv>
            </TextLine>
            <TextLine id="r_3022_tl_5" custom="readingOrder {index:4;}">
                <Coords points="1879,2606 1925,2616 1995,2610 2013,2625 2048,2621 2065,2608 2097,2628 2121,2628 2143,2623 2142,2574 2094,2579 2072,2570 2056,2579 1981,2562 1936,2571 1913,2558 1878,2561"/>
                <Baseline points="1886,2600 1931,2600 1976,2603 2021,2600 2065,2606 2110,2606 2146,2609"/>
                <Word id="r_3022_tl_5_w1" custom="readingOrder {index:0;}">
                    <Coords points="1885,2560 1885,2620 1896,2620 1896,2560"/>
                    <TextEquiv>
                        <Unicode>6</Unicode>
                    </TextEquiv>
                </Word>
                <Word id="r_3022_tl_5_w2" custom="readingOrder {index:1;}">
                    <Coords points="1926,2561 1926,2621 1983,2621 1983,2561"/>
                    <TextEquiv>
                        <Unicode>W.</Unicode>
                    </TextEquiv>
                </Word>
                <Word id="r_3022_tl_5_w3" custom="readingOrder {index:2;}">
                    <Coords points="2001,2561 2001,2621 2064,2621 2064,2561"/>
                    <TextEquiv>
                        <Unicode>132</Unicode>
                    </TextEquiv>
                </Word>
                <Word id="r_3022_tl_5_w4" custom="readingOrder {index:3;}">
                    <Coords points="2088,2566 2088,2626 2145,2626 2145,2566"/>
                    <TextEquiv>
                        <Unicode>gr.</Unicode>
                    </TextEquiv>
                </Word>
                <TextEquiv>
                    <Unicode>6 W. 132 gr.</Unicode>
                </TextEquiv>
            </TextLine>
            <TextLine id="r_3022_tl_6" custom="readingOrder {index:5;}">
                <Coords points="1339,2660 1354,2657 1366,2663 1416,2654 1468,2657 1469,2621 1450,2624 1433,2611 1424,2614 1416,2607 1402,2619 1394,2611 1370,2617 1362,2608 1340,2610"/>
                <Baseline points="1346,2648 1382,2648 1427,2648 1471,2645"/>
                <Word id="r_3022_tl_6_w1" custom="readingOrder {index:0;}">
                    <Coords points="1339,2608 1339,2668 1456,2668 1456,2608"/>
                    <TextEquiv>
                        <Unicode>Berlin</Unicode>
                    </TextEquiv>
                </Word>
                <TextEquiv>
                    <Unicode>Berlin</Unicode>
                </TextEquiv>
            </TextLine>
            <TextLine id="r_3022_tl_7" custom="readingOrder {index:6;}">
                <Coords points="1839,2661 1933,2675 1967,2656 2035,2675 2154,2659 2184,2678 2269,2661 2268,2635 2188,2617 2098,2628 2063,2608 2039,2625 1991,2610 1913,2629 1883,2607 1838,2610"/>
                <Baseline points="1845,2651 1889,2648 1934,2651 1979,2651 2024,2654 2068,2654 2113,2654 2158,2654 2203,2657 2248,2657 2271,2660"/>
                <Word id="r_3022_tl_7_w1" custom="readingOrder {index:0;}">
                    <Coords points="1845,2609 1845,2669 1992,2669 1992,2609"/>
                    <TextEquiv>
                        <Unicode>Dantzig</Unicode>
                    </TextEquiv>
                </Word>
                <Word id="r_3022_tl_7_w2" custom="readingOrder {index:1;}">
                    <Coords points="2032,2614 2032,2674 2067,2674 2067,2614"/>
                    <TextEquiv>
                        <Unicode>26</Unicode>
                    </TextEquiv>
                </Word>
                <Word id="r_3022_tl_7_w3" custom="readingOrder {index:2;}">
                    <Coords points="2101,2614 2101,2674 2152,2674 2152,2614"/>
                    <TextEquiv>
                        <Unicode>pr.</Unicode>
                    </TextEquiv>
                </Word>
                <Word id="r_3022_tl_7_w4" custom="readingOrder {index:3;}">
                    <Coords points="2175,2617 2175,2677 2254,2677 2254,2617"/>
                    <TextEquiv>
                        <Unicode>Cto.</Unicode>
                    </TextEquiv>
                </Word>
                <TextEquiv>
                    <Unicode>Dantzig 26 pr. Cto.</Unicode>
                </TextEquiv>
            </TextLine>
            <TextLine id="r_3022_tl_8" custom="readingOrder {index:7;}">
                <Coords points="1336,2705 1562,2705 1607,2719 1651,2704 1773,2727 1773,2681 1669,2647 1379,2666 1336,2652"/>
                <Baseline points="1343,2698 1388,2698 1433,2698 1477,2698 1522,2698 1567,2695 1612,2695 1656,2698 1701,2698 1746,2701 1776,2701"/>
                <Word id="r_3022_tl_8_w1" custom="readingOrder {index:0;}">
                    <Coords points="1342,2658 1342,2718 1484,2718 1484,2658"/>
                    <TextEquiv>
                        <Unicode>Ducaten</Unicode>
                    </TextEquiv>
                </Word>
                <Word id="r_3022_tl_8_w2" custom="readingOrder {index:1;}">
                    <Coords points="1507,2656 1507,2716 1583,2716 1583,2656"/>
                    <TextEquiv>
                        <Unicode>neue</Unicode>
                    </TextEquiv>
                </Word>
                <Word id="r_3022_tl_8_w3" custom="readingOrder {index:2;}">
                    <Coords points="1606,2655 1606,2715 1616,2715 1616,2655"/>
                    <TextEquiv>
                        <Unicode>9</Unicode>
                    </TextEquiv>
                </Word>
                <Word id="r_3022_tl_8_w4" custom="readingOrder {index:3;}">
                    <Coords points="1639,2657 1639,2717 1672,2717 1672,2657"/>
                    <TextEquiv>
                        <Unicode>fl.</Unicode>
                    </TextEquiv>
                </Word>
                <Word id="r_3022_tl_8_w5" custom="readingOrder {index:4;}">
                    <Coords points="1689,2658 1689,2718 1699,2718 1699,2658"/>
                    <TextEquiv>
                        <Unicode>2</Unicode>
                    </TextEquiv>
                </Word>
                <Word id="r_3022_tl_8_w6" custom="readingOrder {index:5;}">
                    <Coords points="1716,2660 1716,2720 1770,2720 1770,2660"/>
                    <TextEquiv>
                        <Unicode>gr.</Unicode>
                    </TextEquiv>
                </Word>
                <TextEquiv>
                    <Unicode>Ducaten neue 9 fl. 2 gr.</Unicode>
                </TextEquiv>
            </TextLine>
            <TextLine id="r_3022_tl_9" custom="readingOrder {index:8;}">
                <Coords points="1922,2709 2280,2723 2334,2715 2333,2672 2285,2663 2178,2679 2143,2660 2016,2675 1920,2657"/>
                <Baseline points="1928,2698 1973,2698 2018,2701 2063,2701 2107,2701 2152,2704 2197,2707 2242,2707 2286,2707 2331,2707 2334,2707"/>
                <Word id="r_3022_tl_9_w1" custom="readingOrder {index:0;}">
                    <Coords points="1926,2659 1926,2719 2057,2719 2057,2659"/>
                    <TextEquiv>
                        <Unicode>Alberts</Unicode>
                    </TextEquiv>
                </Word>
                <Word id="r_3022_tl_9_w2" custom="readingOrder {index:1;}">
                    <Coords points="2075,2662 2075,2722 2171,2722 2171,2662"/>
                    <TextEquiv>
                        <Unicode>Taler</Unicode>
                    </TextEquiv>
                </Word>
                <Word id="r_3022_tl_9_w3" custom="readingOrder {index:2;}">
                    <Coords points="2189,2667 2189,2727 2251,2727 2251,2667"/>
                    <TextEquiv>
                        <Unicode>130</Unicode>
                    </TextEquiv>
                </Word>
                <Word id="r_3022_tl_9_w4" custom="readingOrder {index:3;}">
                    <Coords points="2274,2667 2274,2727 2331,2727 2331,2667"/>
                    <TextEquiv>
                        <Unicode>gr.</Unicode>
                    </TextEquiv>
                </Word>
                <TextEquiv>
                    <Unicode>Alberts Taler 130 gr.</Unicode>
                </TextEquiv>
            </TextLine>
            <TextLine id="r_3022_tl_10" custom="readingOrder {index:9;}">
                <Coords points="1347,2762 1411,2754 1460,2763 1472,2750 1490,2759 1556,2755 1572,2767 1624,2762 1624,2726 1548,2713 1496,2723 1424,2703 1345,2714"/>
                <Baseline points="1352,2746 1397,2746 1442,2749 1486,2749 1531,2749 1576,2749 1621,2752 1627,2749"/>
                <Word id="r_3022_tl_10_w1" custom="readingOrder {index:0;}">
                    <Coords points="1346,2706 1346,2766 1455,2766 1455,2706"/>
                    <TextEquiv>
                        <Unicode>Rubel</Unicode>
                    </TextEquiv>
                </Word>
                <Word id="r_3022_tl_10_w2" custom="readingOrder {index:1;}">
                    <Coords points="1478,2709 1478,2769 1541,2769 1541,2709"/>
                    <TextEquiv>
                        <Unicode>111</Unicode>
                    </TextEquiv>
                </Word>
                <Word id="r_3022_tl_10_w3" custom="readingOrder {index:2;}">
                    <Coords points="1570,2710 1570,2770 1622,2770 1622,2710"/>
                    <TextEquiv>
                        <Unicode>gr.</Unicode>
                    </TextEquiv>
                </Word>
                <TextEquiv>
                    <Unicode>Rubel 111 gr.</Unicode>
                </TextEquiv>
            </TextLine>
            <TextLine id="r_3022_tl_11" custom="readingOrder {index:10;}">
                <Coords points="1820,2782 2342,2786 2349,2722 2049,2722 1818,2696"/>
                <Baseline points="1827,2749 1871,2749 1916,2749 1961,2749 2006,2749 2051,2752 2095,2755 2140,2755 2185,2758 2230,2755 2274,2752 2319,2749 2352,2749"/>
                <Word id="r_3022_tl_11_w1" custom="readingOrder {index:0;}">
                    <Coords points="1834,2709 1834,2769 1887,2769 1887,2709"/>
                    <TextEquiv>
                        <Unicode>Alt</Unicode>
                    </TextEquiv>
                </Word>
                <Word id="r_3022_tl_11_w2" custom="readingOrder {index:1;}">
                    <Coords points="1897,2709 1897,2769 2032,2769 2032,2709"/>
                    <TextEquiv>
                        <Unicode>Polnisch</Unicode>
                    </TextEquiv>
                </Word>
                <Word id="r_3022_tl_11_w3" custom="readingOrder {index:2;}">
                    <Coords points="2060,2715 2060,2775 2131,2775 2131,2715"/>
                    <TextEquiv>
                        <Unicode>Geld</Unicode>
                    </TextEquiv>
                </Word>
                <Word id="r_3022_tl_11_w4" custom="readingOrder {index:3;}">
                    <Coords points="2160,2717 2160,2777 2194,2777 2194,2717"/>
                    <TextEquiv>
                        <Unicode>12</Unicode>
                    </TextEquiv>
                </Word>
                <Word id="r_3022_tl_11_w5" custom="readingOrder {index:4;}">
                    <Coords points="2213,2714 2213,2774 2258,2774 2258,2714"/>
                    <TextEquiv>
                        <Unicode>pr.</Unicode>
                    </TextEquiv>
                </Word>
                <Word id="r_3022_tl_11_w6" custom="readingOrder {index:5;}">
                    <Coords points="2277,2709 2277,2769 2347,2769 2347,2709"/>
                    <TextEquiv>
                        <Unicode>Cto.</Unicode>
                    </TextEquiv>
                </Word>
                <TextEquiv>
                    <Unicode>Alt Polnisch Geld 12 pr. Cto.</Unicode>
                </TextEquiv>
            </TextLine>
            <TextEquiv>
                <Unicode></Unicode>
            </TextEquiv>
        </TextRegion>
        <TextRegion id="r_3023" custom="readingOrder {index:4;}">
            <Coords points="2382,2770 2382,2990 1328,2990 1326,2770"/>
            <TextLine id="r_3023_tl_1" custom="readingOrder {index:0;}">
                <Coords points="1339,2834 2356,2831 2334,2779 1339,2790"/>
                <Baseline points="1346,2821 1373,2818 1418,2818 1462,2815 1507,2815 1552,2815 1597,2815 1642,2818 1686,2818 1731,2818 1776,2818 1821,2818 1865,2818 1910,2818 1955,2821 2000,2818 2045,2824 2089,2821 2134,2821 2179,2824 2224,2821 2269,2818 2313,2818 2358,2818"/>
                <Word id="r_3023_tl_1_w1" custom="readingOrder {index:0;}">
                    <Coords points="1344,2778 1344,2838 1437,2838 1437,2778"/>
                    <TextEquiv>
                        <Unicode>Diese</Unicode>
                    </TextEquiv>
                </Word>
                <Word id="r_3023_tl_1_w2" custom="readingOrder {index:1;}">
                    <Coords points="1453,2775 1453,2835 1592,2835 1592,2775"/>
                    <TextEquiv>
                        <Unicode>Gelehrte</Unicode>
                    </TextEquiv>
                </Word>
                <Word id="r_3023_tl_1_w3" custom="readingOrder {index:2;}">
                    <Coords points="1613,2777 1613,2837 1664,2837 1664,2777"/>
                    <TextEquiv>
                        <Unicode>und</Unicode>
                    </TextEquiv>
                </Word>
                <Word id="r_3023_tl_1_w4" custom="readingOrder {index:3;}">
                    <Coords points="1691,2778 1691,2838 1856,2838 1856,2778"/>
                    <TextEquiv>
                        <Unicode>Politische</Unicode>
                    </TextEquiv>
                </Word>
                <Word id="r_3023_tl_1_w5" custom="readingOrder {index:4;}">
                    <Coords points="1873,2779 1873,2839 2001,2839 2001,2779"/>
                    <TextEquiv>
                        <Unicode>Zeitung</Unicode>
                    </TextEquiv>
                </Word>
                <Word id="r_3023_tl_1_w6" custom="readingOrder {index:5;}">
                    <Coords points="2028,2782 2028,2842 2095,2842 2095,2782"/>
                    <TextEquiv>
                        <Unicode>wird</Unicode>
                    </TextEquiv>
                </Word>
                <Word id="r_3023_tl_1_w7" custom="readingOrder {index:6;}">
                    <Coords points="2122,2781 2122,2841 2168,2841 2168,2781"/>
                    <TextEquiv>
                        <Unicode>des</Unicode>
                    </TextEquiv>
                </Word>
                <Word id="r_3023_tl_1_w8" custom="readingOrder {index:7;}">
                    <Coords points="2194,2778 2194,2838 2349,2838 2349,2778"/>
                    <TextEquiv>
                        <Unicode>Montags</Unicode>
                    </TextEquiv>
                </Word>
                <TextEquiv>
                    <Unicode>Diese Gelehrte und Politische Zeitung wird des Montags</Unicode>
                </TextEquiv>
            </TextLine>
            <TextLine id="r_3023_tl_2" custom="readingOrder {index:1;}">
                <Coords points="1432,2883 1936,2869 2125,2896 2257,2867 2255,2826 1431,2824"/>
                <Baseline points="1439,2860 1483,2860 1528,2860 1573,2860 1618,2863 1662,2863 1707,2863 1752,2863 1797,2863 1842,2863 1886,2863 1931,2863 1976,2866 2021,2869 2065,2869 2110,2869 2155,2866 2200,2863 2245,2860 2260,2860"/>
                <Word id="r_3023_tl_2_w1" custom="readingOrder {index:0;}">
                    <Coords points="1442,2820 1442,2880 1495,2880 1495,2820"/>
                    <TextEquiv>
                        <Unicode>und</Unicode>
                    </TextEquiv>
                </Word>
                <Word id="r_3023_tl_2_w2" custom="readingOrder {index:1;}">
                    <Coords points="1528,2822 1528,2882 1678,2882 1678,2822"/>
                    <TextEquiv>
                        <Unicode>Freytags</Unicode>
                    </TextEquiv>
                </Word>
                <Word id="r_3023_tl_2_w3" custom="readingOrder {index:2;}">
                    <Coords points="1700,2823 1700,2883 1727,2883 1727,2823"/>
                    <TextEquiv>
                        <Unicode>in</Unicode>
                    </TextEquiv>
                </Word>
                <Word id="r_3023_tl_2_w4" custom="readingOrder {index:3;}">
                    <Coords points="1754,2823 1754,2883 1797,2883 1797,2823"/>
                    <TextEquiv>
                        <Unicode>dem</Unicode>
                    </TextEquiv>
                </Word>
                <Word id="r_3023_tl_2_w5" custom="readingOrder {index:4;}">
                    <Coords points="1840,2823 1840,2883 2034,2883 2034,2823"/>
                    <TextEquiv>
                        <Unicode>Kanterschen</Unicode>
                    </TextEquiv>
                </Word>
                <Word id="r_3023_tl_2_w6" custom="readingOrder {index:5;}">
                    <Coords points="2067,2825 2067,2885 2244,2885 2244,2825"/>
                    <TextEquiv>
                        <Unicode>Buchladen</Unicode>
                    </TextEquiv>
                </Word>
                <TextEquiv>
                    <Unicode>und Freytags in dem Kanterschen Buchladen</Unicode>
                </TextEquiv>
            </TextLine>
            <TextLine id="r_3023_tl_3" custom="readingOrder {index:2;}">
                <Coords points="1730,2936 1757,2940 1789,2925 1857,2932 1873,2923 1928,2946 1946,2933 1958,2936 1958,2876 1882,2870 1874,2879 1813,2879 1795,2870 1768,2879 1728,2870"/>
                <Baseline points="1737,2907 1782,2907 1827,2904 1871,2907 1916,2907 1961,2910"/>
                <Word id="r_3023_tl_3_w1" custom="readingOrder {index:0;}">
                    <Coords points="1735,2865 1735,2925 1949,2925 1949,2865"/>
                    <TextEquiv>
                        <Unicode>ausgegeben.</Unicode>
                    </TextEquiv>
                </Word>
                <TextEquiv>
                    <Unicode>ausgegeben.</Unicode>
                </TextEquiv>
            </TextLine>
            <TextEquiv>
                <Unicode></Unicode>
            </TextEquiv>
        </TextRegion>
    </Page>
</PcGts>
