2479 3508
520 1189 646 1249 8otes
689 1188 857 1248 Stück.
921 1187 1154 1247 Montag,
1197 1187 1259 1247 den
1313 1187 1354 1247 5.
1389 1181 1630 1241 November
1663 1181 1810 1241 1764.

490 1261 793 1321 Petersburg.

128 1381 383 1441 sching
414 1371 580 1431 begnüget
603 1366 655 1426 sich
694 1366 776 1426 nicht
807 1363 927 1423 allein,
966 1360 1018 1420 die
1042 1357 1139 1417 unter
1177 1348 1342 1408 genheiten
1374 1348 1404 1408 an
1435 1348 1494 1408 Ort
1518 1348 1577 1408 und
1601 1348 1713 1408 Stelle
1744 1348 1797 1408 von
1828 1346 1962 1406 Einfluß
1994 1347 2053 1407 und
2076 1343 2166 1403 Wich

136 1431 242 1491 seiner
281 1425 380 1485 Hand
427 1417 694 1477 aufgewachsene
733 1409 1062 1469 Petersschule
1109 1401 1139 1461 in
1178 1396 1292 1456 tigkeit
1316 1396 1377 1456 seyn
1409 1396 1553 1456 können.
1608 1396 1767 1456 Merklich
1800 1393 1860 1453 ist,
1884 1395 1952 1455 was
1983 1394 2089 1454 wegen
2129 1395 2181 1455 des

133 1482 225 1542 ihrem
267 1475 354 1535 guten
386 1467 606 1527 Fortkommen
639 1464 669 1524 zu
695 1458 870 1518 erhalten,
896 1455 1024 1515 sondern
1066 1452 1138 1512 auch

129 1529 302 1589 auswärts
325 1521 455 1581 Früchte
483 1516 531 1576 des
554 1514 679 1574 Fleißes
707 1507 733 1567 zu
767 1506 957 1566 versenden,
974 1503 1033 1563 und
1056 1503 1148 1563 Ruß¬

126 1581 203 1641 land
230 1574 401 1634 bekannter
422 1569 453 1629 zu
490 1563 646 1623 machen,
677 1558 786 1618 damit
818 1556 885 1616 auch
927 1549 978 1609 für
1011 1548 1057 1608 die
1078 1545 1150 1605 Ge¬

129 1628 335 1688 lehrsamkeit
364 1619 474 1679 Gold
508 1613 570 1673 von
598 1605 893 1665 Mitternacht
916 1600 1055 1660 komme.
1084 1595 1139 1655 So

136 1683 262 1743 nutzbar
304 1677 350 1737 die
391 1667 681 1727 Müllerschen
723 1657 978 1717 Sammlungen
1020 1649 1048 1709 in
1095 1645 1146 1705 der

136 1733 322 1793 Russischen
364 1721 550 1781 Geschichte
587 1716 646 1776 und
689 1709 929 1769 Topographie
960 1703 1061 1763 sind:

134 1781 297 1841 rühmlich
334 1778 394 1838 sind
444 1775 516 1835 auch
553 1768 601 1828 die
632 1762 996 1822 Büschingischen
1040 1754 1160 1814 Unter¬

125 1826 361 1886 nehmungen.
434 1816 540 1876 Unser
574 1810 733 1870 Verleger
763 1805 821 1865 hat
850 1805 1018 1865 gedruckt:
1058 1796 1153 1856 "Ge¬

144 1921 217 1981 „von
250 1915 409 1975 Rußland
447 1906 595 1966 geliefert
628 1897 685 1957 von
723 1894 776 1954 der
803 1891 935 1951 Schule
962 1887 1009 1947 der
1037 1885 1158 1945 Spra¬

135 1972 261 2032 2chen,
281 1966 407 2026 Künste
434 1955 493 2015 und
520 1946 778 2006 Wissenschaften
813 1942 865 2002 bey
899 1939 951 1999 der
978 1936 1150 1996 evangeli=
1171 1930 1422 1990 gestorbnen
1463 1927 1529 1987 und
1569 1930 1860 1990 verehlichten
1908 1929 1947 1989 in
1994 1930 2073 1990 St.
2100 1936 2179 1996 Pe¬

124 2069 415 2129 sherausgegeben
462 2052 524 2112 von
577 2046 736 2106 derselben
789 2043 949 2103 Director
990 2037 1041 2097 D.
1070 2033 1149 2093 An¬

133 2118 223 2178 Nton
268 2108 481 2168 Friedrich
527 2097 771 2157 Büsching,
804 2093 855 2153 des
888 2091 926 2151 1.
946 2089 997 2149 B.
1017 2088 1061 2148 1.
1081 2085 1151 2145 St.

1063 2133 1148 2193 Der

139 2171 314 2231 Leipzig,
345 2154 557 2214 Königsberg
601 2148 667 2208 und
698 2145 819 2205 Mitau
850 2142 965 2202 1764,

144 2226 231 2286 Herr
263 2209 489 2269 Sammler
534 2201 596 2261 und
634 2196 935 2256 Mitarbeiter
973 2187 1149 2247 verspricht

131 2279 163 2339 in
196 2270 293 2330 diesen
332 2254 539 2314 periodischen
579 2245 753 2305 Werken!,
799 2245 902 2305 dapon
948 2239 1019 2299 drey
1059 2234 1148 2294 Stü¬

137 2328 181 2388 cke
213 2321 301 2381 einen
340 2309 440 2369 Band
473 2297 662 2357 ausmachen
707 2294 827 2354 sollen,
872 2289 1136 2349 Abhandlungen

140 2377 218 2437 über
238 2361 486 2421 gemeinnützige
513 2345 656 2405 wichtige
683 2345 879 2405 Materien,
906 2339 1075 2399 Urkunden
1102 2333 1128 2393 in

144 2420 326 2480 sonderheit
353 2410 400 2470 des
428 2402 529 2462 Russ.
544 2393 685 2453 Reichs,
712 2393 868 2453 Anzeigen
903 2390 962 2450 und
990 2384 1145 2444 Auszüge
1180 2373 1775 2433 evangelisch-lutherischen
1823 2378 1904 2438 St.
1932 2378 2188 2438 Peterskir¬

135 2473 196 2533 aus
219 2464 313 2524 neuen
348 2451 549 2511 Schriften,
572 2443 621 2503 die
644 2441 710 2501 hier
733 2443 940 2503 erscheinen,
964 2436 996 2496 zu
1025 2435 1153 2495 liefern,

133 2514 342 2574 auswärtige
361 2502 518 2562 Bücher,
542 2494 594 2554 die
624 2488 682 2548 von
717 2493 875 2553 Rußland
911 2483 1079 2543 handeln,
1109 2479 1138 2539 zu

135 2560 373 2620 heurtheilen,
396 2551 458 2611 und
492 2541 679 2601 überhaupt
708 2540 759 2600 für
793 2537 997 2597 Sprachen,
1020 2528 1144 2588 Künste

147 2619 206 2679 und
231 2605 485 2665 Wissenschaften
516 2592 547 2652 zu
572 2588 710 2648 arbeiten
754 2590 765 2650 —
820 2592 874 2652 In
899 2584 996 2644 diesem
1033 2578 1147 2638 Theile

154 2666 248 2726 enden
274 2652 360 2712 wir;
395 2647 446 2707 1)
464 2641 524 2701 Ein
550 2638 766 2698 Tagebuch
802 2638 852 2698 von
888 2635 930 2695 dem
974 2629 1146 2689 Reichs=
1174 2623 1311 2683 weitert
1329 2620 1380 2680 und
1415 2626 1587 2686 vollendet,
1605 2626 1708 2686 1760.
1735 2623 1777 2683 den
1813 2620 1907 2680 11ten
1934 2623 2019 2683 May
2046 2623 2105 2683 alt.
2115 2625 2183 2685 St.

131 2722 227 2782 tage
260 2709 299 2769 zu
339 2694 572 2754 Stockholm
624 2682 681 2742 von
722 2687 961 2747 1755=1756,
994 2679 1058 2739 aus
1091 2676 1142 2736 der

147 2763 361 2823 französischen
389 2743 545 2803 Urschrift
566 2736 651 2796 eines
678 2736 840 2796 würdigen
867 2730 1148 2790 Reichtagsman¬

133 2823 190 2883 nes
216 2811 381 2871 übersetzt.
413 2796 521 2856 Wenn
547 2789 603 2849 uns
630 2781 782 2841 zuweilen
809 2786 852 2846 die
872 2784 967 2844 vielen
993 2780 1152 2840 streitvol¬

149 2872 190 2932 len
222 2869 304 2929 Tage
326 2855 439 2915 solcher
450 2838 762 2898 Versammlungen,
784 2836 835 2896 die
857 2838 897 2898 oft
919 2838 980 2898 nur
1003 2831 1147 2891 Ceremo=

1169 1258 1237 1318 nien
1265 1255 1435 1315 betreffen,
1451 1252 1477 1312 im
1521 1249 1605 1309 Lesen
1633 1252 1803 1312 aufhalten
1830 1249 1904 1309 oder
1932 1252 2075 1312 ermüden
2108 1249 2187 1309 wol¬

164 1333 261 1393 Die
280 1327 488 1387 unermüdete
514 1318 789 1378 Betreibsamkeit
808 1315 857 1375 des
882 1312 980 1372 Hrn.
993 1310 1041 1370 D.
1066 1309 1151 1369 Bü=
1178 1306 1256 1366 len,
1288 1303 1312 1363 so
1337 1301 1410 1361 muß
1441 1300 1508 1360 man
1534 1300 1717 1360 bedenken,
1742 1298 1797 1358 daß
1828 1299 2018 1359 dergleichen
2049 1299 2190 1359 Angele¬

1165 1446 1382 1506 ehrlichen
1414 1443 1636 1503 Schweden
1673 1443 1729 1503 auf
1750 1443 1843 1503 diesem
1890 1440 2086 1500 Reichstage
2113 1445 2185 1505 vor¬

1176 1494 1336 1554 gefallen.
1392 1492 1441 1552 Es
1481 1494 1575 1554 dient
1603 1492 1658 1552 zur
1691 1493 1918 1553 Erläuterung
1957 1490 2007 1550 der
2036 1493 2190 1553 Wilki¬

1171 1542 1281 1602 schen
1321 1542 1453 1602 Händel
1482 1542 1509 1602 in
1543 1542 1714 1602 England.
1765 1541 1809 1601 2)
1837 1539 2076 1599 Geschichte
2110 1541 2181 1601 der

1168 1590 1773 1650 evangelisch=lutherischen
1833 1587 2070 1647 Gemeinen
2130 1588 2168 1648 in

1174 1642 1417 1702 Astrachan,
1446 1640 1490 1700 als
1524 1640 1567 1700 ein
1607 1638 1734 1698 Anfang
1768 1635 1856 1695 einer
1884 1637 2068 1697 Geschichte
2101 1639 2178 1699 aller

1169 1691 1602 1751 evangelisch=lutherischen
1631 1691 1814 1751 Gemeinen
1843 1686 1864 1746 in
1898 1689 2075 1749 Rußland.
2104 1688 2175 1748 Der

1176 1746 1282 1806 jetzige
1312 1745 1435 1805 Pastor
1466 1745 1702 1805 Neubauer
1732 1742 1862 1802 daselbst
1892 1742 1944 1802 hat
1974 1742 2050 1802 diese
2075 1742 2186 1802 Nach¬

1175 1796 1255 1856 richt
1285 1796 1440 1856 ertheilt,
1465 1796 1574 1856 welche
1610 1795 1667 1855 der
1697 1793 2009 1853 Kirchengeschichte
2051 1796 2178 1856 dienlich

149 1873 271 1933 Pfehrte
308 1861 569 1921 Abhandlungen
607 1852 671 1912 und
708 1846 926 1906 Nachrichten
978 1843 1036 1903 aus
1080 1840 1144 1900 und
1182 1837 1246 1897 seyn
1276 1840 1377 1900 kann.
1422 1837 1515 1897 1702
1545 1837 1581 1897 ist
1611 1840 1654 1900 die
1677 1840 1909 1900 astrachansche
1931 1837 2097 1897 Gemeine
2120 1842 2184 1902 ent¬

1176 1882 1320 1942 standen.
1398 1882 1438 1942 3)
1475 1884 1800 1944 Verzeichnisse
1836 1884 1893 1944 von
1935 1886 2187 1946 gebornen,

153 2024 251 2084 behen
285 2014 362 2074 St.
374 2004 605 2064 Peterskirche
629 2000 660 2060 zu
695 1996 771 2056 St.
784 1988 1026 2048 Petersburg,
1071 1984 1137 2044 und
1173 1978 1415 2038 tersburg,
1438 1978 1503 2038 mit
1527 1978 1791 2038 Anmerkungen.
1837 1978 1891 2038 Es
1914 1978 2035 2038 berift
2058 1981 2101 2041 die
2125 1983 2179 2043 Lu¬

1170 2029 1323 2089 theraner
1355 2025 1413 2085 von
1456 2026 1673 2086 Deutschen,
1705 2025 1896 2085 Schweden
1933 2028 1997 2088 und
2034 2033 2182 2093 Finnen,

1174 2080 1222 2140 die
1255 2076 1515 2136 Reformirten,
1548 2075 1607 2135 und
1645 2076 1694 2136 die
1727 2077 1949 2137 Catholicken.
2014 2079 2089 2139 Bey
2128 2082 2176 2142 der

1171 2127 1382 2187 schwedischen
1422 2126 1593 2186 Gemeine
1633 2127 1735 2187 findet
1770 2127 1849 2187 sich,
1878 2128 1935 2188 daß
1970 2127 2026 2187 von
2061 2127 2100 2187 15
2135 2132 2186 2192 Le=

1179 2180 1291 2240 benden
1330 2176 1459 2236 jährlich
1498 2178 1611 2238 einer,
1633 2178 1686 2238 bey
1725 2178 1779 2238 der
1806 2181 2076 2241 Petersgemeine
2114 2181 2168 2241 von

1174 2231 1212 2291 20
1257 2227 1339 2287 einer
1362 2226 1483 2286 sterbe.
1539 2229 1588 2289 4)
1622 2227 1772 2287 Etwas
1806 2229 1882 2289 vom
1927 2230 2170 2290 arabischen

1180 2273 1474 2333 Meerbusen,
1498 2277 1549 2337 der
1578 2279 1780 2339 fälschlich
1815 2279 1884 2339 das
1908 2279 2028 2339 rothe
2052 2281 2178 2341 Meer

1169 2329 1332 2389 genennet
1367 2324 1469 2384 wird.
1526 2329 1577 2389 5)
1611 2330 1855 2390 Geschichte
1889 2330 1956 2390 der
1997 2333 2065 2393 bey
2111 2332 2178 2392 der

1168 2429 1227 2489 che
1277 2423 1548 2483 befindlichen
1598 2432 1760 2492 Schule
1809 2429 1880 2489 der
1924 2427 2184 2487 Sprachen,

1172 2476 1328 2536 Künste
1358 2473 1439 2533 und
1469 2479 1852 2539 Wissenschaften.
1916 2473 1992 2533 Sie
2022 2473 2096 2533 steht
2126 2475 2183 2535 un¬

1173 2525 1225 2585 ter
1257 2522 1309 2582 dem
1363 2522 1541 2582 nämlichen
1579 2527 1874 2587 Kirchenconvent.
1948 2521 2037 2581 Was
2075 2524 2185 2584 Zuck¬

1171 2575 1337 2635 mantel
1355 2574 1533 2634 entworfen
1561 2578 1622 2638 und
1650 2578 1788 2638 anfing,
1811 2572 1873 2632 hat
1890 2572 2101 2632 Büsching
2135 2575 2184 2635 en¬

1178 2672 1267 2732 ward
1289 2670 1384 2730 unter
1406 2675 1490 2735 jenem
1533 2678 1586 2738 der
1607 2673 1803 2733 Grundstein
1835 2670 1888 2730 zur
1915 2673 2042 2733 Schule
2069 2673 2190 2733 gelegt.

1177 2722 1253 2782 Die
1278 2723 1532 2783 lateinische
1563 2721 1818 2781 Innschrift
1848 2721 1871 2781 in
1913 2721 1977 2781 vier
2014 2724 2179 2784 Distichen

1178 2772 1300 2832 möchte
1322 2772 1390 2832 man
1422 2775 1518 2835 lieber
1550 2775 1576 2835 in
1603 2772 1703 2832 Prose
1730 2769 1830 2829 lesen.
1885 2770 1958 2830 Sie
1985 2772 2123 2832 verstoßt
2150 2772 2176 2832 in

1180 2826 1304 2886 einigen
1328 2826 1483 2886 Wörtern
1519 2829 1596 2889 stark
1626 2826 1720 2886 gegen
1757 2823 1810 2883 die
1829 2823 2018 2883 Prosodie,
2043 2822 2101 2882 und
2138 2822 2178 2882 ein

2098 2870 2197 2930 Mo=
