2479 3508
523 1198 645 1258 87tes
695 1190 859 1250 Stück.
934 1192 1164 1252 Freytag,
1199 1187 1263 1247 den
1313 1184 1403 1244 30.
1437 1181 1683 1241 November
1717 1178 1864 1238 1764.

408 1279 504 1339 Der
545 1275 798 1335 verunglückte
839 1270 975 1330 Hund.

206 1447 316 1507 Dem
372 1437 522 1497 höflichen
564 1427 723 1487 Alart,
772 1422 826 1482 dem
889 1419 1026 1479 wachsam
1089 1416 1191 1476 kreuen

715 1470 849 1530 Hunde

181 1541 339 1601 Zerbrach
379 1532 418 1592 ein
458 1528 561 1588 hoher
590 1524 668 1584 Fall
692 1519 748 1579 das
782 1518 885 1578 rechte
914 1515 1140 1575 Vorderbein,

190 1590 238 1650 Er
277 1587 444 1647 wimmert
477 1581 504 1641 in
548 1578 602 1638 dem
656 1572 781 1632 Blut,
819 1569 884 1629 und
922 1566 1014 1626 lecket
1058 1565 1111 1625 sich
1155 1561 1203 1621 die

719 1618 880 1678 Wunde,

189 1696 262 1756 Und
303 1694 384 1754 sieht
419 1691 472 1751 sich
507 1683 642 1743 kläglich
676 1676 756 1736 um,
798 1672 858 1732 und
900 1668 1042 1728 wünscht
1076 1663 1204 1723 geheilt

714 1732 749 1792 zu
784 1724 888 1784 seyn.

240 1833 424 1893 Aleipp,
455 1825 513 1885 sein
551 1822 647 1882 bester
670 1817 824 1877 Freund,
848 1814 972 1874 kommt
995 1811 1113 1871 schnell
1136 1811 1216 1871 vor¬

718 1855 974 1915 beygegangen,

189 1933 271 1993 Des
313 1924 486 1984 Freundes
528 1910 770 1970 Angstgeschrey
819 1905 894 1965 hält
930 1900 984 1960 ihn
1033 1897 1060 1957 im
1123 1896 1205 1956 Lauf

729 1957 861 2017 zurück.

841 2001 1001 2061 Freund!
1037 1999 1084 2059 laß
1126 1996 1197 2056 mich

197 2035 250 2095 Ja
282 2026 412 2086 komm,
451 2017 551 2077 heult
575 2013 612 2073 er
644 2008 697 2068 ihm

735 2055 825 2115 Hülf
846 2050 1027 2110 erlangen;

190 2133 295 2193 Nimm
345 2118 450 2178 Theil
482 2113 512 2173 an
550 2109 673 2169 meinem
724 2103 890 2163 Schmerz
916 2103 971 2163 so,
1009 2100 1070 2160 wie
1102 2095 1207 2155 zuvor

723 2154 762 2214 am
814 2152 948 2212 Glück!

251 2276 323 2336 Ich
360 2267 454 2327 sehe,
484 2259 563 2319 bellt
601 2252 790 2312 Alcipp:
834 2252 899 2312 Du
929 2251 1001 2311 hast
1031 2246 1088 2306 das
1118 2244 1205 2304 Bein

733 2301 936 2361 gebrochen,

199 2374 459 2434 Verunglückter
489 2356 644 2416 Alart,
668 2351 720 2411 der
755 2354 864 2414 Zufall
894 2352 969 2412 thut
993 2348 1056 2408 mir
1085 2342 1171 2402 leid!

785 2398 806 2458 —
873 2398 1032 2458 Nachdem
1087 2393 1120 2453 er
1160 2390 1208 2450 ihn

194 2426 278 2486 Wie
309 2422 405 2482 gerne
436 2414 514 2474 hülf
539 2405 580 2465 ich
617 2399 695 2459 dir?

726 2449 909 2509 berochen,

722 2503 757 2563 es
788 2503 889 2563 sehlet
921 2500 980 2560 mir
1017 2497 1052 2557 an
1083 2494 1178 2554 Zeit.

203 2518 260 2578 So
297 2515 376 2575 bellt
398 2512 456 2572 er:
486 2505 557 2565 Lebe
587 2501 680 2561 wohl

249 2659 472 2719 Verräther,
491 2650 590 2710 prüfe
614 2646 708 2706 dich,
732 2646 790 2706 und
826 2648 926 2708 ändre
956 2643 1043 2703 deine
1080 2638 1220 2698 Triebe!

202 2717 292 2777 Ach!
315 2709 423 2769 ließest
453 2702 480 2762 du
510 2700 561 2760 den
590 2691 721 2751 Freund
755 2694 778 2754 im
824 2697 967 2757 Unglück
990 2694 1046 2754 nur
1070 2691 1098 2751 in
1127 2688 1223 2748 Ruh.

210 2769 274 2829 So
310 2760 458 2820 hündisch
494 2752 576 2812 zeigt
612 2748 658 2808 sich
694 2745 771 2805 kaum
819 2745 847 2805 in
883 2748 930 2808 dir
960 2748 1007 2808 die
1037 2739 1231 2799 Menschen¬

736 2796 845 2856 liebe,

1641 1252 1848 1312 Leipzig.

1292 1306 1367 1366 Bey
1399 1306 1561 1366 Caspar
1593 1306 1743 1366 Fritsch
1787 1303 1824 1363 ist
1856 1303 1906 1363 ein
1938 1300 2037 1360 Werk
2076 1303 2150 1363 über
2195 1305 2238 1365 die

1239 1357 1465 1417 Handlung,
1515 1351 1608 1411 unter
1654 1351 1708 1411 dem
1764 1349 1880 1409 Titel:
1947 1345 2045 1405 "Der
2091 1353 2245 1413 englische

1242 1404 1490 1464 "Kaufmann,
1518 1402 1594 1462 oder
1621 1400 1826 1460 Grundsätze
1854 1399 1907 1459 der
1935 1399 2102 1459 englischen
2135 1403 2248 1463 Hand¬

1245 1455 1363 1515 "lung"
1392 1452 1585 1512 erschienen.
1637 1447 1682 1507 Es
1705 1449 1835 1509 enthält
1853 1447 1989 1507 dasselbe
2006 1446 2040 1506 30
2074 1449 2188 1509 Bogen
2211 1452 2238 1512 in

1229 1505 1289 1565 gr.
1306 1503 1398 1563 Zvo,
1432 1503 1491 1563 und
1524 1500 1562 1560 ist
1596 1502 1660 1562 eine
1688 1500 1923 1560 Uebersetzung
1956 1497 2005 1557 des
2038 1497 2125 1557 nicht
2153 1500 2250 1560 unbe¬

1235 1554 1371 1614 kannten
1405 1551 1590 1611 Negociant
1613 1548 1760 1608 anglois.
1821 1548 1980 1608 Obgleich
2008 1548 2062 1608 das
2090 1551 2253 1611 Original

1236 1604 1335 1664 davon
1370 1603 1399 1663 in
1434 1600 1610 1660 englischer
1639 1599 1796 1659 Sprache
1820 1599 2013 1659 geschrieben
2049 1599 2112 1659 ist,
2136 1602 2159 1662 so
2189 1602 2252 1662 hat

1238 1655 1315 1715 doch
1337 1655 1386 1715 die
1409 1651 1612 1711 französische
1635 1650 1856 1710 Uebersetzung
1890 1649 1944 1709 vor
1972 1649 2143 1709 demselben
2188 1651 2253 1711 ver¬

1242 1706 1396 1766 schiedene
1427 1705 1611 1765 Vorzüge,
1642 1701 1671 1761 so
1701 1702 1760 1762 daß
1796 1703 1849 1763 die
1874 1703 1981 1763 Wahl
2005 1702 2052 1762 des
2088 1703 2242 1763 deutschen

1247 1758 1460 1818 Uebersetzers
1490 1757 1698 1817 nothwendig
1722 1755 1780 1815 auf
1804 1755 1878 1815 diese
1902 1754 1988 1814 fallen
2024 1754 2150 1814 mußte.
2197 1748 2249 1808 Es

1245 1807 1375 1867 enthält
1395 1805 1440 1865 die
1461 1805 1667 1865 französische
1693 1802 1874 1862 Ausgabe,
1899 1803 1999 1863 außer
2021 1802 2070 1862 den
2101 1805 2246 1865 häufigen

1241 1843 1494 1903 Anmerkungen
1528 1843 1594 1903 noch
1628 1842 1695 1902 eine
1719 1840 2025 1900 wohlgeschriebene
2049 1849 2255 1909 Einleitung,

1248 1888 1377 1948 woraus
1405 1888 1469 1948 man
1502 1888 1545 1948 sich
1579 1888 1659 1948 einen
1692 1886 1757 1946 sehr
1785 1889 2017 1949 vollständigen
2045 1894 2169 1954 Begrif
2197 1898 2256 1958 wie

1251 1936 1304 1996 vom
1353 1937 1660 1997 Handlungswesen
1698 1936 1914 1996 überhaupt,
1952 1939 1978 1999 so
2017 1942 2248 2002 insbesondere

1250 1986 1302 2046 von
1335 1986 1387 2046 der
1403 1987 1572 2047 englischen
1604 1987 1784 2047 Handlung
1821 1987 1947 2047 machen
1980 1987 2079 2047 kann.
2154 1996 2243 2056 Man

1245 2036 1356 2096 weiß,
1378 2035 1441 2095 wie
1463 2034 1558 2094 genau
1585 2034 1611 2094 in
1638 2034 1792 2094 England
1819 2034 1866 2094 die
1888 2034 2063 2094 Handlung
2095 2038 2153 2098 mit
2180 2040 2232 2100 dem

1251 2085 1378 2145 Staate
1407 2085 1578 2145 verknüpft
1596 2084 1656 2144 ist,
1685 2085 1745 2145 wie
1762 2086 1800 2146 sie
1829 2085 1979 2145 einander
2007 2088 2240 2148 wechselsweis

1245 2140 1303 2200 zur
1325 2136 1441 2196 Stütze
1468 2136 1606 2196 dienen,
1633 2136 1691 2196 und
1718 2135 1781 2195 wie
1808 2135 1856 2195 die
1877 2136 2041 2196 Kenntniß
2079 2139 2132 2199 der
2159 2142 2248 2202 einen

1251 2187 1345 2247 große
1373 2184 1550 2244 Einsichten
1584 2185 1611 2245 in
1645 2184 1695 2244 die
1723 2185 1923 2245 Verfassung
1956 2187 2006 2247 des
2040 2187 2156 2247 andern
2190 2191 2261 2251 ver¬

1254 2237 1366 2297 schaft:
1395 2231 1424 2291 es
1453 2234 1486 2294 ist
1509 2234 1628 2294 dahero
1651 2237 1912 2297 gegenwärtiges
1936 2234 2031 2294 Werk
2055 2240 2134 2300 nicht
2157 2240 2247 2300 allein

1245 2283 1473 2343 Kaufleuten,
1495 2287 1628 2347 sondern
1665 2288 1734 2348 auch
1767 2288 1947 2348 Gelehrten
1980 2288 2134 2348 nützlich,
2161 2293 2245 2353 deren

1252 2334 1410 2394 Neigung
1442 2333 1516 2393 oder
1543 2339 1780 2399 Bestimmung
1813 2337 1844 2397 es
1876 2337 1939 2397 ist,
1976 2337 2034 2397 das
2066 2339 2171 2399 Wohl
2198 2340 2250 2400 der

1247 2386 1369 2446 Länder
1391 2384 1422 2444 zu
1454 2384 1602 2444 prüfen,
1630 2390 1831 2450 Vorschláge
1858 2387 1889 2447 zu
1922 2387 2118 2447 mancherley
2150 2387 2261 2447 nöthi¬

1250 2436 1303 2496 gen
1330 2435 1610 2495 Verbesserungen
1637 2437 1663 2497 zu
1690 2437 1801 2497 thun,
1823 2437 1886 2497 und
1908 2434 2076 2494 besonders
2103 2435 2150 2495 den
2183 2436 2262 2496 Nu=

1255 2485 1311 2545 tzen
1343 2482 1388 2542 der
1415 2485 1594 2545 Handlung
1621 2488 1718 2548 etwas
1750 2485 1857 2545 weiter
1889 2482 1939 2542 als
1971 2484 2027 2544 auf
2053 2482 2104 2542 den
2131 2485 2259 2545 Beutel

1250 2533 1374 2593 einiger
1400 2539 1680 2599 Privatpersonen
1707 2533 1966 2593 auszudehnen,
1988 2532 2049 2592 und
2086 2533 2148 2593 mit
2175 2534 2257 2594 einer

1251 2581 1321 2641 Elle
1343 2584 1370 2644 so
1392 2584 1469 2644 stolz
1491 2588 1534 2648 als
1562 2588 1627 2648 mit
1650 2585 1731 2645 einem
1776 2581 1884 2641 Zepter
1912 2581 1945 2641 um
1989 2580 2032 2640 sich
2060 2583 2092 2643 zu
2126 2584 2261 2644 werfen.

1258 2632 1331 2692 Die
1348 2633 1489 2693 Vorrede
1516 2638 1563 2698 des
1590 2635 1742 2695 deutschen
1769 2629 1974 2689 Uebersetzers
2001 2632 2127 2692 enthalt
2149 2632 2174 2692 in
2201 2635 2264 2695 die¬

1259 2685 1302 2745 ser
1336 2682 1463 2742 Absicht
1491 2688 1702 2748 verschiedene
1736 2682 1813 2742 gute
1841 2682 2118 2742 Anmerkungen,
2153 2684 2262 2744 welche

1261 2733 1360 2793 unter
1382 2733 1434 2793 dem
1477 2736 1592 2796 Titel:
1619 2732 1676 2792 von
1703 2730 1756 2790 den
1788 2730 1946 2790 Mitteln,
1962 2730 2019 2790 wie
2046 2730 2262 2790 Deutschland

1261 2783 1353 2843 durch
1386 2787 1570 2847 Handlung
1603 2782 1679 2842 reich
1712 2778 1831 2838 werden
1870 2781 1994 2841 könne,
2027 2781 2271 2841 angekündiget

198 2870 256 2930 Du
283 2865 374 2925 hilfst
394 2858 440 2918 ihm
480 2852 565 2912 nicht
592 2848 657 2908 nur
677 2847 781 2907 nicht;
808 2847 847 2907 du
881 2849 1005 2909 spottest
1032 2844 1084 2904 ihn
1118 2841 1222 2901 dazu.
1263 2835 1413 2895 werden.
1460 2841 1537 2901 Die
1564 2832 1728 2892 Materien
1762 2829 1820 2889 von
1854 2832 1952 2892 diesem
1992 2829 2110 2889 Buche
2137 2830 2202 2890 sind
2229 2834 2261 2894 zu

2191 2881 2281 2941 viel¬
