2034 2755
145 178 1007 268 wöhnlich, in Prose übersetzt, und seinen übrigen
143 240 1005 312 nicht unähnlich. 6) Moralische Gedanken über ver¬
156 284 1005 351 schiedne Gegenstände der Religion. Aus dem Eng¬
152 325 1011 390 lischen des Hrn. Young. Breslau 1763. Es ist eine
152 368 1018 427 Art von youngischer Chrestomathie, das ist, von
149 411 1013 474 kurzen Moralen, aus seinen Nächten ausgezogen;
156 452 1015 511 ein Vornehmen, das man klüger unterlaßen hätte,
158 496 1005 556 weil schon das Werk selbst zu vielen bekannt ist
156 535 1009 593 7) Ein Brief, die jenaische Akademie betreffend.
156 578 1011 639 Er handelt meist vom Hrn. geheimten Rath Daries.
154 617 1009 682 Wir begreifen nicht, wie der Brief den 20. Mär
160 658 1015 725 dieses Jahrs unterzeichnet seyn kann, da doch der
156 693 1024 760 Hr. geheimte Rath schon im September vorigen
165 749 1031 812 Jahrs Jena verlaßen hat; und doch wird dieser Ver¬
160 782 1024 847 änderung gar nicht gedacht. 8) Briefe der Lady
165 825 1024 890 Montagve. Aus dem Englischen. Leipz. 1763. Sie
171 864 1024 942 sind schön. 9) Fortsetzung des Artikels aus dem vo¬
162 909 795 985 rigen Stücke von D. Ernesti opusculis.
206 933 1028 1013 Die Beschaffenheit unsrer kritischen Schriften ist
167 992 1026 1048 ein wichtiger Umstand für die Gelehrsamkeit; daher
167 1037 1020 1100 haben wir uns nicht enthalten können, diese etwas
160 1076 1031 1132 weitläuftig durchzugehen; und werden mit gleicher
167 1115 1024 1178 Sorgfalt in ähnlichen Fällen verfahren. Kostet in
165 1126 1786 1221 der Kanterschen Buchhandlung allhier, wie auch in Jetzt sey nur mein bewundernder Gedanke
165 1212 660 1286 Elbing und Mitau a 12 gr.
379 1425 844 1539 Jhro Königliche Hoheit
238 1526 957 1650 Herzogin von Braunschweig
433 1628 766 1719 in Charlottenburg.
175 1799 1007 1903 Wer lehret mich, Dein Glück zu singen, Töne,
216 1877 1037 1966 Du Königes Schwester, die Helden gebar,
175 1948 1011 2031 Berühmtre Kinder, als Amphions Tochtersöhne,
214 2009 777 2096 Und weiser als ihr Nestor war¬
175 2076 944 2174 So wie das Land mit frohen Erndteliedern,
208 2146 935 2236 Die Aehrenkranztragende Ceres empfängt,
608 2278 840 2356 Brüdern,
208 2330 872 2436 Wo Dich ein freudia Volk umdrängt.
1028 167 1851 258 Dir sing es nicht, wie Ferdinand gestritten,
1072 245 1788 331 Dem Panterzerreißenden Löwen glich Er,
1026 301 1892 405 Wand Lorbeer um die Stirn, und holte bey den
1472 375 1626 446 Britten
1067 422 1764 530 Des Kampfes Preis stolz übers Meer.
1033 489 1897 604 Auch will ich Deinen Friedrich nicht erwähnen,
1072 587 1767 669 Der Seine zartnervichtgeschaffene Hand
1041 628 1899 738 Mit Herkuls Muth erhub, und Braunschweig aus
1483 701 1697 797 den Zähnen
1074 747 1602 842 Des Ungeheuerrachens wand.
1044 857 1743 942 Die Muse soll noch auf Accorde sinnen,
1078 907 1829 1000 Zum Lobe der Helden die mächtig gestrebt
1048 992 1868 1057 Nach Ueberwindung, da die Lebensspinnerinnen
1080 1048 1663 1145 Oft heimlich, so wie du, gebebt.
1078 1191 1901 1282 Den blühenden Schwestern der Sieger
1490 1256 1652 1340 geweyht,
1048 1310 1912 1405 Christine sey mein Lied, so schön war nicht
1479 1383 1687 1470 zum Zanke
1080 1429 1578 1533 Vor Troja die Gelegenheit.
1050 1531 1806 1613 So liebenswerth war in des Cäsars Kinde
1087 1587 1845 1678 Nicht für den Pompejus das Herze gebaut,
1044 1667 1868 1730 Und Juliens ihr Geist trug keine Stralenbinde
1087 1723 1691 1821 So wie die Seele dieser Braut.
1044 1801 1836 1879 Ich seh, ich seh den künftigen Empfanger
1089 1868 1901 1957 Des Preußischen Zepters in trunkener Lust
1052 1933 1842 2011 Sie zu besitzen, o dis Glücke war ein langer
1095 2000 1741 2089 Genährter Wunsch in Seiner Brust.
1050 2081 1689 2167 Als die den Frieden fühlende Naide
1091 2120 1827 2215 Nach sieben erschröcklichen Jahren empfing
175 2189 1916 2293 Empfange Dich mein Lied hier unter Deinen Den König, und der Held aus keinem gold¬
1498 2271 1684 2347 nen Bade
1095 2327 1732 2433 Zur Königin zum Gastmahl ging.
1782 2371 1916 2488 Bäsen
