2479 3508
233 333 292 393 und
325 334 384 394 aus
417 339 470 399 dem
509 339 698 399 Propheten
737 339 818 399 einen
856 339 1013 399 frommen
1052 337 1240 397 Schwätzer

234 384 377 444 machen.
442 386 564 446 Sollte
587 386 618 446 es
645 387 767 447 künftig
795 386 911 446 wieder
934 388 986 448 den
1013 386 1136 446 Herren
1168 386 1253 446 Ver¬

238 431 346 491 fassern
373 434 530 494 gefallen,
557 434 622 494 uns
644 437 882 497 umschriebene
899 437 1115 497 Schriftterte
1137 434 1164 494 zu
1197 434 1250 494 lie¬

240 482 332 542 fern,
354 485 381 545 so
414 485 539 545 wollten
566 485 625 545 wir
648 485 680 545 sie
703 486 821 546 ersucht
843 485 979 545 haben,
1001 485 1028 545 ja
1062 485 1148 545 nicht
1170 483 1251 543 über

240 530 289 590 das
316 530 386 590 Ziel
409 535 528 595 hinaus
566 536 593 596 zu
632 533 773 593 treffen,
795 536 860 596 und
893 536 941 596 die
969 536 1153 596 Erbauung
1192 533 1251 593 auf

236 580 354 640 Kosten
386 583 437 643 der
459 583 562 643 Treue
583 586 613 646 zu
645 583 832 643 befördern.
899 586 1018 646 Kostet
1034 583 1059 643 in
1091 583 1142 643 der
1164 583 1256 643 Kan¬

240 631 372 691 terschen
401 632 665 692 Buchhandlung
694 634 832 694 allhier,
866 635 926 695 wie
960 637 1026 697 auch
1060 634 1087 694 in
1126 631 1242 691 Elbing

249 682 306 742 und
336 682 446 742 Mitau
476 685 487 745 3
523 686 557 746 fl.
575 688 615 748 15
640 686 691 746 gr.

480 783 643 843 Bützow
702 782 760 842 und
796 784 1011 844 Wismar.

288 826 526 886 "Sammlung
557 831 758 891 vermischter
783 831 901 891 kleiner
920 831 1110 891 Schriften.
1135 828 1247 888 Erstes

266 877 398 937 Stück,
421 879 437 939 5
459 879 514 939 und
537 879 547 939 1
575 879 686 939 halber
703 879 841 939 Bogen.
908 879 1013 939 Drey
1035 879 1250 939 Abhandlun=

236 925 291 985 gen
322 927 382 987 und
413 927 478 987 eine
494 928 670 988 reimfreye
686 930 751 990 Ode
772 930 832 990 sind
853 930 878 990 in
909 927 1004 987 dieser
1025 930 1257 990 Sammlung.

242 972 311 1032 Die
339 975 414 1035 erste
442 978 664 1038 Abhandlung
708 978 837 1038 enthält
865 975 1130 1035 Betrachtungen
1174 976 1249 1036 über

241 1022 290 1082 die
311 1025 488 1085 Vernunft
508 1025 568 1085 und
600 1025 644 1085 die
670 1025 928 1085 Offenbarung,
959 1025 1064 1085 worin
1101 1025 1150 1085 der
1171 1022 1261 1082 Vor¬

242 1075 296 1135 zug
321 1071 370 1131 der
396 1070 519 1130 letztern
549 1073 603 1133 vor
628 1072 677 1132 der
702 1073 811 1133 erstern
841 1072 989 1132 bewiesen
1020 1071 1118 1131 wird.
1183 1070 1256 1130 Die

241 1122 357 1182 zweyte
385 1121 512 1181 enthåͤlt
534 1121 708 1181 Gedanken
741 1121 815 1181 üͤber
837 1121 889 1181 den
922 1121 1049 1181 Begrif
1071 1121 1118 1181 der
1145 1119 1262 1179 Dicht¬

243 1172 350 1232 kunst.
402 1172 475 1232 Die
498 1169 617 1229 dritte:
646 1172 816 1232 Entwurf
846 1172 931 1232 einer
960 1170 1176 1230 Eintheilung
1205 1168 1255 1228 der

246 1220 623 1280 Rechtsgelehrsamkeit
645 1222 845 1282 überhaupt,
873 1219 932 1279 und
959 1221 1013 1281 der
1035 1219 1251 1279 bürgerlichen

240 1270 494 1330 insbesondere.
543 1273 612 1333 Uns
640 1272 710 1332 stach
737 1273 786 1333 die
808 1273 921 1333 zweyte
943 1270 1159 1330 Abhandlung
1186 1267 1261 1327 her¬

238 1318 321 1378 vor:
357 1321 415 1381 wir
445 1321 553 1381 wollen
593 1321 706 1381 unsere
726 1321 810 1381 Leser
840 1321 967 1381 daraus
998 1323 1105 1383 nutzen
1146 1321 1253 1381 laßen.

251 1364 292 1424 Im
335 1369 488 1429 Anfange
515 1371 616 1431 merkt
638 1372 684 1432 der
706 1372 870 1432 Verfasser
897 1372 960 1432 an,
987 1371 1055 1431 man
1088 1372 1172 1432 haͤtte
1194 1369 1262 1429 ent¬

240 1416 343 1476 weder
369 1419 416 1479 die
437 1416 608 1476 Schriften
639 1419 691 1479 von
722 1419 774 1479 der
795 1417 908 1477 Poesie
935 1421 997 1481 mit
1018 1419 1101 1479 einer
1127 1419 1256 1479 Menge

246 1467 495 1527 willkührlicher
524 1467 677 1527 Begriffe
706 1469 841 1529 erfüllt,
870 1470 944 1530 oder
973 1470 1023 1530 die
1052 1470 1142 1530 Alten
1182 1469 1261 1529 skla¬

243 1515 315 1575 visch
346 1515 517 1575 verehret,
544 1518 590 1578 als
617 1515 704 1575 wenn
731 1518 767 1578 sie
794 1518 907 1578 bereits
939 1518 995 1578 das
1027 1518 1131 1578 ganze
1152 1518 1245 1578 Reich

240 1563 294 1623 des
316 1563 436 1623 Witzes
464 1566 621 1626 erschöpft
638 1566 774 1626 hätten:
802 1566 976 1626 besonders
1010 1568 1047 1628 ist
1080 1568 1146 1628 man
1184 1566 1233 1626 dem

242 1615 431 1675 Aristoteles
459 1616 637 1676 blindlings
671 1616 816 1676 gefolgt,
850 1616 899 1676 der
934 1616 1000 1676 doch
1034 1616 1117 1676 seine
1140 1616 1267 1676 Kunst¬

240 1664 343 1724 regeln
373 1664 427 1724 von
457 1665 506 1725 den
537 1666 565 1726 zu
596 1667 694 1727 seiner
719 1665 793 1725 Zeit
818 1664 1045 1724 vorhandenen
1075 1664 1247 1724 Gedichten

591 1710 638 1770 Er
663 1711 782 1771 fertigt
806 1709 858 1769 den
897 1709 1088 1769 Grundsatz
1113 1708 1169 1768 von
1203 1705 1255 1765 der

246 1712 430 1772 abstrahirt
453 1712 523 1772 hat.

239 1757 488 1817 Nachahmung
520 1754 573 1814 der
605 1752 725 1812 Natur
757 1753 814 1813 und
851 1751 903 1811 der
944 1751 1109 1811 sinnlichen
1145 1749 1256 1809 Reden

382 1799 429 1859 Er
459 1799 594 1859 meynt,
631 1797 684 1857 daß
720 1797 767 1857 die
797 1799 1034 1859 Lebhaftigkeit
1064 1796 1116 1856 der
1147 1796 1170 1856 in
1206 1795 1258 1855 der

251 1803 311 1863 ab.

244 1852 522 1912 Wohlredenheit
551 1852 823 1912 vorkommenden
852 1852 1028 1912 Begriffe,
1057 1849 1148 1909 durch
1188 1848 1261 1908 wel¬

237 1903 292 1963 che
320 1903 347 1963 es
381 1905 442 1965 uns
476 1903 615 1963 scheint,
649 1903 698 1963 als
732 1902 821 1962 wenn
855 1903 916 1963 wir
944 1903 993 1963 die
1023 1900 1133 1960 Sache
1167 1900 1255 1960 selbst

243 1954 421 2014 empfinden
454 1954 529 2014 oder
552 1954 605 2014 vor
627 1954 740 2014 Augen
768 1954 887 2014 sehen,
920 1954 1005 2014 ohne
1034 1952 1173 2012 Zweifel
1190 1947 1260 2007 Ge¬

242 2005 409 2065 legenheit
426 2005 583 2065 gegeben,
600 2004 653 2064 daß
681 2005 752 2065 man
785 2002 876 2062 solche
893 2002 1044 2062 Begriffe
1067 2002 1115 2062 für
1137 2000 1261 2060 eigent¬

249 2054 302 2114 lich
335 2055 486 2115 sinnliche
514 2052 687 2112 gehalten,
715 2052 779 2112 und
812 2052 855 2112 die
883 2052 1164 2112 Wohlredenheit
1192 2049 1256 2109 eine

249 2103 393 2163 sinnliche
414 2103 507 2163 Rede
528 2103 667 2163 genennt
688 2103 760 2163 hat.
813 2100 858 2160 Er
885 2100 1034 2160 beweiset
1056 2100 1174 2160 darauf
1195 2097 1257 2157 die¬

244 2153 270 2213 se
298 2151 482 2211 Erklärung
516 2151 575 2211 von
614 2151 662 2211 der
690 2151 831 2211 Poesie:
869 2149 907 2209 sie
935 2151 978 2211 sey
1017 2151 1108 2211 eine,
1141 2146 1260 2206 gemei¬

237 2204 353 2264 niglich
387 2199 609 2259 harmonische
638 2199 755 2259 Rede,
783 2201 872 2261 deren
900 2199 1178 2259 Hauptendzweck
1207 2199 1262 2259 ist,

250 2249 334 2309 durch
361 2249 414 2309 den
457 2246 595 2306 höchsten
627 2246 701 2306 oder
733 2246 817 2306 einen
856 2246 924 2306 sehr
951 2248 1051 2308 hohen
1083 2246 1173 2306 Grad
1206 2243 1258 2303 der

250 2297 590 2357 Vollkommenheiten
632 2294 688 2354 des
719 2294 847 2354 schönen
884 2297 1044 2357 Denkens
1085 2297 1162 2357 oder
1199 2294 1255 2354 des

249 2345 438 2405 Ausdrucks
460 2345 486 2405 zu
514 2345 654 2405 rühren.
703 2344 838 2404 Endlich
866 2348 1049 2408 untersucht
1066 2345 1120 2405 er:
1147 2342 1185 2402 ob
1207 2342 1255 2402 die

251 2396 352 2456 Fabel
370 2397 420 2457 zum
466 2391 572 2451 Wesen
601 2393 651 2453 der
675 2390 787 2450 Poesie
811 2397 957 2457 gehöre,
980 2396 1041 2456 und
1065 2396 1098 2456 ob
1127 2394 1160 2454 es
1183 2393 1233 2453 zum

251 2445 358 2505 Wesen
399 2446 449 2506 der
478 2443 677 2503 Dichtkunst
700 2440 847 2500 gehöre,
876 2446 932 2506 daß
966 2446 1102 2506 dadurch
1132 2443 1255 2503 gewisse

249 2497 408 2557 Lehrsätze
442 2494 492 2554 der
528 2494 651 2554 Moral
686 2491 907 2551 eingeschärft
941 2494 1060 2554 werden
1106 2491 1224 2551 müssen

249 2546 317 2606 Die
340 2544 560 2604 Abhandlung
589 2543 622 2603 ist
645 2539 899 2599 lesenswürdig.
962 2540 1040 2600 Wir
1063 2542 1238 2602 wünschten

242 2596 274 2656 es
307 2596 398 2656 hätte
431 2593 479 2653 dem
530 2593 757 2653 ungenannten
801 2589 893 2649 Hra.
920 2590 1088 2650 Verfasser
1127 2590 1262 2650 beliebt,

245 2646 329 2706 seine
346 2643 445 2703 Sätze
467 2643 535 2703 noch
562 2643 672 2703 weiter
694 2638 915 2698 auseinander
937 2641 968 2701 zu
995 2642 1105 2702 setzen.
1154 2639 1243 2699 Sein

246 2694 370 2754 Begrif
393 2692 511 2752 kömmt
535 2691 579 2751 der
602 2690 789 2750 Wahrheit
812 2685 879 2745 sehr
897 2688 998 2748 nahe.
1072 2688 1167 2748 Doch
1191 2688 1252 2748 wir

241 2742 364 2802 werden
401 2742 488 2802 wohl
504 2741 576 2801 noch
602 2742 689 2802 mehr
716 2736 839 2796 Stücke
865 2736 1066 2796 bekommen.
1139 2739 1241 2799 Denn

241 2793 296 2853 auf
330 2793 384 2853 dem
441 2790 535 2850 Titel
563 2790 674 2850 steht:
719 2787 818 2847 Das
852 2787 957 2847 erste
986 2788 1135 2848 Stück.
1186 2789 1252 2849 Ko¬

242 2842 295 2902 stet
332 2844 362 2904 in
399 2844 640 2904 vorbemeldten
683 2840 894 2900 Kanterschen
938 2843 1245 2903 Buchhandlungen

237 2892 276 2952 12
311 2896 368 2956 gr.

1706 344 1900 404 Berlin.

1339 377 1437 437 „Bey
1457 386 1509 446 G.
1523 389 1555 449 L.
1569 389 1746 449 Winter
1773 392 1831 452 sind
1858 390 2206 450 herausgekommen:
2233 391 2311 451 Fa¬

1283 427 1407 487 „beln
1455 438 1536 498 und
1584 443 1897 503 Erzählungen
1950 443 2026 503 mit
2069 440 2292 500 derselben

1292 483 1534 543 *Figuren,
1576 488 1623 548 72
1659 490 1718 550 S.
1742 490 1859 550 stark."
1949 489 2025 549 Die
2055 491 2197 551 Figuren
2239 489 2297 549 sind

1292 533 1430 593 ziemlich
1452 536 1557 596 artige
1585 539 1906 599 Holzschnitte,
1935 539 1995 599 und
2029 542 2116 602 wenn
2150 541 2177 601 es
2206 539 2299 599 wahr

1292 581 1352 641 ist,
1380 583 1429 643 daß
1463 584 1545 644 nicht
1568 586 1622 646 alle
1646 588 1844 648 angehäufte
1872 589 2088 649 Fabeldichter
2122 589 2171 649 der
2194 589 2309 649 Deut=

1289 631 1366 691 schen
1395 631 1422 691 in
1456 634 1578 694 fremde
1601 637 1773 697 Sprachen
1813 637 1968 697 übersetzt
1996 640 2068 700 oder
2097 640 2157 700 mit
2186 640 2296 700 solchen

1287 680 1434 740 Kupfern
1467 682 1603 742 verziert
1620 685 1651 745 zu
1678 685 1799 745 werden
1831 688 2026 748 verdienen,
2053 688 2100 748 als
2137 689 2184 749 die
2211 688 2305 748 Gel¬

1284 730 1513 790 lertschen:
1541 730 1567 790 so
1595 734 1671 794 kann
1699 736 1769 796 auch
1797 736 1867 796 nach
1901 736 1955 796 dem
1994 736 2135 796 Abstand
2174 738 2222 798 der
2245 736 2309 796 Fa¬

1288 778 1459 838 beldichter
1487 782 1580 842 unter
1608 784 1658 844 sich
1692 786 1746 846 der
1769 784 1967 844 Holzschnitt
1996 786 2056 846 mit
2079 786 2128 846 dem
2173 786 2299 846 Kupfer

1291 828 1502 888 abwechseln.
1551 830 1654 890 Diese
1676 834 1882 894 Sammlung
1909 834 1968 894 von
1996 836 2142 896 wenigen
2170 837 2310 897 Fabeln,

1294 878 1385 938 (denn
1419 879 1462 939 die
1484 879 1733 939 Ueberschriften
1760 885 1895 945 schlagen
1923 885 2042 945 immer
2070 885 2107 945 ein
2134 885 2232 945 Blatt
2254 884 2307 944 da¬

1287 927 1474 987 zwischen,)
1491 930 1552 990 sind
1586 930 1635 990 von
1663 933 1846 993 Erfindung
1874 933 1934 993 und
1962 933 2172 993 Geschmack.
2223 936 2300 996 Die

1298 976 1354 1036 Art
1377 978 1405 1038 zu
1434 979 1575 1039 erzählen
1604 978 1637 1038 ist
1661 980 1728 1040 kurz
1751 980 1814 1040 und
1837 981 1927 1041 leicht
1951 981 2092 1041 genung.
2155 984 2228 1044 Die
2245 984 2307 1044 Fa¬

1293 1022 1357 1082 beln
1396 1024 1455 1084 sind
1499 1025 1558 1085 von
1603 1025 1656 1085 dem
1705 1025 1819 1085 Werth
1857 1027 1906 1087 der
1939 1031 2313 1091 Burmannschen,

1294 1073 1391 1133 außer
1419 1073 1468 1133 daß
1507 1073 1544 1133 sie
1572 1075 1713 1135 gereimt
1742 1076 1834 1136 sind,
1867 1076 2025 1136 wiewohl
2053 1079 2101 1139 der
2129 1079 2216 1139 Vers
2255 1082 2303 1142 hin

1299 1122 1355 1182 und
1381 1124 1437 1184 her
1456 1124 1563 1184 einige
1582 1125 1688 1185 Härte
1714 1127 1783 1187 hat,
1809 1127 1839 1187 z.
1853 1127 1902 1187 E.

1350 1196 1415 1256 Und
1444 1198 1603 1258 schwamm
1647 1201 1763 1261 nachs
1801 1201 1908 1261 Land,
1931 1198 1966 1258 um
2019 1199 2069 1259 ihn
2106 1201 2134 1261 in
2171 1201 2308 1261 Sicher=

1767 1252 1832 1312 heit
1863 1252 1892 1312 zu
1928 1251 2088 1311 bringen.

1294 1321 1366 1381 Die
1391 1324 1610 1384 Zuschrift
1635 1324 1683 1384 ist
1708 1324 1740 1384 an
1773 1324 1830 1384 den
1863 1324 1984 1384 Efel,
2010 1327 2066 1387 und
2099 1324 2155 1384 der
2172 1327 2309 1387 Einfall

1292 1375 1519 1435 satyrisch,
1543 1375 1677 1435 möglich
1712 1372 1934 1432 ausgeführt.
1993 1375 2063 1435 Zur
2092 1375 2209 1435 Probe
2239 1375 2319 1435 wol¬

1291 1422 1334 1482 len
1367 1422 1426 1482 wir
1454 1422 1518 1482 eine
1551 1422 1685 1482 Fabel
1713 1422 1870 1482 wählen,
1898 1424 1946 1484 die
1968 1424 2043 1484 naiv
2076 1425 2135 1485 und
2168 1425 2308 1485 vorzügs

1293 1473 1343 1533 lich
1370 1475 1434 1535 ist,
1461 1473 1556 1533 etwas
1583 1473 1672 1533 gegen
1706 1473 1756 1533 den
1789 1473 1950 1533 Spleen:

1571 1551 1656 1611 Der
1700 1554 1892 1614 grämliche
1936 1554 2036 1614 Affe.

1352 1633 1406 1693 Ich
1441 1628 1482 1688 bin
1517 1628 1564 1688 des
1592 1631 1709 1691 Lebens
1730 1628 1812 1688 satt,
1833 1628 1894 1688 und
1923 1631 1977 1691 das
2006 1629 2081 1689 recht
2095 1634 2225 1694 herzlich
2246 1632 2300 1692 satt

1296 1698 1355 1758 So
1379 1699 1479 1759 sprach
1516 1697 1592 1757 einst
1616 1697 1640 1757 zu
1676 1697 1722 1757 sich
1753 1700 1841 1760 selbst
1866 1697 1912 1757 der
1936 1700 2209 1760 durchgehärmte
2227 1704 2315 1764 Affe.

1295 1757 1360 1817 Wo
1394 1760 1432 1820 ist
1455 1760 1493 1820 ein
1521 1760 1654 1820 Thier,
1677 1760 1731 1820 das
1759 1763 1786 1823 so
1815 1763 1880 1823 viel
1898 1763 2063 1823 Kummer
2092 1766 2168 1826 hat.

1298 1837 1384 1897 Mich
1411 1839 1490 1899 nagt
1525 1837 1570 1897 er,
1598 1837 1684 1897 wenn
1711 1838 1750 1898 ich
1785 1839 1898 1899 wach,
1932 1840 1991 1900 und
2019 1840 2131 1900 quälet
2159 1845 2231 1905 mich
2259 1847 2285 1907 im

1921 1918 2082 1978 Schlase.

1299 1993 1398 2053 Nicht
1418 1990 1505 2050 Ehre
1530 1993 1586 2053 hab
1618 1990 1661 2050 ich
1686 1993 1792 2053 gnug,
1824 1990 1885 2050 fast
1905 1993 1985 2053 jeder
2005 1993 2085 2053 lacht
2111 1994 2185 2054 mich
2211 1996 2266 2056 aus

1290 2064 1415 2124 Wie?
1466 2064 1567 2124 bittet
1599 2064 1667 2124 man
1706 2067 1787 2127 mich
1832 2067 1926 2127 wohl
1958 2067 2008 2127 bey
2052 2067 2140 2127 edler
2179 2070 2304 2130 Thiere

1902 2140 2118 2200 Schmaus?

1299 2214 1383 2274 Man
1413 2214 1498 2274 sagt,
1520 2211 1562 2271 ich
1584 2214 1677 2274 hätte
1699 2214 1755 2274 gar
1778 2214 1877 2274 nichts
1907 2214 1991 2274 eigen

1296 2289 1363 2349 Und
1388 2287 1486 2347 wolte
1505 2285 1596 2345 doch,
1622 2287 1689 2347 was
1714 2290 1813 2350 andre
1838 2289 1960 2349 haben,
1979 2290 2083 2350 zeigen
2121 2286 2132 2346 —

1297 2363 1360 2423 Die
1386 2360 1457 2420 böse
1477 2361 1592 2421 Welt!
1618 2362 1695 2422 ach!
1721 2363 1765 2423 ja,
1792 2363 1830 2423 ich
1863 2363 1907 2423 bin
1939 2363 1984 2423 des
2017 2363 2132 2423 Lebens
2159 2366 2235 2426 satt.

1297 2439 1354 2499 Ich
1381 2439 1452 2499 fühl
1479 2436 1531 2496 es,
1558 2435 1602 2495 ach
1629 2435 1695 2495 wie
1715 2437 1812 2497 matt,
1832 2437 1897 2497 wie
1917 2435 2021 2495 matt!

1293 2512 1370 2572 Wie
1389 2512 1551 2572 schleichet
1570 2506 1654 2566 nicht
1679 2508 1702 2568 in
1733 2512 1853 2572 meinen
1884 2511 2040 2571 Gliedern

1292 2587 1442 2647 Verdruß
1474 2584 1536 2644 und
1562 2583 1662 2643 Angst
1694 2581 1706 2641 —
1763 2589 1825 2649 Ich
1851 2587 1919 2647 muß
1945 2587 1976 2647 zu
2008 2587 2057 2647 den
2089 2593 2289 2653 verstorbnen

1936 2660 2097 2720 Brüdern
2139 2661 2152 2721 —

1294 2736 1379 2796 Doch
1413 2736 1479 2796 will
1500 2736 1539 2796 ich
1566 2736 1692 2796 zeigen,
1719 2739 1779 2799 daß
1800 2739 1839 2799 ich
1873 2736 2025 2796 herzhaft
2052 2737 2098 2797 bin
2132 2739 2144 2799 —

1290 2814 1356 2874 Und
1381 2813 1490 2873 damit
1509 2811 1606 2871 rennt
1631 2813 1661 2873 er
1686 2815 1752 2875 nach
1784 2817 1832 2877 dem
1881 2814 2009 2874 Wasser
2040 2817 2088 2877 hin

2212 2882 2295 2942 Und
