2479 3508
180 306 391 366 Socinianer
413 307 528 367 immer
550 303 776 363 unbegreiflich
814 304 1024 364 vorkommt,
1056 303 1204 363 mitthei¬

171 354 252 414 len:
274 355 405 415 Warum
449 354 557 414 GOtt
579 354 628 414 die
650 354 824 414 Seligkeit
846 354 878 414 an
917 354 960 414 die
988 355 1194 415 Bedingung

186 404 234 464 des
262 407 440 467 Glaubens
474 406 636 466 geknüpft
664 404 745 464 hat?
795 404 925 464 Erstlich
964 401 1039 461 wird
1078 404 1104 464 es
1143 403 1202 463 aus

186 455 234 515 den
267 455 490 515 Aussprüchen
523 457 577 517 der
600 454 680 514 heil.
703 454 844 514 Schrift
861 452 1045 512 bewiesen,
1073 453 1127 513 daß
1155 451 1203 511 der

184 501 319 561 Glaube
341 506 476 566 wirklich
503 506 558 566 das
585 503 709 563 Mittel
726 503 780 563 zur
802 503 970 563 Seligkeit
992 503 1057 563 sey,
1068 500 1197 560 alsdenn

183 554 332 614 beweiset
359 554 410 614 der
436 554 539 614 Verf.
566 554 622 614 aus
659 554 710 614 dem
757 554 885 614 Begrif
912 554 963 614 der
989 551 1196 611 Zurechnung

189 603 276 663 einer
307 604 452 664 fremden
499 601 695 661 Seligkeit,
732 601 788 661 daß
830 601 964 661 dieselbe
996 601 1078 661 ohne
1115 601 1197 661 einen

190 652 346 712 Glauben
374 652 460 712 nicht
477 652 607 712 möglich
640 651 710 711 sey,
732 652 802 712 auch
835 651 872 711 ist
906 652 959 712 der
981 649 1116 709 Glaube
1150 648 1203 708 das

192 700 313 760 einzige
340 700 482 760 Mittel,
509 700 651 760 wodurch
683 700 731 760 die
752 700 889 760 umsonst
910 700 1121 760 dargereichte
1143 697 1211 757 Se¬

193 751 303 811 ligkeit
331 751 480 811 schätzbar
513 751 656 811 gemacht
685 748 794 808 wird,
817 750 894 810 die,
922 751 1071 811 Demuth
1105 748 1214 808 wirkt,

193 801 256 861 und
289 799 320 859 zu
363 801 527 861 mehrerer
565 800 745 860 Heiligkeit
772 798 941 858 antreibt,
963 800 1016 860 als
1048 798 1127 858 ohne
1165 795 1212 855 die

193 849 399 909 Bedingung
437 848 489 908 des
521 849 701 909 Glaubens
734 849 897 909 geschehen
930 849 1062 909 würde.
1136 843 1209 903 Die

193 897 289 957 diesem
339 897 441 957 Brief
463 897 635 957 angefügte
663 899 852 959 Hypothese
874 897 933 957 und
961 897 1008 957 die
1036 897 1062 957 im
1106 895 1198 955 14ten

198 942 301 1002 Brief
322 948 497 1008 erläuterte
518 945 647 1005 Frage:
673 943 725 1003 Ob
752 945 818 1005 man
860 947 927 1007 eine
953 947 1035 1007 neue
1056 945 1216 1005 Offenba¬

194 997 273 1057 rung
300 995 464 1055 wünschen
497 992 565 1052 soll,
592 992 650 1052 sind
678 992 767 1052 mehr
789 992 1048 1052 speculativisch,
1070 995 1134 1055 und
1161 992 1218 1052 un¬

196 1045 252 1105 sern
284 1043 548 1103 gegenwärtigen
580 1040 756 1100 Einsichten
783 1040 979 1100 überlegen,
1006 1042 1052 1102 als
1079 1043 1130 1103 daß
1162 1040 1208 1100 sich

198 1094 249 1154 der
275 1094 342 1154 Hr.
358 1091 461 1151 Verf.
482 1088 621 1148 darüber
642 1091 730 1151 einen
757 1090 968 1150 allgemeinen
995 1091 1133 1151 Beyfall
1155 1089 1221 1149 ver¬

195 1142 339 1202 sprechen
368 1142 472 1202 sollte.
546 1140 706 1200 Indessen
746 1139 907 1199 wünschen
952 1139 1035 1199 wir,
1063 1139 1119 1199 daß
1153 1138 1213 1198 sein

199 1193 287 1253 Eifer
321 1193 381 1253 und
415 1190 703 1250 Wahrheitsliebe
732 1190 820 1250 nebst
849 1189 898 1249 der
921 1190 1126 1250 Bemühung
1165 1187 1209 1247 die

202 1242 373 1302 Schriften
402 1243 452 1303 der
480 1241 768 1301 Gottesgelehrten
797 1242 858 1302 mit
880 1237 1036 1297 kritischem
1070 1238 1158 1298 Fleiß
1186 1237 1213 1297 zu

196 1291 306 1351 lesen,
328 1293 422 1353 durch
455 1291 508 1351 den
545 1291 687 1351 Beyfall
715 1294 836 1354 derer,
868 1291 920 1351 die
958 1288 984 1348 in
1027 1288 1122 1348 diesen
1164 1287 1211 1347 der

202 1342 433 1402 evangelischen
468 1340 580 1400 Kirche
603 1342 631 1402 so
654 1339 862 1399 gefährlichen
891 1341 992 1401 Zeiten
1021 1342 1111 1402 selbst
1129 1339 1213 1399 nicht

198 1391 355 1451 offentlich
381 1390 473 1450 reden
504 1390 641 1450 wollen,
667 1390 855 1450 ermuntert
876 1392 998 1452 werden
1030 1390 1141 1450 möge.

243 1439 333 1499 Noch
360 1440 478 1500 müssen
505 1438 569 1498 wir
591 1440 783 1500 anmerken,
810 1440 863 1500 daß
896 1440 976 1500 diese
998 1440 1120 1500 Briefe
1148 1440 1195 1500 dem

194 1485 289 1545 Hrn.
311 1488 486 1548 geheimten
518 1488 608 1548 Rath
635 1488 687 1548 von
720 1488 863 1548 Moser,
890 1488 937 1548 als
969 1488 1054 1548 einem
1097 1489 1218 1549 Freun¬

194 1536 305 1596 dejdes
327 1536 423 1596 Hrn.
445 1538 546 1598 Verf.
563 1539 727 1599 ergebenst
744 1539 930 1599 zugeeignet
952 1539 1101 1599 worden.
1155 1536 1224 1596 Ko¬

199 1589 252 1649 stet
275 1587 301 1647 in
329 1587 377 1647 der
394 1587 605 1647 Kanterschen
627 1587 893 1647 Buchhandlung
920 1590 1050 1650 allhier,
1066 1590 1120 1650 wie
1142 1590 1212 1650 auch

199 1636 222 1696 in
252 1634 369 1694 Elbing
399 1636 457 1696 und
487 1637 598 1697 Mitau
634 1637 645 1697 1
675 1639 711 1699 fl.
729 1637 769 1697 15
793 1639 851 1699 gr.

254 1771 331 1831 Bey
362 1774 414 1834 dem
456 1772 611 1832 Verleger
637 1769 766 1829 unserer
787 1769 921 1829 Zeitung
954 1769 989 1829 ist
1010 1769 1134 1829 sowohl
1155 1766 1222 1826 hier

206 1820 254 1880 als
286 1821 310 1881 in
341 1819 458 1879 Elbing
490 1821 545 1881 und
576 1819 718 1879 Mitau,
743 1819 860 1879 bereits
891 1819 946 1879 aus
984 1818 1033 1878 der
1058 1817 1224 1877 Leipziger

205 1873 455 1933 Michaelmesse
479 1872 508 1932 zu
538 1870 665 1930 haben:

253 1921 519 1981 Abhandlungen
554 1924 606 1984 der
636 1924 786 1984 Königl.
798 1921 1018 1981 schwedischen
1047 1921 1221 1981 Akademie

203 1978 259 2038 der
282 1972 565 2032 Wissenschaften,
588 1972 678 2032 23ter
702 1972 820 2032 Band,
843 1972 888 2032 8,
900 1972 1024 2032 Leipzig
1042 1972 1126 2032 764,
1150 1970 1166 2030 2
1184 1970 1223 2030 fl.

204 2023 242 2083 15
270 2024 319 2084 gr.
348 2023 524 2083 Abhandl.
547 2023 596 2083 der
619 2020 917 2080 naturforschenden
951 2020 1160 2080 Gesellschaft
1183 2020 1210 2080 in

1021 2070 1139 2130 Alber,
1158 2070 1222 2130 M.

206 2073 325 2133 Zürch,
350 2073 421 2133 2ter
440 2073 506 2133 Th.
531 2073 572 2133 8,
597 2073 723 2133 Zürch,
748 2073 766 2133 4
796 2073 832 2133 fl.
844 2073 856 2133 6
887 2072 940 2132 gr.

212 2124 299 2184 Joh.
322 2121 405 2181 Chr.
422 2121 650 2181 Betrachtung
678 2121 727 2181 der
761 2120 888 2180 Klagen
927 2120 1005 2180 über
1033 2118 1082 2178 die
1111 2118 1227 2178 gegen¬

199 2172 342 2232 wärtige
372 2172 515 2232 schlechte
538 2172 665 2232 Zeiten,
699 2169 738 2229 8,
772 2169 999 2229 Braunschw.
1027 2167 1116 2227 764,
1144 2169 1160 2229 1
1183 2167 1221 2227 fl.

204 2220 458 2280 Ebendasselbe,
480 2222 543 2282 mit
565 2220 613 2280 dem
656 2220 782 2280 Zusatze
809 2220 862 2280 auf
884 2220 936 2280 dem
974 2217 1085 2277 Titel:
1112 2217 1165 2277 als
1186 2215 1223 2275 ei¬

204 2270 246 2330 ne
274 2267 479 2327 Fortsetzung
512 2267 566 2327 der
605 2267 935 2327 Weitenkampfschen
979 2267 1221 2327 Trostgründe,

204 2321 219 2381 1
246 2321 288 2381 fl.
336 2315 543 2375 Anekdoten,
560 2315 818 2375 merkwürdige,
840 2318 899 2378 zur
920 2316 1216 2376 Lebensgeschichte

207 2369 262 2429 der
284 2366 483 2426 Gelehrten,
506 2363 577 2423 7ter
600 2363 672 2423 Th.
695 2363 705 2423 1
734 2364 766 2424 fl.
789 2368 827 2428 15
850 2367 905 2427 gr.
955 2366 1210 2426 Anmerkungen

205 2417 391 2477 prüfende,
426 2414 505 2474 über
534 2414 641 2474 Herrn
676 2413 789 2473 Doct.
813 2417 937 2477 Tellers
971 2415 1153 2475 Lehrbuch,
1182 2415 1221 2475 8,

209 2467 395 2527 Chemnitz,
420 2465 462 2525 15
486 2464 540 2524 gr.
589 2461 691 2521 Arzt,
716 2461 812 2521 11ter
837 2467 903 2527 Th.
921 2467 963 2527 8,
994 2466 1120 2526 Hamb.
1145 2464 1156 2524 2
1181 2462 1217 2522 fl.

205 2518 246 2578 15
276 2520 328 2580 gr.
377 2515 601 2575 Atterburys,
625 2512 708 2572 heil.
726 2509 862 2569 Reden,
886 2513 939 2573 gr.
958 2515 992 2575 8,
1017 2515 1123 2575 Leipz.
1141 2515 1217 2575 764,

207 2566 223 2626 2
251 2566 289 2626 fl.
318 2567 472 2627 Auszüge
494 2564 555 2624 und
577 2560 726 2620 Urtheile
754 2557 809 2617 von
837 2560 892 2620 den
920 2563 1057 2623 neuesten
1086 2563 1223 2623 Schrif=

197 2615 247 2675 ten
276 2617 332 2677 aus
367 2617 417 2677 den
446 2614 570 2674 schönen
605 2611 888 2671 Wissenschaften,
923 2614 939 2674 1
968 2617 1030 2677 und
1053 2614 1120 2674 2tes
1149 2611 1217 2671 St.

197 2667 241 2727 8,
267 2666 400 2726 Gotha,
432 2664 438 2724 a
465 2664 476 2724 9
502 2662 559 2722 gr.

256 2714 385 2774 Bieler,
416 2712 481 2772 M.
493 2712 600 2772 Benj.
612 2711 682 2771 fünf
707 2703 920 2763 Vorschläge,
939 2709 985 2769 als
1009 2709 1062 2769 zur
1081 2709 1222 2769 Privat¬

199 2765 340 2825 policey,
374 2764 427 2824 zum
477 2760 652 2820 besondern
690 2754 924 2814 Beichtstuhl,
958 2759 1012 2819 zur
1040 2760 1214 2820 besondern

202 2814 417 2874 Steuercasse
434 2811 466 2871 zu
500 2811 585 2871 einem
635 2808 1051 2868 Hausprediger=Collegio
1085 2811 1143 2871 und
1176 2811 1203 2871 zu

202 2864 288 2924 einem
329 2864 496 2924 besondern
530 2864 837 2924 Wundergeräthe,
865 2864 904 2924 8.
939 2864 1092 2924 Dresden
1126 2867 1218 2927 764,

1235 303 1276 363 12
1307 303 1361 363 gr.
1441 300 1477 360 v.
1496 303 1677 363 Bogatzki,
1708 306 1756 366 C.
1775 306 1823 366 H.
1842 305 1895 365 der
1927 303 2096 363 christliche
2127 306 2260 366 Diener

1248 352 1304 412 und
1339 351 1547 411 Unterthan,
1571 353 1638 413 12,
1661 357 1835 417 Halberst.
1853 355 1937 415 764,
1966 357 2005 417 15
2034 354 2084 414 gr.
2107 356 2265 416 Desselb.

1237 401 1418 461 christliche
1447 401 1776 461 Handwerksgesell,
1799 407 1861 467 12,
1885 407 1970 467 ibid.
1999 407 2015 467 9
2044 405 2100 465 gr.
2169 401 2265 461 Bör¬

1245 449 1317 509 ners
1348 452 1611 512 Erläuterungen
1637 452 1688 512 des
1715 455 1869 515 teutschen
1901 455 2153 515 Staatsrechts,
2190 454 2262 514 2ter

1246 499 1317 559 Th.
1336 500 1389 560 gr.
1408 502 1444 562 8,
1469 500 1650 560 Regensb.
1680 503 1692 563 1
1717 505 1758 565 fl.
1783 506 1824 566 15
1856 503 1909 563 gr.
1982 506 2108 566 Burg,
2133 503 2193 563 D.
2218 505 2265 565 J.

1246 546 1375 606 Friedr.
1398 548 1452 608 das
1479 548 1631 608 eröffnete
1653 553 1739 613 Herz
1762 553 1810 613 des
1838 554 2000 614 leidenden
2039 553 2147 613 Jesu,
2169 551 2201 611 in
2229 552 2266 612 7.

1250 598 1692 658 Paßionsbetrachtungen,
1739 604 1797 664 3te
1815 604 1913 664 Aufl.
1949 606 1995 666 8,
2031 604 2164 664 Bresl.
2182 604 2268 664 764,

1253 655 1260 715 3
1282 648 1323 708 fl.

1296 694 1462 754 Chronike
1479 697 1532 757 von
1560 697 1602 757 den
1630 700 1910 760 merkwürdigsten
1932 703 2120 763 Erdbeben,
2132 700 2185 760 von
2213 700 2255 760 der

1249 745 1445 805 Schöpfung
1473 746 1521 806 bis
1544 748 1603 808 auf
1631 751 1876 811 gegenwärtige
1909 751 2045 811 Zeiten,
2078 751 2165 811 durch
2204 751 2263 811 alle

1247 794 1263 854 4
1292 795 1404 855 Theile
1429 795 1479 855 der
1502 797 1610 857 Welt,
1633 800 1672 860 8,
1695 798 1820 858 Wien,
1843 798 1859 858 1
1888 799 1927 859 fl.
1991 798 2143 858 Collini,
2167 798 2217 858 H.
2240 799 2268 859 I.

1243 843 1347 903 annus
1375 843 1525 903 Medicus
1548 845 1662 905 tertius
1680 846 1739 906 sive
1776 846 2031 906 observationes
2058 846 2140 906 circa
2173 846 2263 906 mor¬

1244 889 1307 949 bos
1352 892 1469 952 auctos
1514 892 1548 952 et
1593 894 1803 954 Chronicos,
1853 900 1867 960 8
1912 897 1995 957 maj.
2040 896 2142 956 Vind.
2182 897 2196 957 2
2226 897 2265 957 fl.

1251 942 1384 1002 Collin,
1395 942 1575 1002 Matthaei,
1602 945 1735 1005 epistola
1762 948 1798 1008 de
1824 948 1968 1008 pustulas
1989 948 2138 1008 miliares
2165 948 2267 1008 male,

1249 993 1287 1053 8,
1315 990 1402 1050 ibid.
1435 991 1474 1051 21
1501 992 1555 1052 gr.

1301 1033 1378 1093 Der
1401 1040 1533 1100 ehrliche
1562 1040 1700 1100 Mann,
1734 1040 1805 1100 eine
1828 1040 2105 1100 Wochenschrift,
2150 1044 2210 1104 gr.
2233 1046 2271 1106 8,

1252 1085 1389 1145 Gotha,
1412 1086 1428 1146 4
1463 1090 1501 1150 fl.
1529 1088 1567 1148 12
1595 1088 1650 1148 gr.
1712 1088 1989 1148 Eulenspiegels,
2034 1090 2095 1150 des
2118 1088 2272 1148 jüngern,

1255 1133 1455 1193 Geschichte,
1483 1136 1553 1196 oder
1576 1137 1629 1197 der
1651 1139 1775 1199 schlecht
1798 1139 1933 1199 erzogne
1961 1139 2112 1199 Mensch,
2140 1139 2194 1199 zum
2227 1139 2275 1199 er¬

1254 1184 1393 1244 stenmal
1410 1187 1572 1247 gedruckt,
1595 1190 1635 1250 8,
1658 1192 1702 1252 24
1730 1190 1780 1250 gr.

1310 1234 1479 1294 Febronii,
1497 1237 1592 1297 Just.
1604 1238 1695 1298 Buch
1724 1240 1774 1300 von
1809 1238 1859 1298 dem
1900 1239 2053 1299 Zustande
2076 1238 2120 1298 der
2144 1237 2268 1297 Kirche,

1255 1288 1313 1348 und
1340 1285 1392 1345 der
1414 1288 1651 1348 rechtmäßigen
1684 1288 1821 1348 Gewalt
1842 1288 1895 1348 des
1922 1289 2090 1349 römischen
2123 1288 2260 1348 Pabstes

1771 1339 2005 1399 Fontenellens
2043 1339 2266 1399 theatralische

1247 1337 1294 1397 8,
1318 1336 1557 1396 Wardingen,
1587 1339 1604 1399 3
1641 1339 1676 1399 fl.

1252 1387 1386 1447 Werke,
1415 1387 1484 1447 2ter
1506 1388 1571 1448 und
1599 1387 1696 1447 letzter
1718 1389 1788 1449 Th.
1810 1389 1853 1449 8,
1875 1390 2005 1450 Hamb.
2022 1390 2032 1450 1
2054 1389 2091 1449 fl.
2125 1389 2270 1449 Frauen¬

2095 1434 2271 1494 Fridricii,

1250 1434 1517 1494 zimmerbriefe,
1552 1437 1649 1497 12ter
1678 1437 1746 1497 Th.
1786 1437 1803 1497 1
1838 1439 1877 1499 fl.
1906 1437 1940 1497 18
1969 1437 2025 1497 gr.

1252 1487 1360 1547 Chph.
1383 1487 1492 1547 Conr.
1510 1488 1698 1548 gründliche
1722 1488 1916 1548 Einleitung
1946 1488 1974 1548 in
2003 1488 2048 1548 die
2072 1486 2277 1546 Kriegswis¬

1251 1535 1419 1595 senschaft,
1444 1539 1486 1599 8,
1511 1536 1528 1596 1
1553 1536 1588 1596 fl.

1300 1584 1453 1644 Hansens
1482 1584 1640 1644 politische
1663 1586 1828 1646 Historie,
1874 1587 1946 1647 2ter
1975 1585 2100 1645 Theil,
2123 1587 2162 1647 8,
2191 1587 2202 1647 2
2231 1587 2270 1647 fl.

1249 1634 1290 1694 15
1331 1634 1388 1694 gr.
1440 1634 1854 1694 Hydrophenomelogie,
1897 1631 1973 1691 oder
2005 1631 2056 1691 die
2083 1634 2181 1694 Lehre
2207 1633 2263 1693 von

1247 1679 1300 1739 der
1322 1679 1544 1739 Erscheinung
1571 1680 1592 1740 im
1640 1680 1788 1740 Wasser,
1820 1682 1862 1742 8,
1900 1679 1995 1739 Cölln
2027 1681 2064 1741 am
2112 1682 2164 1742 N.
2181 1684 2271 1744 764,

1255 1722 1354 1782 9gr.

1303 1763 1396 1823 Izzo,
1445 1763 1616 1823 Elementa
1646 1766 1867 1826 architectura
1892 1766 1994 1826 civilis
2019 1766 2072 1826 cum
2112 1769 2185 1829 tab.
2230 1773 2269 1833 8,

1253 1814 1356 1874 Vind.
1369 1814 1380 1874 6
1412 1814 1448 1874 fl.

1304 1867 1472 1927 Kampen,
1497 1870 1581 1930 Nic.
1600 1870 1660 1930 und
1691 1870 1812 1930 Sohn,
1837 1872 2012 1932 Abhandl.
2031 1873 2090 1933 von
2115 1873 2278 1933 Zwiebel¬

1253 1918 1451 1978 gewächsen,
1475 1921 1514 1981 8,
1537 1921 1582 1981 21
1600 1921 1656 1981 gr.

1299 1967 1452 2027 Langens
1479 1966 1737 2026 Sendschreiben
1769 1969 1800 2029 an
1833 1969 1880 2029 den
1912 1971 1959 2031 H.
1981 1972 2176 2032 Superint.
2187 1972 2265 2032 Mo¬

1255 2020 1354 2080 schen,
1381 2017 1486 2077 wegen
1514 2019 1566 2079 des
1593 2020 1862 2080 Heumannschen
1895 2019 2080 2079 Erweises,
2107 2023 2148 2083 8,
2170 2023 2185 2083 9
2212 2023 2270 2083 gr.

1257 2067 1381 2127 Lewis,
1404 2065 1517 2125 Wilh.
1535 2068 1823 2128 Zusammenhang
1847 2068 1891 2128 der
1909 2069 2050 2129 Künste,
2073 2070 2265 2130 philosoph.

1257 2115 1404 2175 praktisch
1432 2115 1670 2175 abgehandelt,
1693 2118 1777 2178 1ster
1795 2118 1862 2178 Th.
1891 2121 1929 2181 8,
1953 2121 2077 2181 Zürch,
2094 2121 2111 2181 4
2134 2123 2167 2183 fl.
2179 2121 2269 2181 6gr.

1252 2164 1305 2224 Ib.
1328 2165 1473 2225 Historie
1496 2163 1550 2223 des
1578 2166 1723 2226 Goldes,
1745 2166 1789 2226 8,
1811 2167 1903 2227 ibid.
1930 2169 1941 2229 2
1968 2169 2006 2229 fl.
2029 2169 2066 2229 21
2094 2169 2142 2229 gr.
2169 2169 2266 2229 Ling¬

1330 2212 1383 2272 D.
1406 2214 1541 2274 Luthers
1569 2214 1737 2274 Andenken
1771 2215 1824 2275 und
1857 2214 2037 2274 Geschäfte
2054 2217 2080 2277 in
2113 2220 2276 2280 Torgau,

1259 2268 1285 2328 zu
1317 2263 1539 2323 Erläuterung
1572 2264 1666 2324 seiner
1693 2264 1984 2324 Lebensgeschichte
2011 2267 2054 2327 rc.
2070 2268 2112 2328 24
2134 2270 2186 2330 gr.

1306 2312 1445 2372 Maria,
1495 2314 1565 2374 eine
1592 2315 1781 2375 Geschichte
1810 2315 1869 2375 aus
1896 2315 1950 2375 dem
1994 2315 2101 2375 Engl.
2124 2320 2167 2380 8,
2189 2318 2205 2378 1
2227 2318 2269 2378 fl.

1473 2363 1614 2423 Mathiä
1647 2366 1863 2426 Sammlung
1901 2363 2025 2423 einiger
2058 2366 2264 2426 Predigten,

1329 2366 1397 2426 gr.

1251 2411 1375 2471 21gr.
1424 2411 1613 2471 Mauritii,
1647 2414 1711 2474 M.
1728 2417 1847 2477 Fridr.
1869 2411 2026 2471 Maxim.
2048 2414 2171 2474 Regeln
2205 2419 2258 2479 zur

1252 2461 1407 2521 täglichen
1435 2462 1662 2522 Betrachtung
1690 2465 1745 2525 und
1774 2465 1956 2525 Ausübung
1984 2461 2073 2521 eines
2101 2467 2267 2527 Christen,

1313 2512 1412 2572 Halle
1430 2512 1518 2572 764,
1542 2512 1588 2572 12
1613 2512 1670 2572 gr.

1311 2558 1342 2618 v.
1359 2563 1527 2623 Nonnen,
1555 2560 1607 2620 G.
1629 2563 1723 2623 kleine
1745 2566 1856 2626 Reden
1889 2561 1935 2621 bey
1968 2563 2015 2623 den
2048 2565 2253 2625 allgemeinen

1257 2611 1438 2671 Landtägen
1464 2611 1513 2671 der
1539 2614 1807 2674 Fürstenthümer
1833 2614 1995 2674 Weymar
2008 2614 2064 2674 und
2090 2617 2258 2677 Eisenach,

1251 2661 1294 2721 24
1327 2661 1380 2721 gr.

1307 2709 1445 2769 Oettelt,
1469 2706 1556 2766 Carl
1574 2710 1700 2770 Christ.
1724 2712 1915 2772 praktischer
1950 2714 2187 2774 Beweiß-daß
2211 2712 2262 2772 die

1258 2760 1422 2820 Mathesin
1461 2757 1514 2817 bey
1548 2757 1597 2817 dem
1641 2763 1837 2823 Forstwesen
1865 2762 2133 2822 unentbehrliche
2161 2758 2269 2818 Dien=

1253 2809 1293 2869 ste
1311 2811 1409 2871 thue,
1427 2811 1467 2871 8,
1497 2809 1641 2869 Arndtst.
1660 2811 1740 2871 764,
1770 2814 1781 2874 1
1810 2814 1850 2874 fl.
1869 2814 1908 2874 15
1938 2814 1990 2874 gr.
2037 2812 2187 2872 Oemler,
2205 2805 2257 2865 der

1252 2862 1360 2922 Christ
1389 2862 1422 2922 ein
1457 2864 1661 2924 Nachfolger
1682 2867 1784 2927 Jesu,
1812 2867 1866 2927 gr.
1874 2865 1914 2925 8,
1935 2864 2071 2924 Gotha,
2099 2860 2112 2920 2
2134 2857 2167 2917 fl.
2182 2855 2262 2915 9gr.

2185 2905 2258 2965 Or¬
