2034 2755
378 909 1507 983 84tes Stück. Montag, den 19. November 1764.
449 980 591 1051 Jena.
92 1004 950 1101 reye Beurtheilung die neueste Litteratur betref¬
202 1075 946 1155 fend. Erster Band, 1stes und 2tes Stück,
118 1122 944 1174 8vo, 1764, 12 Bogen." Dies ist die Fortsetzung
95 1167 952 1213 einer kritischen Schrift, die bisher unter dem Titel:
99 1202 950 1253 kritischer Nachrichten ausgegeben worden ist.
88 1245 946 1312 Die Verfasser urtheilen, ihrem Versprechen nach,
101 1292 955 1344 sehr frey; doch scheinen ihre Urtheile noch unpar¬
99 1320 952 1376 theyisch genug auszufallen. Die Bücher, welche im
95 1370 952 1415 ersten Stücke vorkommen, sind folgende: 1) Die
95 1413 952 1475 Kunst, deutsche Briefe zu schreiben. 2. Theil. Frankf.
99 1453 950 1505 und Leipz. 1762. Es steht darinne viel entbehrli¬
99 1486 1430 1544 ches; doch ist die letztere Hälfte nützlicher. 2) Ge= von verschiednen Schriften.
95 1533 944 1585 lehrte Geschichte des Weltweisen zu Sanssouci, 1763.
101 1574 952 1634 Sie ist bloß aus bekannten Erzählungen zusammen¬
99 1623 952 1673 getragen, und geht also mit der geheimen Zeitge¬
103 1643 1812 1711 schichte des Weltweisen zu Sanssouci im gleichen Lindau 1763. Die Ausführung kömmt dem Titel
108 1686 1812 1754 Paare. 3) D. Io. Aug. Ernesti opuscula oratoria, nicht bey, sondern schränkt sich zu sehr auf schweizerische
99 1742 946 1808 Lugd. Bat. 1762. Sie werden gelobt. 4) Schrei-
101 1782 948 1858 ben an Hrn. Pr. S., die Verdienste des Hrn. Prof.
101 1825 946 1873 Gottsched in Leipzig betreffend. Der ganze Artikel
101 1866 948 1916 ist ein bloßes Gewäsche. Wir wünschten, daß die
103 1903 952 1974 Verfasser dafür etwas klügers gesagt hätten. Die
103 1937 946 2000 Zeiten sind vorüber, da man sich in dieser Materie
103 1989 946 2058 derühmt schreiben konnte. 5) Zerstreuungen auf Ko
103 2023 1823 2086 sten der Natur. Königsb. 1763. Sie erhalten so= dischen Verdienste betreffend. Hier sind lauter ge¬
101 2073 950 2137 wohl Tadel, als Lob; unsrer Meynung nach ver¬
103 2101 1817 2165 dienten sie eher das letzte. 6) Geschichte der Ama= verkehrt vorgestellt; der Verfasser weiß nichts von
101 2139 1821 2204 zonen, aus dem Franz. übersetzt. Berlin 1763. Ein der Kunst, auch seinem Feinde Gerechtigkeit wieder¬
103 2180 1821 2238 Buch, dessen Verzeichniß des Inhalts mehr ver= fahren zu laßen. Dennoch werden wir leider mit
101 2223 1823 2288 spricht, als man darinne findet. 7) Hrn. v. Justi einer Fortsetzung dieser Materie bedroht, die wir
101 2264 1830 2333 Vergleichung der eurpäischen mit den asiatischen und verbitten wollten. 5) Die Verläugnung; ein Ge¬
963 980 1823 1038 Die Verfasser sind nicht wohl auf Hrn. v. J. zu spre¬
970 1028 1823 1079 chen. 8) Hrn. Prof. Zachariá Uebersetzung von
970 1069 1821 1120 Miltons verlornem Paradiese. Braunschw. 1763.
968 1109 1823 1163 2 Theile. Sie wird gelobt. 9) Probe von einem
970 1150 1828 1208 Versuche einer poetischen Paraphrase des Propheten
968 1191 1823 1247 Jesaias. Es ist das erste Kapitel, in Verse ge¬
965 1234 1815 1292 bracht. Der Versuch ist nicht unglücklich; das Un¬
970 1268 1821 1327 ternehmen scheint jedoch sehr zweydeutig. 10) Hrn.
972 1318 1819 1367 Joh. Friedr. Danneils zur Erbauung eingerichtete
972 1361 1812 1415 Poesien über alle Sonn= und Festtagsepisteln, und
968 1398 1815 1449 Evangelien, durchs ganze Jahr. Qvedlinb. 1763.
968 1443 1821 1507 Sie sind sehr mittelmäßig. 11) Kurze Anzeigen
1006 1505 1802 1572 Der Inhalt des zweyten Stücks ist dieser
970 1561 1821 1612 1) Ausführliche und kritische Nachrichten von den
972 1604 1808 1653 besten und merkwürdigsten Schriften unsrer Zeit.
961 1726 1808 1784 Schriften ein. 2) Der Greis. Magdeb. 1763.
961 1763 1810 1821 Diese periodische Schrift erhält alles Lob, das sie
968 1810 1821 1862 verdient. Wir selbst werden ihrer nächstens geden¬
965 1849 1815 1916 ken. 3) Hrn. Prof. Duschens Glückseligkeit der
970 1890 1817 1944 Tugendhaften, ein Gedicht. Altona 1763. Es ist
968 1937 1819 1997 schön, und die Verfasser führen trefliche Stellen dar¬
963 1978 1815 2030 ans an. 4) Fortgesetzter Briefwechsel, die gottsche¬
972 2064 1817 2118 sagte Dinge noch einmal gesagt; noch ist manches
103 2305 1832 2408 andern barbarischen Regierungsarten. Berl. 1764. dicht von D. Young. Altona 1763. Es ist, wie ge=
1720 2346 1843 2412 wöhn-
