2479 3508
235 339 348 399 Kritik
368 342 500 402 Urtheil
519 342 575 402 und
601 339 701 399 Recht
721 339 904 399 gesprochen
930 339 979 399 ist.
1044 339 1251 399 Diejenige,

234 389 345 449 welche
367 389 425 449 von
458 389 505 449 der
527 389 643 449 Natur
665 388 718 448 zur
740 386 872 446 Satyre
894 389 952 449 mit
974 386 1149 446 strafenden
1176 386 1250 446 Fin¬

241 437 314 497 gern
352 437 494 497 versehen
532 437 658 497 worden
696 437 785 497 sind,
812 436 870 496 mit
897 433 1002 493 Ehren
1039 437 1071 497 zu
1108 434 1250 494 melden,

243 482 306 542 wie
328 484 375 544 die
391 485 470 545 Hof=
482 488 539 548 und
561 488 772 548 Nachrichter
794 486 862 546 üͤben
895 485 963 545 über
979 485 1053 545 alles
1080 485 1243 545 dasjenige

234 533 282 593 die
304 536 560 596 ungebundenen
592 536 709 596 Rechte
731 536 784 596 des
806 536 1030 596 Eigenthums
1057 536 1147 596 aus,
1180 533 1254 593 wel¬

236 583 305 643 ches
327 583 353 643 in
385 584 475 644 denen
502 585 651 645 Gräͤnzen
684 586 757 646 liegt
779 585 827 645 die
848 586 885 646 sie
912 583 971 643 mit
987 583 1035 643 dem
1072 583 1253 643 Schwerd¬

536 634 695 694 Zuweilen
732 634 902 694 verwalten
940 631 976 691 sie
1003 634 1056 694 ihr
1083 631 1162 691 Amt
1195 631 1247 691 auf

233 631 271 691 te
299 634 463 694 gezogen.

236 678 324 738 einem
366 683 511 743 Boden,
538 682 584 742 wo
611 685 740 745 Früchte
772 682 829 742 von
860 682 1078 742 verschiedner
1100 681 1162 741 Art
1183 678 1240 738 auf

241 730 384 790 behalten
417 732 501 792 sind;
528 733 591 793 und
618 733 681 793 wer
703 733 782 793 wird
804 733 899 793 ihnen
937 730 989 790 den
1027 730 1143 790 kleinen
1170 726 1217 786 Ir

242 778 323 838 thum
367 781 552 841 verargen,
580 782 639 842 daß
673 781 710 841 sie
738 781 786 841 oft
814 781 863 841 den
902 781 983 841 Kern
1016 778 1075 838 von
1109 777 1244 837 Einigen

244 827 499 887 mißbrauchen,
533 828 572 888 da
606 828 644 888 sie
672 828 839 888 dieselbige
873 828 933 888 nur
961 828 1034 888 nach
1068 828 1117 888 der
1145 825 1250 885 Hülse

237 876 482 936 beurtheilen?

238 925 294 985 nen
318 927 489 987 Nachsicht
512 924 540 984 zu
570 927 718 987 erinnern
748 927 919 987 belieben,
943 927 1034 987 wenn
1063 927 1103 987 sie
1132 924 1188 984 den
1218 919 1257 979 le¬

246 987 491 1047 senswürdigen
535 984 730 1044 "Vorschlag
762 987 823 1047 und
854 987 1013 1047 Entwurf
1039 987 1124 1047 einer
1161 984 1253 1044 allge¬

256 1046 393 1106 "meinen
427 1046 776 1106 Büchermanufactur
798 1045 820 1105 in
854 1045 914 1105 und
942 1043 998 1103 vor
1020 1044 1258 1104 Deutschland,

250 1103 326 1163 "von
360 1103 442 1163 einem
481 1106 635 1166 deutschen
663 1105 834 1165 Gelehrten
862 1103 1153 1163 herausgegeben,"
1193 1104 1247 1164 vor

239 1166 287 1226 die
312 1167 408 1227 Hand
439 1166 609 1226 nehmen,
647 1167 694 1227 der
726 1166 750 1226 in
787 1166 884 1226 dieser
909 1166 1182 1226 Michaelismesse
1213 1165 1243 1225 zu

238 1228 424 1288 Frankfurt
442 1229 504 1289 und
528 1231 652 1291 Leipzig
681 1228 829 1288 gedruckt
847 1228 1000 1288 worden,
1029 1228 1085 1288 und
1120 1228 1147 1288 in
1182 1227 1255 1287 vor¬

244 1288 419 1348 bemeldten
459 1293 668 1353 Kanterschen
702 1294 1007 1354 Buchhandlungen
1047 1291 1097 1351 für
1126 1293 1165 1353 24
1200 1291 1255 1351 gr.

245 1343 276 1403 zu
303 1339 407 1399 haben
440 1341 491 1401 ist.

655 1403 832 1463 Lemgo.

328 1446 501 1506 Johann
557 1446 706 1506 David
755 1450 966 1510 Grauens
1020 1449 1243 1509 Abhandlung

237 1488 325 1548 „von
364 1497 419 1557 den
464 1497 707 1557 Wundmitteln
746 1500 956 1560 überhaupt,
979 1500 1072 1560 8vo,
1106 1500 1216 1560 1764.

239 1542 319 1602 Der
352 1545 422 1605 Hr.
450 1547 644 1607 Verfasser,
666 1548 796 1608 welcher
834 1548 882 1608 die
916 1550 1251 1610 Arzneygelahrtheit

237 1591 296 1651 auf
319 1593 367 1653 der
395 1593 499 1653 hohen
526 1595 657 1655 Schule
685 1596 717 1656 zu
745 1596 924 1656 Göttingen
958 1596 1083 1656 lehret,
1117 1596 1252 1656 gehöret

245 1643 275 1703 zu
307 1643 357 1703 den
384 1643 548 1703 Aerzten,
575 1643 682 1703 welche
704 1644 775 1704 nach
801 1646 852 1706 dem
894 1646 1002 1706 Rathe
1023 1646 1110 1706 ihrer
1131 1644 1244 1704 Lehrer

240 1690 299 1750 und
329 1691 452 1751 Aeltern
487 1691 535 1751 den
571 1691 649 1751 Arzt
675 1691 738 1751 mit
763 1691 812 1751 dem
857 1691 1020 1751 Heilarzte
1055 1691 1251 1751 verbinden.

240 1735 326 1795 Man
360 1734 442 1794 setzte
466 1736 552 1796 ihn,
577 1736 634 1796 wie
659 1733 687 1793 er
712 1733 735 1793 in
765 1735 817 1795 der
837 1735 986 1795 Vorrede
1015 1736 1154 1796 meldet,
1189 1733 1250 1793 alle

244 1781 297 1841 dem
334 1778 510 1838 Verdrusse
533 1779 618 1839 aus,
641 1778 772 1838 welchen
804 1778 849 1838 die
867 1778 1052 1838 Erlernung
1089 1778 1138 1838 der
1161 1776 1251 1836 Heil¬

243 1828 337 1888 kunst
355 1828 519 1888 begleitet.
567 1828 619 1888 In
649 1828 731 1888 einer
755 1828 825 1888 Zeit
844 1828 896 1888 von
926 1828 990 1888 acht
1014 1827 1173 1887 Jahren,
1197 1827 1243 1887 als

247 1881 269 1941 so
293 1879 385 1939 lange
415 1881 443 1941 er
467 1879 518 1939 sich
543 1878 699 1938 derselben
723 1881 751 1941 zu
780 1876 913 1936 widmen
948 1879 1140 1939 genöthiget
1169 1880 1255 1940 sahe,

242 1930 341 1990 fehlte
369 1929 402 1989 es
430 1928 480 1988 dem
530 1930 618 1990 Hrn.
641 1930 812 1990 Verfasser
840 1930 923 1990 nicht
951 1929 984 1989 an
1018 1930 1250 1990 Gelegenheit,

241 1979 357 2039 Fehler
379 1978 410 2038 zu
437 1978 605 2038 begehen,
638 1978 695 2038 und
733 1979 770 2039 sie
797 1978 854 2038 von
892 1978 1008 2038 andern
1040 1978 1177 2038 begehen
1214 1978 1240 2038 zu

242 2028 355 2088 sehen.
405 2028 474 2088 Und
507 2025 577 2085 eben
611 2025 659 2085 die
682 2025 881 2085 Entdeckung
920 2026 1017 2086 dieser
1045 2025 1142 2085 vielen
1175 2025 1256 2085 Feh¬

241 2076 315 2136 ler,
336 2076 420 2136 wozu
453 2076 499 2136 der
526 2076 594 2136 Hr.
611 2075 726 2135 Grau
759 2076 811 2136 bey
838 2076 938 2136 seinem
986 2076 1149 2136 folgenden
1181 2072 1249 2132 aka¬

241 2126 411 2186 demischen
443 2127 530 2187 Leben
562 2124 588 2184 in
614 2124 665 2184 den
697 2126 816 2186 Stand
837 2124 945 2184 gesetzt
972 2124 1111 2184 wurde,
1138 2121 1251 2181 erhielt

236 2175 401 2235 denselben
428 2175 454 2235 in
481 2175 528 2235 dem
571 2174 773 2234 beständigen
800 2175 969 2235 Vorsatze,
1002 2174 1044 2234 die
1066 2174 1161 2234 Lehre
1183 2172 1241 2232 von

232 2222 287 2282 den
323 2222 556 2282 Heilmitteln,
582 2223 632 2283 die
663 2223 775 2283 bisher
806 2223 876 2283 noch
908 2223 1059 2283 niemand
1090 2222 1120 2282 in
1156 2222 1242 2282 einer

241 2270 411 2330 besondern
443 2269 582 2329 Schrift
598 2267 799 2327 entworfen,
826 2270 888 2330 und
914 2271 981 2331 noch
1018 2270 1157 2330 weniger
1194 2269 1250 2329 auf

243 2316 387 2376 Gründe
408 2318 439 2378 zu
466 2318 553 2378 setzen
579 2317 719 2377 gesuchet
740 2318 849 2378 hatte,
875 2318 931 2378 auf
952 2321 1019 2381 eine
1051 2318 1154 2378 leichte
1180 2318 1242 2378 und

231 2369 480 2429 überzeugende
508 2361 622 2421 Weise
644 2366 899 2426 abzuhandeln,
932 2369 991 2429 und
1024 2369 1160 2429 dadurch
1193 2368 1241 2428 die

235 2419 408 2479 Heilärzte
430 2416 517 2476 ihrer
539 2414 717 2474 Blindheit
741 2414 767 2474 zu
795 2414 973 2474 entreißen.
1045 2414 1088 2474 Er
1110 2417 1245 2477 handelt

237 2467 415 2527 demnach:
465 2465 513 2525 1)
530 2464 584 2524 von
617 2464 665 2524 den
693 2461 921 2521 Hindernissen
960 2464 1008 2524 der
1030 2464 1176 2524 Heilung
1209 2464 1236 2524 in

236 2513 289 2573 den
316 2516 565 2576 Wundlefzen;
614 2512 661 2572 2)
688 2512 746 2572 von
773 2509 857 2569 deren
895 2512 1139 2572 nothwendigen
1166 2513 1245 2573 Ent=

237 2563 397 2623 fernung;
432 2565 476 2625 3)
499 2563 554 2623 von
582 2561 631 2621 der
655 2560 804 2620 nöthigen
833 2562 1038 2622 Entfernung
1067 2563 1116 2623 des
1139 2562 1250 2622 Spal=

232 2616 309 2676 tens
335 2614 386 2674 der
407 2611 561 2671 Wunde,
588 2613 649 2673 und
696 2613 742 2673 4)
773 2605 829 2665 von
856 2607 907 2667 den
938 2611 1098 2671 Mitteln,
1129 2611 1175 2671 die
1196 2611 1221 2671 im

236 2664 367 2724 übrigen
400 2659 526 2719 Körper
548 2658 733 2718 befindliche
755 2652 966 2712 Hindernisse
993 2659 1024 2719 zu
1057 2658 1247 2718 entfernen.

235 2710 305 2770 Die
327 2709 543 2769 Abhandlung
577 2706 631 2766 von
659 2709 707 2769 den
729 2704 968 2764 Wundmitteln
996 2707 1245 2767 insbesondere,

237 2763 350 2823 welche
372 2759 533 2819 nächstens
561 2756 658 2816 folgen
691 2757 766 2817 soll,
799 2752 933 2812 handelt
961 2752 1014 2812 von
1053 2757 1101 2817 den
1134 2754 1236 2814 Eiter¬

225 2814 379 2874 mitteln,
406 2810 464 2870 von
491 2805 539 2865 den
566 2808 821 2868 balsamischen,
848 2802 901 2862 von
939 2802 991 2862 den
1018 2806 1236 2866 Aetzmitteln,

229 2861 286 2921 von
327 2861 379 2921 den
414 2858 652 2918 reinigenden,
676 2858 733 2918 von
775 2858 827 2918 den
868 2854 1140 2914 Fleischmitteln,
1170 2857 1221 2917 von

1285 333 1336 393 den
1370 333 1597 393 Klebemitteln
1627 333 1689 393 und
1723 334 1779 394 von
1814 336 1865 396 den
1894 331 2149 391 Hausmitteln.
2218 333 2297 393 Der

1286 380 1431 440 Vortrag
1465 383 1507 443 ist
1535 383 1773 443 durchgehends
1812 383 1963 443 deutlich,
1986 380 2207 440 überzeugend
2235 380 2294 440 und

1286 429 1346 489 und
1380 428 1523 488 lebhaft.
1596 431 1711 491 Kostet
1739 431 1761 491 in
1801 434 2038 494 vorbemeldten
2077 431 2287 491 Kanterschen

1287 479 1592 539 Buchhandlungen
1634 479 1647 539 1
1675 482 1709 542 fl.

1566 608 1699 668 Der
1754 610 1996 670 Mensch.

1293 763 1369 823 Ich
1401 763 1516 823 möchte
1548 766 1717 826 Menschen
1756 769 1848 829 sehn.

1287 811 1369 871 Was
1408 813 1469 873 sind
1503 812 1559 872 das
1593 814 1687 874 wohl
1709 816 1764 876 für
1793 816 1942 876 Thiere?

533 876 639 936 Unsre
654 876 739 936 Leser
768 878 889 938 werden
926 876 975 936 sich
1011 876 1103 936 dieser
1139 873 1253 933 erbete=
1283 859 1360 919 Für
1390 861 1538 921 Thiere?
1582 866 1689 926 sprach
1725 864 1782 924 der
1804 867 1938 927 Fuchs,
1969 867 2032 927 und
2076 867 2153 927 blieb
2197 867 2274 927 beym

1781 912 1893 972 Hasen
1931 915 2038 975 stehn.

1291 960 1544 1020 Gefährlicher,
1571 963 1617 1023 als
1652 963 1711 1023 alle
1745 962 1838 1022 andre
1872 963 2010 1023 Thiere,

1289 1007 1433 1067 Schlau,
1458 1007 1655 1067 eingebildet
1679 1007 1771 1067 groß,
1802 1010 1976 1070 berechtigt
1999 1010 2045 1070 zum
2092 1013 2295 1073 Verheeren,

1282 1053 1349 1113 Und
1381 1055 1433 1115 sich
1469 1055 1526 1115 von
1564 1055 1625 1115 uns
1657 1058 1688 1118 zu
1725 1058 1839 1118 kleiden
1881 1057 1938 1117 und
1975 1058 2006 1118 zu
2038 1059 2183 1119 nähren.

1283 1102 1359 1162 Der
1386 1103 1550 1163 Mensch,
1578 1105 1627 1165 der
1660 1108 1802 1168 Räuber
1836 1106 1884 1166 der
1918 1106 2048 1166 Natur,

1283 1150 1377 1210 Thut
1406 1151 1517 1211 täglich
1551 1154 1762 1214 mörderische
1791 1154 1980 1214 Schwüre,

1284 1200 1462 1260 Verhetzet
1487 1201 1611 1261 Thiere
1642 1204 1731 1264 gegen
1773 1201 1909 1261 Thiere,

1290 1249 1359 1309 Und
1388 1251 1470 1311 stellt
1499 1252 1563 1312 mit
1587 1252 1802 1312 zauberischen
1843 1249 1965 1309 Waffen

1285 1298 1356 1358 Dir
1388 1300 1459 1360 eben
1491 1300 1521 1360 so
1553 1300 1614 1360 wie
1640 1302 1732 1362 mir,
1769 1302 1830 1362 und
1862 1300 1923 1360 mir
1960 1301 2015 1361 wie
2047 1306 2160 1366 andern
2202 1312 2294 1372 nach,

1282 1348 1357 1408 Der
1390 1349 1519 1409 Mensch
1558 1351 1698 1411 verfehlt
1725 1350 1773 1410 nie
1801 1348 1892 1408 unsre
1925 1352 2044 1412 Spur,

1295 1398 1343 1458 Jst
1371 1400 1479 1460 listig,
1507 1399 1680 1459 grausam,
1709 1399 1979 1459 unergründlich,

1285 1446 1369 1506 Hält
1400 1448 1460 1508 uns
1491 1446 1546 1506 fur
1577 1446 1667 1506 dumm
1718 1448 1778 1508 und
1814 1446 2085 1506 unempfindlich,

1283 1496 1355 1556 Und
1389 1497 1522 1557 glaubt,
1551 1497 1612 1557 wir
1646 1495 1707 1555 sind
1741 1494 1796 1554 für
1819 1497 1869 1557 ihm
1919 1500 2109 1560 geschaffen.

1287 1546 1366 1606 Das
1395 1548 1434 1608 ist
1463 1546 1514 1606 der
1549 1546 1702 1606 Mensch.

1774 1544 1865 1604 Doch
1898 1548 2032 1608 komm,
2069 1548 2133 1608 wir
2172 1551 2289 1611 wollen

1778 1593 1890 1653 gehn.

1283 1641 1338 1701 Du
1377 1643 1494 1703 kannst
1522 1643 1588 1703 noch
1627 1643 1721 1703 heute
1744 1643 1916 1703 Menschen
1950 1643 2043 1703 sehn.

1281 1686 1355 1746 Sie
1381 1688 1548 1748 giengen,
1574 1687 1633 1747 und
1668 1685 1703 1745 am
1753 1688 1847 1748 ersten
1882 1688 1971 1748 Bach

1281 1730 1444 1790 Bewegte
1474 1728 1521 1788 sich
1560 1727 1603 1787 ein
1637 1730 1748 1790 Kind,

1285 1775 1355 1835 Lief
1381 1775 1517 1835 spielend
1553 1773 1608 1833 auf
1639 1776 1699 1836 und
1736 1778 1861 1838 nieder,

1290 1825 1360 1885 Fiel
1384 1825 1548 1885 taumelnd
1581 1825 1611 1885 in
1644 1826 1698 1886 das
1730 1828 1847 1888 Gras,
1872 1831 1933 1891 und
1966 1833 2028 1893 hob
2060 1834 2114 1894 sich
2139 1837 2279 1897 lächelnd

1781 1880 1928 1940 wieder.

1289 1926 1365 1986 Wie
1396 1927 1501 1987 artig?
1543 1928 1631 1988 sagte
1662 1927 1726 1987 hier
1756 1929 1809 1989 der
1845 1931 1945 1991 Hase,

1285 1982 1345 2042 Jst
1382 1978 1437 2038 das
1481 1978 1529 2038 ein
1566 1978 1731 2038 Mensch?

1778 1975 1883 2035 Wenn
1929 1981 1981 2041 das
2027 1984 2079 2044 die
2102 1981 2274 2041 Menschen

1790 2025 1879 2085 sind,

1284 2073 1339 2133 So
1374 2073 1487 2133 hassest
1516 2073 1549 2133 du
1584 2073 1635 2133 die
1664 2075 1839 2135 Menschen
1874 2076 1981 2136 blind,

1282 2123 1356 2183 Und
1388 2121 1494 2181 führst
1521 2121 1717 2181 vergebliche
1749 2124 2004 2184 Beschwerden,

1284 2169 1367 2229 Was
1404 2172 1482 2232 kann
1519 2169 1579 2229 uns
1610 2169 1700 2229 wohl
1731 2169 1772 2229 ein
1809 2172 1881 2232 solch
1912 2175 2093 2235 Geschöpfe
2124 2180 2238 2240 thun?

1281 2220 1442 2280 Geduld!
1475 2220 1534 2280 das
1567 2218 1605 2278 ist
1632 2220 1691 2280 kein
1730 2221 1886 2281 Mensch,
1914 2223 1967 2283 das
2000 2225 2075 2285 muß
2108 2228 2167 2288 erst
2195 2229 2281 2289 einer

1778 2270 1937 2330 werden:

1282 2317 1481 2377 Erwiederte
1515 2315 1568 2375 der
1590 2315 1714 2375 Fuchs.

1766 2315 1874 2375 Indem
1923 2318 2047 2378 erschien
2086 2321 2129 2381 ein
2162 2324 2286 2384 Greis.

1282 2366 1440 2426 Gebeugt
1467 2366 1519 2426 vom
1568 2366 1679 2426 Holz,
1706 2369 1758 2429 das
1795 2367 1826 2427 er
1859 2367 1933 2427 kaum
1981 2370 2181 2430 aufgelesen,

1283 2414 1390 2474 Gieng
1429 2414 1521 2474 dieser
1554 2414 1662 2474 Greis
1695 2415 1727 2475 am
1776 2416 1890 2476 Stabe
1923 2417 1992 2477 her,

1285 2464 1350 2524 Und
1387 2464 1499 2524 keichte
1530 2464 1621 2524 lang,
1647 2462 1687 2522 um
1729 2466 1942 2526 auszuruhn.

1277 2512 1387 2572 Wer,
1410 2514 1510 2574 sprach
1549 2512 1598 2572 der
1632 2512 1743 2572 Hase,
1766 2512 1804 2572 ist
1832 2515 1910 2575 denn
1949 2515 2026 2575 der?

1280 2563 1334 2623 Ein
1373 2560 1547 2620 Mensch?
1597 2559 1657 2619 O,
1685 2560 1734 2620 arm
1783 2563 1968 2623 Gebäude,

1278 2609 1359 2669 Das
1395 2611 1441 2671 sich
1477 2610 1570 2670 selbst
1600 2608 1681 2668 nicht
1711 2610 1740 2670 zu
1775 2611 1874 2671 helfen
1916 2611 2020 2671 weiß!

1278 2658 1372 2718 Mich
1408 2658 1537 2718 schreckt
1573 2655 1637 2715 kein
1679 2658 1838 2718 Mensch,
1874 2661 1962 2721 wenn
2004 2663 2062 2723 das
2104 2666 2151 2726 die
2181 2670 2286 2730 Men¬

1774 2709 1859 2769 schen
1901 2709 1981 2769 sind.

1274 2760 1341 2820 Ich
1373 2760 1464 2820 glaub
1502 2757 1563 2817 es,
1588 2757 1649 2817 rief
1674 2758 1723 2818 der
1754 2760 1882 2820 Fuchs,
1908 2760 1962 2820 das
1994 2761 2036 2821 ist
2062 2763 2104 2823 ein
2142 2769 2276 2829 Mensch

1766 2808 1937 2868 gewesen.

1269 2861 1348 2921 Mit
1375 2858 1501 2918 wenger
1535 2858 1654 2918 Furcht
1681 2860 1740 2920 und
1774 2859 1886 2919 großer
1920 2861 2046 2921 Freude

2196 2909 2287 2969 Ver¬
