2479 3508
511 1218 642 1278 83tes
690 1214 853 1274 Stück.
924 1217 1150 1277 Freytag,
1190 1219 1259 1279 den
1306 1223 1384 1283 16.
1416 1222 1657 1282 November
1697 1225 1844 1285 1764.

154 1294 364 1354 Beschluß
408 1292 461 1352 der
498 1291 564 1351 letzt
607 1288 848 1348 abgebrochnen
891 1291 1065 1351 Recension
1114 1291 1168 1351 der

235 1342 446 1402 moralischen
483 1339 767 1399 Wochenschrift:
810 1339 906 1399 Der
943 1339 1088 1399 Christ

457 1384 506 1444 am
567 1387 852 1447 Sonntage.

156 1482 258 1542 B.
285 1491 423 1551 "Tags;
450 1494 510 1554 und
546 1491 570 1551 du
606 1488 787 1548 antwortest
814 1488 866 1548 mir
893 1488 995 1548 nicht:
1032 1485 1091 1545 und
1109 1485 1160 1545 des

171 1543 334 1603 'Nachts;
363 1542 436 1602 aber
459 1542 503 1602 ich
538 1542 622 1602 finde
651 1539 712 1599 kein
747 1536 950 1596 Aufhören"
1001 1536 1153 1596 (nämlich

145 1596 199 1656 des
221 1596 396 1656 Leidens,)
435 1593 495 1653 das
529 1593 599 1653 darf
627 1590 687 1650 nun
721 1587 774 1647 der
797 1586 928 1646 Erlöser
956 1584 988 1644 am
1033 1585 1158 1645 Kreuze

151 1646 235 1706 nicht
253 1646 343 1706 mehr
367 1644 486 1704 sagen,
509 1642 565 1702 daß
594 1641 622 1701 er
651 1640 701 1700 des
730 1638 855 1698 Nachts
884 1634 974 1694 rufen
1008 1634 1161 1694 wolle;

150 1697 228 1757 denn
254 1697 280 1757 im
326 1697 423 1757 Texte
437 1695 521 1755 steht
542 1695 599 1755 das
620 1692 782 1752 Zeitwort
803 1691 821 1751 in
861 1690 913 1750 der
940 1685 1148 1745 zukünftigen
1188 1685 1298 1745 macht
1318 1687 1441 1747 daraus
1475 1685 1513 1745 ein
1553 1688 1676 1748 Haus
1710 1688 1761 1748 des
1794 1688 1931 1748 Todes;
1958 1690 2015 1750 wir
2042 1692 2185 1752 gestehen

153 1752 241 1812 Zeit.
299 1749 382 1809 Der
408 1748 605 1808 Uebersetzer
638 1747 732 1807 aber,
772 1745 873 1805 damit
899 1742 930 1802 es
963 1742 1013 1802 sich
1046 1739 1154 1799 hieher

154 1799 296 1859 schickte,
323 1796 529 1856 verwandelt
551 1794 577 1854 es
609 1796 709 1856 wider
746 1793 805 1853 alle
832 1793 1079 1853 grammatische
1107 1793 1164 1853 Re=

149 1843 218 1903 geln
247 1840 270 1900 in
303 1839 344 1899 die
368 1834 554 1894 vergangne
578 1834 671 1894 Zeit;
700 1833 746 1893 als
779 1832 811 1892 ob
839 1831 904 1891 hier
942 1831 993 1891 der
1017 1834 1156 1894 Messias

146 1888 218 1948 bloß
254 1885 311 1945 von
347 1882 451 1942 seinen
482 1879 631 1939 ehemals
658 1876 838 1936 abgelegten
865 1873 1009 1933 Gebeten
1046 1874 1164 1934 redete.

145 1936 201 1996 N.
215 1938 253 1998 7.
279 1933 349 1993 Die
369 1930 509 1990 Worte,
535 1924 732 1984 opprobrium
778 1918 924 1978 hominis
951 1918 982 1978 et
1002 1918 1155 1978 contem-
1181 1921 1238 1981 lich
1264 1921 1302 1981 ist
1322 1921 1353 1981 es
1386 1924 1455 1984 auch
1495 1924 1564 1984 sehr
1591 1924 1711 1984 wahr,
1744 1927 1794 1987 daß
1827 1930 1948 1990 Hunde
1981 1933 2063 1993 nicht
2090 1939 2198 1999 Men=

150 1987 205 2047 tus
222 1982 360 2042 populi,
388 1978 510 2038 werden
538 1975 598 2035 also
626 1972 787 2032 gegeben:
827 1973 914 2033 "Jch
943 1967 992 2027 bin
1021 1969 1070 2029 der
1098 1966 1164 2026 Ge=

150 2036 322 2096 Pgenstand
348 2030 399 2090 des
425 2025 572 2085 Spottes
599 2024 649 2084 den
676 2020 836 2080 Heyden;
862 2020 925 2080 und
952 2020 996 2080 ein
1022 2020 1156 2080 Veracht
1189 2020 1240 2080 der
1266 2020 1413 2080 Messias
1446 2020 1535 2080 nicht
1562 2021 1593 2081 am
1645 2025 1772 2085 Kreuze
1805 2025 1914 2085 gethan
1953 2028 2048 2088 haben
2094 2034 2195 2094 kann.

151 2136 212 2196 und
236 2130 405 2190 sinnreiche
423 2126 495 2186 Art,
513 2126 563 2186 die
581 2125 711 2185 Schrift
723 2124 750 2184 zu
780 2121 949 2181 erklären!
972 2121 1073 2181 Allein
1103 2121 1153 2181 der

151 2184 235 2244 Text
258 2183 314 2243 hat
332 2178 428 2238 diesen
457 2177 656 2237 Unterscheid
685 2175 831 2235 zwischen
860 2174 968 2234 Juden
1003 2172 1059 2232 und
1082 2169 1166 2229 Hey=

144 2237 197 2297 den
219 2231 304 2291 nicht
320 2231 479 2291 gemacht,
491 2225 618 2285 sondern
645 2223 704 2283 von
731 2223 837 2283 bloßen
869 2223 1044 2283 Menschen
1077 2220 1162 2280 gere¬

153 2286 226 2346 det,
255 2282 339 2342 ohne
357 2280 390 2340 zu
414 2276 532 2336 sagen,
561 2275 594 2335 ob
635 2270 674 2330 sie
703 2270 918 2330 Beschnittne
947 2273 1020 2333 oder
1055 2270 1150 2330 Unbe

150 2335 303 2395 schnittne
328 2330 457 2390 wären.
505 2324 558 2384 V.
576 2321 635 2381 10.
665 2324 747 2384 "Ich
777 2324 889 2384 konnte
920 2321 1002 2381 schon
1038 2321 1072 2381 da
1103 2321 1137 2381 zu

149 2383 365 2443 „versichtlich
390 2377 516 2437 hoffen,
553 2372 582 2432 da
613 2369 654 2429 ich
691 2371 721 2431 an
764 2374 811 2434 den
848 2372 992 2432 Brüsten
1029 2369 1149 2429 meiner

145 2430 308 2490 „Mutter
338 2429 526 2489 unmündig
561 2420 625 2480 und
655 2423 889 2483 nahrungslos
919 2420 1012 2480 lag."

1068 2417 1150 2477 Der

142 2479 309 2539 Verfasser
332 2479 404 2539 will
422 2475 495 2535 gern
523 2472 579 2532 aus
607 2470 713 2530 eignem
753 2473 848 2533 Witze
871 2470 920 2530 den
943 2468 1083 2528 Zustand
1106 2467 1155 2527 der

147 2530 409 2590 abgeschilderten
443 2523 559 2583 Person
599 2518 676 2578 recht
710 2524 838 2584 kläglich
867 2518 1061 2578 vorstellen;
1090 2517 1150 2577 und

150 2578 223 2638 setzt
240 2576 336 2636 dafür
360 2577 444 2637 einen
473 2569 722 2629 Widerspruch.
785 2573 864 2633 Wie
893 2569 966 2629 kann
996 2566 1035 2626 ein
1064 2566 1148 2626 Kind

147 2629 374 2689 nahrungsloß
402 2625 496 2685 seyn,
524 2620 579 2680 das
602 2617 635 2677 an
674 2620 723 2680 der
757 2623 890 2683 Mutter
913 2617 1018 2677 Brust
1046 2614 1145 2674 liegt?

143 2679 190 2739 V.
209 2679 268 2739 11.
304 2670 399 2730 "Von
435 2670 483 2730 dem
525 2665 685 2725 Schooße
710 2670 835 2730 meiner
859 2668 989 2728 Mutter
1020 2664 1067 2724 bin
1103 2664 1144 2724 ich

160 2727 199 2787 in
228 2724 334 2784 deinen
363 2723 493 2783 Schooß
522 2718 623 2778 gelegt
646 2718 816 2778 worden.”
873 2721 985 2781 Nein,
997 2715 1019 2775 so
1042 2715 1126 2775 witzi

143 2781 199 2841 hat
222 2778 335 2838 David
364 2774 450 2834 nicht
473 2769 620 2829 geredet.
690 2769 740 2829 Im
792 2769 888 2829 Texte
918 2768 957 2828 ist
981 2766 1037 2826 gar
1072 2763 1128 2823 vom

150 2834 304 2894 Schooße
327 2826 410 2886 nicht
438 2823 482 2883 die
505 2820 626 2880 Frage.
677 2821 715 2881 n
799 2820 876 2880 weit
899 2820 1042 2880 weniger
1071 2814 1125 2874 vom

148 2896 299 2956 Schooße
326 2885 477 2945 GOttes.
529 2882 579 2942 V.
605 2882 662 2942 14.
688 2882 788 2942 "Ja,
820 2879 871 2939 der
891 2879 1036 2939 höllische
1062 2873 1150 2933 Löwe

1200 1294 1335 1354 "selbst,
1372 1294 1464 1354 dessen
1502 1294 1679 1354 Werkzeug
1724 1297 1797 1357 jene
1835 1296 1926 1356 sind,
1952 1297 2068 1357 brüllet
2100 1300 2191 1360 gegen

1200 1339 1324 1399 "mich,
1352 1342 1410 1402 mir
1433 1342 1464 1402 zu
1492 1342 1659 1402 schaden."
1719 1345 1789 1405 Die
1822 1345 1940 1405 Feinde
1973 1345 2097 1405 Christi
2125 1348 2205 1408 wer¬

1194 1385 1245 1445 den
1277 1387 1344 1447 bloß
1376 1390 1463 1450 unter
1490 1390 1537 1450 der
1558 1391 1796 1451 Vergleichung
1828 1393 1890 1453 mit
1917 1396 2030 1456 wilden
2062 1396 2196 1456 Thieren

262 1445 303 1505 3.
328 1446 417 1506 sollte
448 1441 586 1501 heißen:
629 1437 736 1497 Mein
773 1438 905 1498 GOtt,
924 1440 965 1500 ich
996 1440 1073 1500 rufe
1105 1439 1158 1499 des
1195 1437 1423 1497 beschrieben;
1448 1440 1538 1500 unter
1568 1439 1622 1499 dem
1671 1442 1773 1502 Bilde
1797 1442 1851 1502 des
1882 1441 1990 1501 Löwen
2026 1441 2104 1501 wird
2135 1448 2194 1508 also

1188 1483 1247 1543 vom
1291 1485 1410 1545 Teufel
1426 1488 1480 1548 gar
1513 1488 1594 1548 nicht
1622 1488 1762 1548 geredet.
1839 1488 1909 1548 Die
1931 1492 2126 1552 Auslegung
2159 1496 2196 1556 ist

1188 1534 1247 1594 gut
1269 1533 1328 1593 und
1356 1536 1470 1596 wahr;
1497 1537 1573 1597 aber
1601 1537 1633 1597 sie
1655 1539 1769 1599 gehört
1791 1539 1873 1599 nicht
1895 1542 2030 1602 hieher;
2058 1542 2133 1602 denn
2161 1544 2198 1604 sie

1185 1581 1224 1641 ist
1241 1583 1324 1643 nicht
1352 1584 1436 1644 das,
1464 1586 1531 1646 was
1570 1587 1620 1647 der
1654 1587 1810 1647 Prophet
1839 1588 1922 1648 sagt.
1950 1590 2000 1650 V.
2018 1590 2078 1650 16.
2129 1594 2179 1654 Im

1195 1631 1291 1691 Texte
1308 1634 1389 1694 steht
1411 1634 1459 1694 der
1492 1634 1637 1694 Staub
1670 1637 1724 1697 des
1746 1637 1880 1697 Todes;
1913 1637 1967 1697 der
2000 1640 2194 1700 Uebersetzer

1189 1737 1263 1797 aber
1287 1739 1379 1799 gern,
1414 1739 1466 1799 daß
1495 1739 1553 1799 wir
1577 1739 1628 1799 gar
1658 1739 1738 1799 nicht
1756 1742 1802 1802 die
1825 1742 1976 1802 besondre
1994 1745 2195 1805 Zierlichkeit

1196 1790 1369 1850 einsehen,
1390 1793 1502 1853 warum
1543 1793 1609 1853 hier
1636 1792 1682 1852 die
1703 1791 1822 1851 Bilder
1850 1796 2050 1856 verwechselt
2070 1798 2189 1858 worden

1194 1834 1274 1894 sind.
1325 1834 1375 1894 V.
1396 1836 1456 1896 17.
1487 1837 1562 1897 wird
1588 1840 1644 1900 von
1680 1841 2028 1901 unmenschlichen
2059 1846 2195 1906 Hunden

1186 1876 1333 1936 geredet.
1382 1876 1444 1936 Ein
1473 1879 1644 1939 allerliebst
1664 1882 1841 1942 gewähltes
1865 1885 2052 1945 Beywort!
2090 1891 2200 1951 Wirk¬

1176 1971 1258 2031 schen
1290 1972 1367 2032 sind.
1420 1969 1472 2029 V.
1493 1972 1555 2032 20.
1576 1972 1695 2032 kömmt
1717 1976 1882 2036 abermals
1909 1977 1976 2037 eine
1997 1984 2116 2044 Bitte,
2143 1989 2194 2049 die

167 2085 256 2145 Pteter
277 2082 304 2142 in
332 2082 386 2142 den
415 2076 517 2136 Augen
552 2075 669 2135 meines
698 2070 841 2130 Volks."
876 2063 958 2123 Eine
980 2067 1062 2127 ganz
1077 2070 1158 2130 neue
1187 2070 1261 2130 Der
1283 2067 1482 2127 Uebersetzer
1504 2070 1613 2130 mußte
1634 2073 1695 2133 also
1731 2073 1889 2133 wiederum
1938 2076 1985 2136 den
2020 2079 2102 2139 Text
2123 2083 2198 2143 ver¬

1188 2121 1302 2181 laßen,
1328 2120 1392 2180 und
1418 2118 1513 2178 seinen
1546 2121 1654 2181 eignen
1680 2124 1762 2184 Witz
1789 2127 1884 2187 dafür
1904 2124 2012 2184 setzen.
2064 2133 2185 2193 Davil

1186 2172 1279 2232 sagt:
1305 2170 1317 2230 "
1336 2169 1392 2229 eile
1418 2169 1480 2229 mir
1512 2169 1543 2229 zu
1569 2172 1687 2232 Hülfe.
1770 2177 1857 2237 Hier
1889 2178 1976 2238 heißt
2002 2179 2058 2239 es:
2096 2181 2189 2241 "eile

1201 2220 1275 2280 'mir
1305 2220 1414 2280 durch
1450 2221 1571 2281 einen
1606 2226 1849 2286 siegreichen
1884 2228 1971 2288 Tod
2006 2230 2034 2290 zu
2070 2229 2191 2289 helfen.

1188 2272 1274 2332 Noch
1304 2269 1390 2329 mehr
1419 2270 1574 2330 geschieht
1598 2273 1678 2333 diese
1709 2273 1928 2333 Verdrehung
1957 2276 2008 2336 des
2044 2280 2182 2340 Sinnes

1176 2321 1231 2381 V.
1264 2318 1338 2378 21.

1400 2321 1532 2381 Errette
1575 2324 1680 2384 meine
1718 2324 1824 2384 Seele
1861 2326 1919 2386 vom
1978 2327 2157 2387 Schwerd.

1181 2367 1258 2427 Das
1289 2369 1402 2429 konnte
1429 2369 1501 2429 noch
1528 2372 1667 2432 weniger
1693 2375 1723 2435 am
1760 2378 1884 2438 Kreuze
1905 2378 2029 2438 gebetet
2045 2381 2189 2441 werden.

1185 2419 1276 2479 Doch
1298 2419 1352 2479 der
1380 2420 1575 2480 Uebersetzer
1602 2426 1683 2486 weiß
1717 2426 1749 2486 es
1782 2426 1922 2486 glücklich
1966 2426 1998 2486 zu
2037 2432 2193 2492 wenden:

1187 2463 1338 2523 "Errette
1360 2467 1430 2527 mich
1457 2471 1516 2531 von
1555 2474 1602 2534 der
1630 2476 1754 2536 Angst,
1782 2476 1830 2536 die
1858 2476 1960 2536 meine
1993 2475 2095 2535 Seele
2128 2479 2186 2539 wie

1187 2518 1251 2578 "ein
1289 2518 1451 2578 Schwerd
1479 2524 1728 2584 durchdringt."
1794 2519 1841 2579 Es
1875 2521 1912 2581 ist
1940 2521 2026 2581 nicht
2054 2527 2194 2587 anders,

1175 2567 1223 2627 als
1246 2566 1338 2626 hörte
1366 2568 1436 2628 man
1470 2573 1557 2633 einen
1590 2575 1825 2635 Kirchenvater
1853 2572 2099 2632 allegorisiren!
2132 2576 2180 2636 Ob

1182 2617 1235 2677 das
1268 2614 1473 2674 Schwerd
1506 2622 1538 2682 im
1587 2625 1684 2685 Texte
1712 2623 1873 2683 verblümt
1912 2622 1981 2682 oder
2020 2623 2176 2683 eigentlich

1177 2664 1387 2724 vorkommt,
1416 2669 1476 2729 das
1505 2670 1543 2730 ist
1571 2673 1643 2733 eine
1671 2669 1870 2729 Kleinigkeit
1904 2664 1920 2724 —
1993 2670 2087 2730 Doch
2121 2674 2181 2734 wir

1180 2715 1291 2775 wollen
1320 2715 1386 2775 hier
1409 2724 1610 2784 abbrechen;
1639 2721 1711 2781 denn
1745 2718 1822 2778 schon
1857 2721 1918 2781 sind
1946 2721 2007 2781 wir
2036 2724 2069 2784 zu
2103 2728 2192 2788 weit¬

1180 2766 1301 2826 läuftig
1330 2768 1496 2828 gewesen.
1541 2769 1691 2829 Genug,
1724 2767 1774 2827 die
1808 2771 1908 2831 ganze
1936 2770 2186 2830 Umschreibung

1188 2814 1281 2874 dieses
1310 2817 1448 2877 Psalms
1470 2820 1631 2880 wimmelt
1653 2817 1709 2877 von
1737 2819 1908 2879 müßigen,
1931 2823 2180 2883 willkührlichen

1178 2867 1361 2927 Zusatzen,
1400 2870 1449 2930 die
1482 2873 1576 2933 seinen
1616 2869 1728 2929 ganzen
1768 2870 1957 2930 Nachdruck
1996 2873 2191 2933 schwächen,

2131 2927 2215 2987 und.
