2479 3508
127 319 358 379 Versicherung
390 316 445 376 von
472 313 527 373 der
547 306 809 366 Hochachtung,
835 303 884 363 die
904 305 947 365 ich
979 304 1028 364 für
1054 303 1146 363 Ihre

132 369 248 429 wahre
271 365 465 425 Verdienste
500 357 638 417 niemals
673 354 828 414 aufheben
868 354 989 414 werde.

1041 353 1139 413 Man

132 419 207 479 kann
240 418 290 478 die
316 406 662 466 Nachläßigkeit
689 404 827 464 seiner
853 404 1010 464 jungen
1042 402 1149 462 Jah¬

133 470 177 530 re
212 466 297 526 nicht
326 455 535 515 aufrichtiger
564 453 694 513 bereuen
740 454 831 514 wenn
871 454 944 514 man
979 452 1058 512 etwa
1092 449 1142 509 bei

135 518 218 578 einem
258 508 458 568 angestellten
493 501 631 561 Examen
660 503 709 563 den
738 504 883 564 Kürzern
917 503 1072 563 gezogen,
1095 501 1139 561 als

130 568 156 628 es
184 560 265 620 Carl
288 559 337 619 der
359 554 413 614 5te
435 554 528 614 that,
556 553 588 613 da
621 551 648 611 er
671 551 757 611 einen
785 554 987 614 lateinischen
1015 551 1145 611 Redner

130 612 218 672 nicht
236 604 386 664 erreichen
420 601 559 661 konnte,
588 601 643 661 dem
694 601 721 661 er
755 601 799 661 ein
834 604 1000 664 geneigtes
1029 599 1145 659 Gehör

132 657 302 717 verstattet
319 652 424 712 hatte.
474 652 607 712 Würde
629 651 673 711 sich
701 652 778 712 aber
801 652 844 712 ein
867 652 1043 712 Gelehrter
1061 649 1148 709 nicht

131 714 156 774 zu
188 708 255 768 sehr
276 703 473 763 verkennen,
495 697 582 757 wenn
614 702 640 762 er
661 700 863 760 abgewichen
890 703 947 763 von
978 700 1025 760 der
1046 700 1149 760 Tanz¬

130 756 309 816 kenntniß,
337 750 369 810 es
403 749 446 809 sey
479 751 539 811 zur
561 750 697 810 Rechten
736 751 812 811 oder
840 751 899 811 zur
922 751 1036 811 Linken
1069 751 1145 811 über

124 807 173 867 die
201 798 583 858 Unterlaßungssünden
616 798 714 858 seiner
742 800 878 860 Jugend
912 798 998 858 einen
1037 798 1151 858 Seuf¬

132 861 182 921 zer
202 854 346 914 verlieren
372 849 485 909 sollte?
517 849 604 909 Alles
624 849 718 909 dieses
738 849 813 909 wird
833 850 908 910 mich
934 849 996 909 wie
1009 849 1052 909 ich
1072 851 1141 911 nach

367 1013 559 1073 Berlin,
591 1014 646 1074 den
685 1013 746 1073 25.
778 1011 902 1071 Octob.

179 1067 256 1127 Bey
290 1067 339 1127 dem
389 1067 600 1127 Canitzischen
628 1064 999 1124 Infanterieregiment
1027 1061 1065 1121 ist
1093 1064 1143 1124 der

129 1118 461 1178 Secondlieutenant
477 1115 544 1175 Hr.
560 1114 679 1174 Meyer
700 1113 756 1173 zum
793 1112 1151 1172 Premierlieutenant,

122 1172 176 1232 der
204 1170 362 1230 Fähnrich
401 1166 471 1226 Hr.
499 1163 554 1223 von
593 1160 746 1220 Diericke
785 1164 839 1224 zum
889 1163 1151 1223 Secondlieute¬

123 1219 230 1279 nant,
254 1216 316 1276 und
357 1213 407 1273 der
442 1210 584 1270 gefreyte
619 1210 791 1270 Corporal
814 1213 888 1273 Hr.
917 1214 973 1274 von
1014 1213 1133 1273 Hülsen

130 1269 185 1329 zum
228 1262 388 1322 Fähnrich
417 1258 585 1318 avancirt.

359 1303 598 1363 Dresden,
626 1306 679 1366 den
708 1303 767 1363 13.
789 1306 908 1366 Octob.

171 1357 247 1417 Den
280 1354 350 1414 5ten
389 1352 427 1412 ist
455 1353 481 1413 in
521 1354 815 1414 Friederichsstadt
844 1353 930 1413 eines
958 1351 1138 1411 Schusters

124 1406 279 1466 Eheweib
307 1400 510 1460 verstorben,
531 1402 640 1462 welche
667 1402 723 1462 von
755 1402 801 1462 der
823 1399 1037 1459 Wassersucht
1053 1396 1135 1456 einen

125 1461 152 1521 so
186 1455 302 1515 starken
347 1452 413 1512 Leib
452 1449 596 1509 gehabt,
630 1449 685 1509 daß
725 1449 863 1509 selbiger
897 1449 924 1509 im
969 1446 1135 1506 Umfange

124 1515 140 1575 8
167 1506 257 1566 Ellen
284 1500 464 1560 betragen,
491 1499 549 1559 und
576 1499 644 1559 nach
671 1497 756 1557 ihrem
799 1497 888 1557 Tode
910 1494 963 1554 hat
985 1496 1053 1556 man
1080 1494 1133 1554 bey

127 1557 181 1617 der
203 1551 344 1611 Section
372 1551 437 1611 164
465 1548 600 1608 Kannen
628 1545 752 1605 Wasser
780 1545 834 1605 von
862 1547 910 1607 ihr
938 1542 1144 1602 abgezapfet.

132 1605 281 1665 Selbige
298 1602 359 1662 hat
376 1599 386 1659 6
420 1599 513 1659 Jahr
537 1599 614 1659 diese
642 1596 797 1656 Maladie
819 1593 1046 1653 empfunden,
1080 1590 1146 1650 wo¬

123 1655 173 1715 bey
203 1652 253 1712 der
277 1651 346 1711 Leib
375 1652 431 1712 alle
455 1650 552 1710 Jahr
576 1649 712 1709 größer,
742 1646 799 1706 und
828 1646 879 1706 das
908 1643 1023 1703 letztere
1046 1642 1137 1702 Jahr

126 1708 156 1768 so
175 1706 255 1766 stark
280 1701 477 1761 geworden,
503 1703 558 1763 daß
583 1703 619 1763 sie
645 1700 730 1760 nicht
750 1700 842 1760 mehr
867 1697 965 1757 gehen
1003 1694 1144 1754 können,

133 1760 261 1820 sondern
291 1756 390 1816 liegen
420 1754 559 1814 müssen.

364 1807 575 1867 Leipzig,
612 1802 672 1862 den
709 1802 745 1862 9.
776 1802 902 1862 Octob.

173 1847 218 1907 Zu
255 1846 472 1906 Rementitz,
513 1840 794 1900 Bitterfeldischer
826 1840 944 1900 Pflege
976 1840 1034 1900 hat
1066 1840 1138 1900 eine

116 1895 354 1955 Hauswirthin
390 1888 446 1948 vor
477 1886 598 1946 einiger
630 1882 701 1942 Zeit
732 1882 797 1942 eine
823 1882 996 1942 besondere
1022 1880 1133 1940 Probe

125 1996 268 2056 viehes,
291 1988 340 2048 die
363 1984 429 2044 noch
457 1984 618 2044 gemolken
652 1981 813 2041 worden,
847 1978 935 2038 wenn
968 1981 1018 2041 die
1041 1979 1135 2039 Kühe

117 2055 145 2115 zu
180 2042 310 2102 kranken
340 2031 574 2091 angefangen,
598 2033 718 2093 anderm
758 2031 838 2091 Vieh
873 2031 1021 2091 schädlich
1062 2028 1124 2088 seyn

126 2094 261 2154 möchte.
313 2085 386 2145 Sie
415 2082 471 2142 hat
500 2082 595 2142 daher
624 2081 675 2141 dem
722 2082 840 2142 Hunde
869 2080 925 2140 und
960 2080 1010 2140 der
1039 2081 1129 2141 Katze

125 2148 178 2208 von
214 2138 326 2198 solcher
351 2133 451 2193 Milch
481 2133 635 2193 gegeben,
659 2133 771 2193 welche
796 2133 866 2193 aber
891 2133 1015 2193 sogleich
1039 2130 1133 2190 krank

131 2191 325 2251 geworden,
350 2183 408 2243 und
444 2184 509 2244 bald
545 2184 663 2244 darauf
687 2184 870 2244 gestorben.
942 2184 1018 2244 Dem
1072 2178 1142 2238 Ge¬

120 2244 244 2304 rüchte,
267 2237 398 2297 welches
427 2231 546 2291 neulich
569 2231 745 2291 verbreitet
769 2234 915 2294 worden,
945 2233 990 2293 als
1019 2231 1052 2291 ob
1081 2229 1132 2289 sich

127 2296 204 2356 viele
223 2285 446 2345 Heuschrecken
478 2280 501 2340 in
532 2279 580 2339 der
599 2282 798 2342 Oberlausitz
817 2282 901 2342 sehen
932 2283 1040 2343 laßen,
1053 2279 1131 2339 wird

121 2348 174 2408 von
211 2341 305 2401 daher
330 2336 388 2396 mit
413 2330 604 2390 Nachdruck
628 2333 914 2393 widersprochen,
950 2333 1039 2393 wohl
1057 2333 1134 2393 aber

125 2394 224 2454 soviel
252 2387 512 2447 eingestanden,
546 2380 606 2440 daß
645 2383 728 2443 ganz
756 2384 999 2444 ungewöhnlich
1033 2381 1132 2441 starke

116 2491 164 2551 ten
191 2485 467 2545 herumgezogen,
478 2479 536 2539 und
563 2476 616 2536 daß
643 2479 691 2539 die
712 2483 903 2543 Feldmäuse
931 2482 989 2542 und
1010 2479 1138 2539 Schne¬

127 2542 188 2602 cken
213 2537 329 2597 großen
360 2530 507 2590 Schaden
539 2527 667 2587 thäten,
693 2536 821 2596 welches
852 2531 1036 2591 Ungeziefer
1062 2530 1128 2590 hier
1172 2525 1270 2585 Unsre
1295 2526 1528 2586 Comödianten
1560 2533 1657 2593 haben
1689 2533 1756 2593 auch
1782 2530 1848 2590 ihre
1868 2527 2082 2587 Schauspiele
2107 2524 2162 2584 wie

118 2596 147 2656 zu
178 2589 284 2649 Lande
308 2582 379 2642 auch
404 2581 493 2641 nicht
511 2578 623 2638 fehlet.

337 2629 586 2689 Hamburg,
615 2628 666 2688 den
706 2631 768 2691 17.
792 2630 916 2690 Octob.

172 2682 312 2742 Gestern
345 2676 537 2736 Vormittag
577 2676 672 2736 gegen
705 2679 743 2739 10
782 2679 852 2739 Uhr
885 2679 942 2739 sind
975 2675 1045 2735 Sr.
1065 2673 1135 2733 Erl.

119 2742 167 2802 der
192 2736 288 2796 Russ.
307 2727 532 2787 Großkanzler
557 2721 649 2781 Graf
674 2727 728 2787 von
753 2730 935 2790 Woronzow
978 2727 1063 2787 nebst
1088 2724 1136 2784 de=

117 2793 150 2853 ro
180 2785 356 2845 Gemahlin
386 2778 448 2838 und
478 2775 545 2835 dero
574 2772 654 2832 Frau
684 2778 820 2838 Tochter
850 2781 900 2841 der
924 2779 1043 2839 Gräfin
1073 2775 1129 2835 von

121 2839 320 2899 Stroganow
360 2829 473 2889 sammt
497 2826 565 2886 dero
594 2826 736 2886 Gefolge
760 2829 816 2889 von
845 2831 913 2891 hier
937 2831 1005 2891 nach
1028 2827 1124 2887 Eutin

115 2894 172 2954 und
205 2892 224 2952 so
250 2886 360 2946 weiter
387 2879 458 2939 nach
484 2879 600 2939 Lübeck
634 2879 834 2939 abgereiset,
860 2884 989 2944 nachdem
1042 2879 1131 2939 hoch¬

1186 300 1239 360 der
1263 300 1351 360 Liebe
1369 300 1470 360 hoffe,
1494 302 1517 362 in
1541 303 1671 363 Absicht
1690 303 1748 363 auf
1766 303 1808 363 ein
1838 303 1926 363 Paar
1944 303 2186 363 Anmerkungen

1185 352 1323 412 schadlos
1351 351 1483 411 halten,
1512 349 1555 409 die
1578 351 1616 411 ich
1645 351 1711 411 noch
1740 354 1767 414 in
1795 351 1927 411 höchster
1950 351 2005 411 Eil
2028 351 2099 411 über
2122 352 2193 412 ihre

1180 401 1403 461 Abhandlung
1431 398 1648 458 anzubringen
1682 401 1838 461 vorhabe.
1889 400 1977 460 ”Ich
2000 398 2072 458 will
2090 401 2189 461 nichts

1187 449 1313 509 "davon
1353 449 1468 509 sagen"
1507 446 1646 506 belieben
1685 449 1756 509 Sie
1784 449 1983 509 anzuführen
2023 448 2088 508 was
2122 449 2188 509 jene

1182 500 1364 560 griechische
1386 497 1607 557 Philosophen
1640 497 1844 557 behaupten,
1872 499 1927 559 daß
1955 499 2004 559 der
2027 499 2115 559 Tanz
2137 499 2181 559 ein

1187 548 1308 608 Mittel
1336 548 1388 608 zur
1410 548 1548 608 Tugend
1580 545 1654 605 sey,
1687 548 1749 608 und
1788 547 1845 607 wie
1878 545 1968 605 wohl
1995 546 2063 606 Sie
2090 548 2190 608 daran

1182 598 1324 658 gethan,
1345 598 1403 658 das
1430 595 1604 655 übersteigt
1621 595 1694 655 allen
1726 595 1842 655 meinen
1874 595 2059 655 Ausdruck.
2107 597 2191 657 Mir

1179 646 1376 706 wenigstens
1402 646 1485 706 sollte
1506 646 1537 706 es
1568 646 1692 706 leichter
1719 643 1750 703 zu
1781 643 1962 703 behaupten
2005 646 2103 706 seyn,
2129 646 2180 706 daß

1188 697 1230 757 ein
1258 696 1506 756 Zeitungsblatt
1534 697 1576 757 ein
1604 694 1701 754 Werk
1728 694 1782 754 der
1804 692 1896 752 Liebe
1923 694 1982 754 und
2015 694 2069 754 der
2091 694 2182 754 Noth

1184 748 1265 808 sey,
1303 745 1351 805 als
1384 742 1525 802 Spuren
1559 745 1612 805 der
1645 745 1781 805 Tugend
1819 744 1846 804 in
1890 742 2004 802 unsern
2037 745 2199 805 Gesell¬

1183 794 1500 854 schaftstänzen
1540 792 1766 852 aufzufinden.

1377 846 1470 906 (Die
1491 845 1693 905 Fortsetzung
1727 843 1814 903 folgt
1836 843 2003 903 künftig.)

1182 1010 1329 1070 dieselben
1361 1010 1440 1070 über
1466 1010 1533 1070 dero
1558 1010 1687 1070 hiesigen
1725 1010 1922 1070 Aufenthalt
1941 1007 1983 1067 ein
2009 1004 2181 1064 besondrel

1175 1061 1377 1121 Vergnügen
1406 1064 1433 1124 zu
1462 1061 1607 1121 bezeigen
1637 1061 1777 1121 geruhet
1800 1061 1917 1121 haben.

1276 1112 1531 1172 Frankfurt
1555 1112 1601 1172 am
1648 1112 1806 1172 Main,
1830 1112 1887 1172 den
1923 1110 1986 1170 12.
2010 1108 2091 1168 Oct.

1229 1160 1300 1220 Die
1329 1161 1490 1221 deutschen
1524 1160 1584 1220 und
1618 1160 1846 1220 französischen
1880 1157 2085 1217 reformirten
2124 1154 2196 1214 Ge¬

1184 1210 1329 1270 meinden
1365 1208 1460 1268 dieser
1486 1207 1611 1267 Stadt,
1637 1207 1738 1267 haben
1768 1207 1889 1267 endlich
1920 1204 1959 1264 ein
1995 1201 2121 1261 Decret
2147 1198 2191 1258 er¬

1173 1259 1288 1319 langt,
1317 1258 1408 1318 durch
1442 1253 1576 1313 welches
1611 1252 1697 1312 einer
1726 1252 1812 1312 jeden
1851 1252 2005 1312 derselben
2044 1249 2187 1309 erlaubet

1177 1303 1279 1363 wird,
1302 1303 1372 1363 eine
1394 1300 1508 1360 Kirche
1541 1300 1573 1360 zu
1607 1300 1693 1360 ihrem
1743 1300 1976 1360 Gottesdienst
1998 1297 2177 1357 ausserhalb

1183 1351 1235 1411 den
1269 1350 1519 1410 Stadtmauren
1554 1348 1582 1408 zu
1621 1348 1746 1408 bauen.

1419 1396 1632 1456 Madrid,
1654 1398 1706 1458 den
1744 1399 1808 1459 21.
1835 1394 1946 1454 Sept.

1224 1441 1301 1501 Sr.
1331 1446 1432 1506 Maj.
1457 1446 1510 1506 der
1541 1446 1653 1506 König
1684 1446 1779 1506 haben
1815 1443 1868 1503 dem
1917 1443 2005 1503 Hrn.
2030 1440 2184 1500 Eudaldo

1181 1491 1376 1551 Paradell,
1419 1494 1514 1554 unter
1546 1492 1646 1552 dessen
1684 1492 1858 1552 Direction
1895 1490 1937 1550 sie
1970 1491 2085 1551 allhier
2118 1491 2180 1551 eine

1180 1542 1466 1602 Schriftgießerey
1494 1542 1618 1602 anlegen
1646 1542 1759 1602 laßen,
1776 1542 1840 1602 eine
1857 1539 2014 1599 jährliche
2037 1539 2177 1599 Pension

1176 1590 1232 1650 von
1274 1590 1336 1650 100
1373 1590 1518 1650 Pistolen
1554 1590 1642 1650 nebst
1673 1590 1891 1650 verschiednen
1928 1587 2176 1647 Prårogativen

1177 1638 1370 1698 verliehen,
1392 1637 1543 1697 wogegen
1571 1640 1705 1700 derselbe
1727 1640 1797 1700 auch
1824 1639 1927 1699 junge
1949 1634 2040 1694 Leute
2073 1636 2099 1696 in
2133 1637 2186 1697 ge¬

1176 1691 1300 1751 dachter
1329 1691 1556 1751 Wissenschaft
1585 1691 1613 1751 zu
1648 1690 1858 1750 unterrichten
1904 1690 1954 1750 sich
1983 1686 2182 1746 verbindlich

1168 1745 1332 1805 gemacht.
1383 1745 1570 1805 Gedachter
1599 1745 1685 1805 Herr
1714 1745 1901 1805 Paradell,
1930 1742 1986 1802 der
2015 1739 2179 1799 eigentlich

1180 1798 1224 1858 ein
1258 1798 1418 1858 Schmidt
1441 1799 1496 1859 und
1525 1797 1829 1857 Harnischmacher,
1846 1796 1907 1856 und
1936 1793 1990 1853 von
2024 1793 2190 1853 Barcello¬

1177 1840 1217 1900 na
1240 1839 1385 1899 gebürtig
1408 1840 1471 1900 ist,
1494 1842 1576 1902 wird
1603 1840 1671 1900 hier
1695 1840 1912 1900 gegenwärtig
1944 1840 2007 1900 mit
2031 1839 2057 1899 so
2090 1839 2184 1899 vielet

1174 1882 1319 1942 Achtung
1345 1882 1547 1942 angesehen,
1578 1883 1627 1943 daß
1658 1885 1724 1945 man
1755 1883 1804 1943 ihn
1845 1882 1905 1942 mit
1931 1883 1987 1943 dem
2033 1885 2188 1945 berühm¬

131 1945 291 2005 gemacht.
321 1939 360 1999 um
396 1939 424 1999 zu
453 1936 569 1996 sehen,
592 1933 626 1993 ob
656 1930 724 1990 auch
754 1930 799 1990 die
824 1930 921 1990 Milch
950 1930 1001 1990 des
1025 1928 1140 1988 Horn=
1176 1927 1221 1987 ten
1251 1930 1394 1990 Laurenz
1418 1930 1527 1990 Köster
1551 1930 1608 1990 von
1637 1930 1758 1990 Harlem
1799 1930 2006 1990 vergleichet,
2024 1930 2081 1990 wie
2105 1933 2173 1993 denn

1174 1978 1243 2038 auch
1279 1977 1329 2037 die
1359 1978 1474 2038 bereits
1505 1978 1565 2038 von
1601 1980 1655 2040 ihm
1707 1978 1892 2038 verfertigte
1923 1978 2088 2038 Stempel
2114 1981 2178 2041 und

1175 2028 1342 2088 Matricen
1370 2026 1396 2086 so
1419 2027 1499 2087 schön
1533 2027 1618 2087 sind,
1646 2028 1695 2088 als
1717 2028 1754 2088 sie
1776 2027 1944 2087 auswärts
1972 2027 2085 2087 immer
2113 2029 2177 2089 seyn

1170 2079 1313 2139 können.
1336 2079 1446 2139 Durch
1475 2077 1668 2137 Errichtung
1696 2079 1746 2139 der
1768 2079 1906 2139 besagten
1940 2079 2166 2139 Schriftgieße

1170 2131 1220 2191 rey
1255 2130 1333 2190 wird
1362 2130 1514 2190 Spanien
1549 2130 1672 2190 künftig
1708 2128 1735 2188 im
1775 2130 1910 2190 Stande
1939 2130 2035 2190 seyn,
2064 2129 2114 2189 der
2143 2130 2170 2190 in

1177 2181 1314 2241 fremden
1339 2181 1459 2241 Landen
1489 2181 1651 2241 gegoßnen
1682 2181 1850 2241 Schriften
1881 2181 2012 2241 gänzlich
2049 2181 2078 2241 zu
2115 2181 2169 2241 ent

1167 2229 1310 2289 behren.

1381 2279 1643 2339 Neapolis,
1672 2282 1728 2342 den
1764 2284 1828 2344 25.
1857 2281 1970 2341 Sept.

1213 2327 1303 2387 Nach
1334 2325 1383 2385 der
1408 2331 1577 2391 jährlichen
1615 2333 1846 2393 Gewohnheit
1871 2333 2035 2393 ereignete
2060 2330 2114 2390 sich
2145 2329 2175 2389 in

1164 2378 1214 2438 der
1237 2378 1370 2438 hiesigen
1398 2381 1688 2441 Kathedralkirche
1706 2384 1739 2444 am
1778 2384 1901 2444 letztern
1930 2379 2091 2439 Mitwoch
2119 2380 2174 2440 das

120 2443 227 2503 Heere
250 2438 380 2498 Staare
403 2432 476 2492 über
499 2428 549 2488 die
573 2429 685 2489 Stadt
703 2432 805 2492 Löbau
834 2435 895 2495 und
918 2432 1053 2492 anderer
1071 2428 1132 2488 Or=
1167 2427 1319 2487 Wunder
1348 2424 1404 2484 von
1444 2428 1494 2488 der
1518 2435 1778 2495 Zerschmelzung
1818 2431 1868 2491 des
1897 2429 1998 2489 Bluts
2033 2426 2089 2486 vom
2129 2428 2179 2488 H.

1177 2475 1391 2535 Januarius,
1425 2478 1580 2538 worüber
1608 2482 1663 2542 das
1685 2482 1773 2542 Volk
1801 2479 1868 2539 sehr
1896 2476 2056 2536 zufrieden
2095 2476 2177 2536 war.

1163 2578 1216 2638 der
1243 2575 1470 2635 angefangen.

1408 2632 1638 2692 Lissabon,
1660 2629 1714 2689 den
1750 2626 1813 2686 20.
1841 2623 1952 2683 Sept.

1221 2670 1416 2730 Vorgestern
1454 2679 1543 2739 hatte
1569 2678 1618 2738 der
1644 2673 1738 2733 Graf
1764 2673 1820 2733 von
1865 2674 1965 2734 Lippe
1991 2676 2079 2736 seine
2111 2673 2180 2733 Ab¬

1175 2723 1435 2783 schiedsaudienz
1453 2728 1503 2788 bey
1532 2727 1638 2787 unserm
1673 2724 1893 2784 Monarchen.
1944 2724 2040 2784 Kurz
2057 2724 2175 2784 darauf

1167 2774 1289 2834 machte
1329 2774 1372 2834 ein
1412 2780 1556 2840 Königl.
1585 2772 1823 2832 Kammerherr
1853 2772 1902 2832 ihm
1952 2772 2002 2832 die
2025 2772 2186 2832 Aufwar¬

1162 2825 1259 2885 tung,
1281 2823 1341 2883 und
1380 2829 1581 2889 überreichte
1614 2823 1662 2883 ihm
1713 2821 1739 2881 im
1789 2823 1919 2883 Namen
1963 2822 2018 2882 des
2046 2823 2175 2883 Königs

1167 2876 1313 2936 desselben
1346 2879 1422 2939 reich
1449 2882 1512 2942 mit
1545 2873 1737 2933 Brillanten
1776 2873 1916 2933 besetztes
1942 2871 2115 2931 Portrait,
2135 2870 2179 2930 ei¬

2103 2924 2172 2984 nen
