2479 3508
194 318 394 378 mogitischen
419 315 518 375 König
549 303 797 363 Wissewold
827 305 885 365 mit
904 303 974 363 drey
998 303 1204 363 Schlössern.

198 369 283 429 Man
315 366 431 426 streitet
456 360 517 420 ab,
543 357 597 417 daß
623 354 819 414 Liefland
856 355 899 415 ein
936 354 1194 414 Reichslehn

197 419 355 479 gewesen,
380 413 411 473 es
437 410 518 470 habe
538 407 752 467 unmittelbar
778 404 865 464 unter
898 407 948 467 dem
993 407 1131 467 Pabst
1157 407 1213 467 ge¬

455 565 633 625 Gotha,
661 569 714 629 den
753 569 812 629 16.
839 570 936 630 Nov.

242 617 288 677 Es
314 613 397 673 wird
418 614 443 674 in
480 616 620 676 Briefen
646 616 702 676 von
740 617 837 677 Wien
869 621 1045 681 gemeldet,
1072 619 1128 679 daß
1155 618 1206 678 der

195 670 318 730 dortige
349 665 421 725 Hof
443 664 494 724 das
525 667 959 727 Notisicationsschreiben,
985 670 1118 730 welches
1150 667 1201 727 der

195 717 272 777 neue
298 716 401 776 König
433 715 484 775 von
521 713 624 773 Polen
655 716 759 776 wegen
790 718 841 778 der
868 719 924 779 auf
945 721 997 781 ihn
1029 721 1199 781 gefallenen

188 766 311 826 Wahl,
337 765 507 825 demselben
544 765 631 825 durch
658 766 760 826 seinen
792 769 926 829 Bruder
952 769 1003 829 den
1040 769 1194 829 General

196 817 319 877 major,
342 812 471 872 Grafen
494 813 753 873 Poniatowski,
770 816 981 876 einhändigen
1008 819 1100 879 lassen
1128 819 1208 879 wol-

191 866 262 926 len,
279 864 361 924 nicht
384 861 616 921 angenommen
650 864 749 924 habe,
760 865 837 925 weil
854 868 948 928 Ihro
976 867 1130 927 Kayserl.
1142 867 1208 927 Kö¬

193 918 281 978 nigl.
298 913 391 973 Maj.
403 912 458 972 erst
480 912 541 972 mit
553 913 602 973 dem
636 914 723 974 Hofe
741 915 762 975 zu
790 915 967 975 Versailles
984 918 1199 978 Rücksprache

196 966 223 1026 zu
257 964 356 1024 halten
384 963 572 1023 gedächten.
645 963 722 1023 Der
750 966 938 1026 Spanische
967 966 1205 1026 Ambassadeur

195 1016 272 1076 hat,
294 1013 355 1073 wie
378 1013 460 1073 diese
478 1013 593 1073 Briefe
622 1015 838 1075 hinzusetzen,
855 1016 1021 1076 gedachtem
1066 1018 1193 1078 Grafen

193 1067 226 1127 es
248 1066 492 1126 abgeschlagen,
520 1066 564 1126 ein
598 1066 764 1126 ähnliches
798 1067 980 1127 Schreiben
1025 1069 1058 1129 an
1097 1070 1196 1130 seinen

190 1121 262 1181 Hof
287 1119 316 1179 zu
347 1116 539 1176 befördern.

455 1175 639 1235 Altona,
662 1169 715 1229 den
754 1169 819 1229 16.
846 1175 944 1235 Nov.

245 1221 316 1281 Von
350 1222 400 1282 dem
450 1221 600 1281 berufnen
634 1219 871 1279 Tridentischen
917 1222 933 1282 5
967 1222 1055 1282 Ellen
1095 1225 1193 1285 hohen

188 1269 373 1329 Bernhard
403 1267 508 1327 Gilli,
529 1267 659 1327 welcher
685 1267 734 1327 den
765 1267 855 1327 28ten
885 1270 965 1330 Oct.
981 1270 1025 1330 die
1051 1272 1136 1332 Ehre
1152 1269 1201 1329 ge¬

188 1320 272 1380 habt
294 1317 346 1377 hat
368 1317 437 1377 Sr.
454 1315 713 1375 itztregierenden
745 1318 887 1378 Königl.
915 1319 1015 1379 Maj.
1042 1318 1094 1378 von
1127 1317 1206 1377 Po¬

187 1370 229 1430 len
263 1366 459 1426 vorgestellet
479 1363 507 1423 zu
541 1365 684 1425 werden,
705 1366 819 1426 meldet
838 1366 905 1426 man
929 1366 996 1426 noch
1021 1366 1078 1426 von
1107 1366 1207 1426 War¬

191 1419 296 1479 schau,
323 1416 375 1476 daß
407 1413 433 1473 er
466 1413 534 1473 eine
561 1413 682 1473 gleiche
709 1413 799 1473 Ehre
826 1415 941 1475 vorher
974 1413 1026 1473 bey
1069 1414 1110 1474 12
1148 1414 1200 1474 ge¬

188 1467 320 1527 krönten
357 1463 526 1523 Häuptern
563 1464 684 1524 gehabt
712 1464 817 1524 habe,
854 1464 985 1524 nemlich
1018 1464 1070 1524 bey
1102 1464 1191 1524 Ihro

189 1518 299 1578 Röm.
317 1512 460 1572 Kaiserl.
494 1512 693 1572 Majestäten
727 1512 787 1572 und
821 1512 876 1572 dem
921 1512 1031 1572 Röm.
1054 1512 1198 1572 Könige,

192 1569 247 1629 bey
277 1566 333 1626 den
369 1563 515 1623 Königen
546 1563 601 1623 von
638 1563 865 1623 Sardinien,
901 1563 1194 1623 Großbritannien

192 1618 255 1678 und
282 1615 483 1675 Portugall;
510 1612 562 1672 bey
595 1612 642 1672 dem
685 1613 822 1673 hochsel.
849 1613 981 1673 Könige
1008 1610 1192 1670 Ferdinand

192 1670 244 1730 dem
287 1667 413 1727 sechsten
451 1666 508 1726 von
536 1664 725 1724 Spanien;
763 1663 815 1723 bey
842 1663 910 1723 Sr.
926 1661 1184 1721 itztregierenden

189 1721 367 1781 katolischen
401 1719 498 1779 Maj.
526 1715 552 1775 so
574 1717 634 1777 wie
656 1718 726 1778 auch
754 1717 813 1777 von
841 1718 895 1778 dem
928 1715 1091 1775 Infanten
1113 1714 1188 1774 Don

189 1775 354 1835 Philipp,
377 1771 521 1831 Herzoge
550 1769 604 1829 von
633 1769 792 1829 Parma;
821 1769 876 1829 den
904 1771 976 1831 6ten
999 1769 1097 1829 Febr.
1131 1768 1203 1828 die¬

193 1823 236 1883 ses
260 1818 389 1878 Jahres
418 1816 470 1876 bey
500 1817 552 1877 dem
601 1816 725 1876 Pabste
750 1817 898 1877 Clemens
932 1817 984 1877 dem
1033 1817 1205 1877 dreyzehn¬

186 1866 260 1926 ten,
284 1864 334 1924 den
363 1858 455 1918 15ten
484 1858 572 1918 May
605 1855 656 1915 bey
684 1855 735 1915 dem
778 1855 903 1915 Könige
931 1855 982 1915 der
997 1855 1112 1915 beyden
1136 1855 1201 1915 Si=

188 1912 301 1972 cilien,
327 1907 353 1967 so
385 1906 446 1966 wie
467 1905 519 1965 den
545 1903 638 1963 11ten
669 1900 767 1960 April
788 1900 839 1960 bey
877 1900 928 1960 dem
975 1900 1186 1960 Churfürsten

190 1965 247 2025 von
277 1959 445 2019 Sachsen,
469 1954 660 2014 desgleichen
702 1950 736 2010 am
783 1948 893 2008 22sten
928 1949 1079 2009 desselben
1120 1948 1200 2008 Mo=

187 2016 263 2076 nats
296 2007 349 2067 bey
383 2005 437 2065 dem
481 2002 698 2062 Churfursten
731 1999 790 2059 von
824 1999 1003 2059 Bayern,
1047 1998 1106 2058 und
1139 1996 1192 2056 den

190 2063 296 2123 22sten
326 2055 438 2115 Junii
457 2052 509 2112 bey
540 2051 610 2111 Sr.
635 2049 776 2109 Königl.
801 2049 901 2109 Maj.
926 2049 984 2109 von
1020 2049 1197 2109 Preußen.

195 2111 257 2171 Bis
280 2109 330 2169 itzo
360 2106 416 2166 hat
434 2103 530 2163 dieser
560 2100 655 2160 Riese
673 2100 781 2160 keinen
810 2097 980 2157 Menschen
1021 2100 1202 2160 gefunden,

196 2162 243 2222 der
268 2157 321 2217 ihm
358 2154 418 2214 mit
436 2154 490 2214 dem
528 2151 635 2211 Kopfe
666 2151 701 2211 an
738 2151 786 2211 die
811 2152 991 2212 Schultern
1022 2151 1112 2211 hätte
1136 2148 1202 2208 rei¬

186 2215 258 2275 chen
290 2205 435 2265 können.

389 2249 709 2309 Copenhagen,
740 2246 794 2306 den
825 2250 867 2310 9.
892 2250 994 2310 Nov.

247 2308 376 2368 Jüngst
395 2297 610 2357 abgewichnen
642 2297 802 2357 Sonntag
834 2300 919 2360 ward
945 2300 969 2360 in
994 2297 1036 2357 der
1055 2297 1203 2357 Schloß=

195 2363 292 2423 kirche
317 2358 347 2418 zu
379 2349 654 2409 Friedensburg,
685 2345 734 2405 die
765 2348 881 2408 heilige
913 2349 1194 2409 Confirmations¬

195 2409 360 2469 handlung
386 2403 446 2463 mit
472 2399 520 2459 der
545 2395 723 2455 Prinzeßin
761 2399 871 2459 Louise
896 2399 1043 2459 Königl.
1062 2396 1190 2456 Hoheit

185 2457 367 2517 vollzogen.
400 2449 469 2509 Se.
482 2445 582 2505 Maj.
597 2443 640 2503 der
660 2443 785 2503 König,
805 2451 893 2511 Ihro
919 2446 1114 2506 Majestäten
1140 2443 1190 2503 die

193 2503 403 2563 Königinnen
437 2498 492 2558 und
520 2494 608 2554 Ihro
631 2494 792 2554 Hoheiten
825 2496 869 2556 die
892 2495 1024 2555 übrigen
1052 2494 1196 2554 Königl.

195 2552 460 2612 Prinzeßinnen,
489 2541 672 2601 imgleichen
717 2545 799 2605 viele
822 2546 994 2606 Cavaliers
1028 2545 1083 2605 und
1117 2541 1194 2601 Da¬

189 2603 284 2663 men,
315 2599 363 2659 die
394 2594 598 2654 vornehmste
630 2590 743 2650 hiesige
769 2596 925 2656 geistliche
944 2593 1100 2653 Bischöfe
1125 2590 1184 2650 und

194 2649 400 2709 Professores
422 2643 628 2703 Theologiae
650 2639 704 2699 von
737 2643 785 2703 der
813 2643 1030 2703 Universität,
1052 2642 1181 2702 welchen

190 2703 259 2763 man
288 2697 403 2757 solches
427 2691 601 2751 angesaget
624 2688 722 2748 hatte,
752 2694 855 2754 waren
886 2694 977 2754 dabey
1007 2691 1191 2751 gegenwär¬

189 2756 256 2816 tig.
305 2749 354 2809 Um
397 2744 409 2804 3
434 2742 501 2802 Uhr
527 2736 759 2796 Nachmittags
785 2743 950 2803 verfügten
988 2742 1030 2802 sich
1068 2740 1190 2800 sowohl

185 2807 238 2867 die
263 2799 339 2859 hohe
364 2790 619 2850 Confirmandin
644 2787 690 2847 als
727 2787 774 2847 die
798 2791 935 2851 Königl.
959 2792 1178 2852 Herrschaften

189 2855 323 2915 zugleich
348 2846 409 2906 mit
428 2843 477 2903 den
508 2839 606 2899 hohen
632 2841 846 2901 obbemeldten
884 2844 982 2904 hohen
1019 2841 1191 2901 Standes=

190 2906 339 2966 personen
366 2899 437 2959 nach
464 2896 515 2956 der
536 2893 666 2953 Kirche.
712 2894 810 2954 Jhro
836 2895 980 2955 Königl.
1000 2896 1124 2956 Hoheit
1144 2892 1189 2952 die

1244 304 1397 364 standen,
1428 303 1588 363 wiewohl
1614 309 1785 369 Dogiel
1817 312 1902 372 nicht
1921 312 2001 372 allen
2039 317 2254 377 Zusammen¬

1247 354 1323 414 hang
1352 354 1412 414 mit
1435 354 1484 414 dem
1523 354 1572 414 H.
1595 357 1699 417 Röm.
1716 358 1832 418 Reiche
1855 360 2003 420 läugnet.

1433 404 1525 464 (Die
1551 404 1755 464 Fortsetzung
1786 409 1873 469 folgt
1904 410 2065 470 künftig.)

1236 569 1414 629 Prinzeßin
1447 569 1549 629 waren
1582 571 1635 631 von
1669 569 1739 629 dero
1761 572 1993 632 Hofmeisterin
2020 572 2149 632 Moltke
2172 573 2231 633 und

1239 619 1285 679 dem
1327 619 1477 679 Fräulein
1508 618 1565 678 von
1591 619 1762 679 Ahlefeldt
1783 619 1808 679 so
1835 619 1892 679 wie
1918 619 1969 679 von
2001 619 2073 679 dero
2100 622 2254 682 Hofmei¬

1237 670 1291 730 ster
1311 670 1360 730 dem
1405 670 1661 730 Kammerherrn
1691 667 1744 727 von
1775 669 1892 729 Gabel
1913 669 1971 729 und
1991 669 2040 729 dem
2075 670 2247 730 Kammer¬

1245 719 1350 779 junker
1372 718 1430 778 von
1457 717 1595 777 Eyben,
1617 718 1785 778 begleitet,
1807 718 1870 778 und
1897 717 1998 777 setzten
2036 716 2083 776 sich
2110 721 2168 781 auf
2190 718 2242 778 den

1247 769 1294 829 für
1321 766 1573 826 Höchstdieselbe
1595 767 1790 827 bestimmten
1827 765 1958 825 Stuhl.
2007 766 2148 826 Darauf
2165 766 2249 826 wur¬

1239 816 1275 876 de
1297 816 1365 876 nach
1397 816 1471 876 dero
1503 816 1730 876 Verordnung
1763 817 1825 877 und
1858 815 1984 875 Befehl
2011 813 2064 873 der
2096 816 2249 876 Gesang,

1240 867 1324 927 Eins
1353 865 1392 925 ist
1415 865 1505 925 noth,
1534 867 1578 927 ach
1607 867 1708 927 HErr
1732 867 1799 927 dies
1822 866 1889 926 eine
1913 864 1957 924 rc.
1975 864 2155 924 gesungen.
2178 866 2240 926 Als

1237 915 1372 975 derselbe
1400 916 1622 976 ausgesungen
1656 917 1753 977 war,
1797 915 1954 975 geruhete
1987 912 2241 972 höchstgedachte

1241 966 1491 1026 Confirmandin
1516 966 1570 1026 vor
1595 966 1644 1026 den
1674 966 1767 1026 Altar
1792 969 1821 1029 zu
1851 965 1969 1025 treten,
1994 963 2037 1023 wo
2062 963 2121 1023 auf
2141 963 2224 1023 einem

1243 1015 1373 1075 Teppich
1407 1017 1449 1077 ein
1488 1016 1667 1076 Lehnstuhl
1695 1019 1809 1079 stand,
1842 1016 1901 1076 und
1940 1013 1994 1073 der
2021 1013 2244 1073 Hofprediger

1239 1067 1307 1127 eine
1329 1067 1419 1127 Rede
1440 1070 1519 1130 über
1541 1070 1588 1130 den
1631 1069 1721 1129 11ten
1759 1067 1848 1127 Vers
1881 1064 1927 1124 des
1960 1061 2065 1121 8osten
2103 1063 2235 1123 Psalms

1235 1118 1345 1178 hielte.
1396 1121 1545 1181 Hierauf
1568 1118 1706 1178 erfolgte
1723 1121 1778 1181 das
1807 1118 1945 1178 Examen
1990 1115 2051 1175 und
2085 1115 2134 1175 die
2162 1111 2239 1171 Ein¬

1238 1169 1399 1229 segnung.

1494 1213 1695 1273 Geneve,
1723 1213 1771 1273 den
1810 1213 1847 1273 2.
1875 1213 1972 1273 Nov.

1286 1261 1360 1321 Der
1382 1262 1466 1322 Rath
1499 1261 1588 1321 dieser
1616 1261 1742 1321 Stadt,
1764 1258 1897 1318 welcher
1918 1260 1965 1320 sich
1998 1257 2072 1317 stets
2104 1255 2247 1315 sorgfäl¬

1237 1312 1277 1372 tig
1304 1311 1473 1371 angelegen
1500 1308 1587 1368 läßt,
1613 1309 1659 1369 die
1685 1309 1798 1369 Sitten
1830 1308 1886 1368 und
1912 1306 2066 1366 Religion
2093 1303 2118 1363 in
2144 1303 2231 1363 ihrer

1237 1357 1427 1417 Reinigkeit
1444 1360 1471 1420 zu
1504 1360 1667 1420 erhalten,
1695 1357 1749 1417 hat
1771 1357 1815 1417 ein
1842 1354 1907 1414 sehr
1929 1356 2114 1416 schädliches
2142 1351 2239 1411 Werk

1234 1404 1326 1464 unter
1352 1407 1403 1467 dem
1445 1407 1563 1467 Titel:
1584 1407 1800 1467 Dictionaire
1831 1404 2114 1464 Philosophique,
2140 1404 2227 1464 durch

1234 1455 1288 1515 den
1324 1457 1571 1517 Scharfrichter
1602 1456 1758 1516 öffentlich
1794 1455 1950 1515 zerreißen
1991 1452 2050 1512 und
2087 1452 2242 1512 verbren¬

1229 1503 1289 1563 nen
1325 1506 1440 1566 lassen.
1492 1506 1582 1566 Dies
1618 1503 1718 1563 Werk
1744 1506 1860 1566 scheint
1886 1500 1946 1560 mit
1977 1503 2062 1563 einem
2108 1503 2229 1563 andern

1234 1553 1353 1613 kleinen
1397 1554 1569 1614 Werkchen
1624 1556 1688 1616 kein
1738 1554 1834 1614 besser
1873 1551 2045 1611 Schicksal
2095 1551 2126 1611 zu
2181 1552 2240 1612 ha¬

1229 1605 1308 1665 ben.
1356 1604 1403 1664 Es
1430 1605 1525 1665 führt
1546 1605 1593 1665 den
1620 1605 1736 1665 Titel:
1769 1602 1996 1662 Catechismus
2033 1601 2117 1661 eines
2139 1602 2239 1662 ehrli¬

1230 1655 1295 1715 chen
1329 1655 1499 1715 Mannes,
1522 1657 1598 1717 oder
1621 1655 1787 1715 Gespräch
1821 1652 1963 1712 zwischen
2003 1652 2090 1712 einem
2140 1652 2239 1712 ehrli¬

1230 1704 1295 1764 chen
1326 1708 1437 1768 Mann
1473 1706 1533 1766 und
1574 1707 1659 1767 einem
1711 1708 1867 1768 Caloyer,
1909 1703 1969 1763 und
2000 1703 2151 1763 verdient
2177 1701 2232 1761 von

1237 1760 1334 1820 allen,
1362 1763 1454 1823 denen
1493 1760 1541 1820 die
1568 1763 1720 1823 Religion
1764 1760 1823 1820 und
1857 1757 1992 1817 Tugend
2025 1757 2063 1817 am
2112 1756 2230 1816 Herzen

1238 1812 1331 1872 liegt,
1354 1811 1564 1871 verabscheut
1582 1814 1609 1874 zu
1637 1814 1781 1874 werden.
1859 1811 1947 1871 Man
1976 1808 2142 1868 versichert
2159 1808 2242 1868 hier,

1231 1852 1286 1912 daß
1317 1852 1364 1912 die
1385 1852 1592 1912 Einwohner
1622 1852 1677 1912 von
1716 1855 1840 1915 Corsica
1871 1852 1922 1912 sich
1957 1852 1995 1912 an
2030 1853 2085 1913 den
2125 1854 2231 1914 Herrn

1233 1895 1371 1955 Johann
1406 1896 1511 1956 Jacob
1535 1897 1698 1957 Rousseau
1722 1897 1890 1957 gewandt,
1925 1897 1986 1957 und
2016 1897 2068 1957 ihn
2107 1899 2231 1959 gebeten

1229 1942 1357 2002 haben,
1373 1942 1466 2002 ihnen
1492 1942 1533 2002 ein
1565 1943 1750 2003 Gesetzbuch
1782 1945 1807 2005 zu
1838 1945 2055 2005 verfertigen.
2102 1942 2153 2002 Er
2179 1945 2236 2005 hat

1237 1991 1464 2051 geantwortet,
1486 1992 1537 2052 daß
1569 1993 1666 2053 dieses
1693 1993 1776 2053 seine
1797 1996 1916 2056 Kräfte
1937 1994 2133 2054 überstiege,
2160 1996 2232 2056 aber

1233 2042 1318 2102 nicht
1340 2041 1435 2101 seinen
1468 2040 1553 2100 guten
1585 2043 1723 2103 Willen.

1434 2091 1712 2151 Neu=York,
1741 2091 1797 2151 den
1832 2091 1894 2151 15.
1923 2091 2036 2151 Sept.

1276 2136 1350 2196 Die
1371 2139 1594 2199 Schaluppe,
1621 2142 1668 2202 der
1695 2142 1849 2202 General
1871 2139 1982 2199 Wolfe
2004 2139 2168 2199 genannt,
2195 2141 2231 2201 ist

1228 2192 1344 2252 allhier
1366 2190 1482 2250 neulich
1509 2190 1567 2250 aus
1594 2191 1641 2251 der
1663 2193 1805 2253 Havana
1832 2193 2022 2253 angelangt.
2081 2190 2155 2250 Sie
2176 2192 2234 2252 hat

1229 2240 1276 2300 die
1303 2237 1483 2297 Nachricht
1505 2240 1744 2300 mitgebracht,
1776 2242 1829 2302 daß
1866 2243 1914 2303 die
1947 2242 2079 2302 Mauer
2106 2240 2142 2300 an
2175 2239 2227 2299 der

1232 2290 1396 2350 Landseite
1417 2288 1464 2348 der
1492 2291 1628 2351 dortigen
1661 2291 1792 2351 Stadt,
1819 2292 1909 2352 nebst
1931 2294 1940 2354 7
1968 2294 2025 2354 mit
2047 2291 2083 2351 40
2110 2291 2237 2351 messin=

1229 2340 1323 2400 genen
1355 2339 1577 2399 36pfündigen
1615 2345 1773 2405 Kanonen
1811 2345 2006 2405 bepflanzten
2038 2343 2133 2403 neuen
2165 2338 2238 2398 Ba=

1234 2390 1350 2450 stionen
1382 2390 1498 2450 bereits
1520 2393 1551 2453 zu
1578 2396 1715 2456 Stande
1742 2396 1889 2456 gebracht
1905 2393 1974 2453 sey;
2006 2393 2063 2453 und
2096 2391 2148 2451 auf
2170 2389 2222 2449 den

1234 2438 1302 2498 Fall
1324 2440 1408 2500 eines
1435 2440 1621 2500 feindlichen
1653 2443 1839 2503 Versuchs,
1860 2441 1993 2501 welcher
2015 2440 2072 2500 auf
2089 2438 2136 2498 die
2158 2440 2237 2500 Lan¬

1231 2488 1311 2548 dung
1341 2488 1375 2548 an
1404 2488 1450 2548 der
1474 2491 1612 2551 östlichen
1636 2494 1734 2554 Seite
1758 2493 1907 2553 gerichtet
1925 2490 1989 2550 seyn
2019 2488 2122 2548 könte,
2151 2488 2226 2548 habe

1230 2539 1297 2599 man
1332 2539 1405 2599 alles
1434 2542 1580 2602 Erdreich
1609 2544 1665 2604 von
1700 2544 1755 2604 dem
1801 2542 1880 2602 Fluß
1909 2539 2078 2599 Montaos
2101 2536 2135 2596 an
2169 2537 2225 2597 bis

1229 2587 1298 2647 nach
1326 2587 1374 2647 der
1401 2590 1530 2650 Stadt,
1553 2593 1682 2653 welches
1720 2590 1801 2650 einen
1839 2590 1952 2650 Strich
1985 2587 2039 2647 von
2077 2587 2109 2647 30
2142 2588 2233 2648 Mei=

1224 2638 1268 2698 len
1303 2638 1490 2698 ausmacht,
1514 2645 1633 2705 neulich
1662 2641 1758 2701 genau
1787 2638 1986 2698 untersucht,
2021 2637 2129 2697 wobey
2158 2639 2225 2699 man

1228 2685 1299 2745 auch
1326 2688 1521 2748 verschiedne
1547 2694 1634 2754 tiefen
1671 2688 1799 2748 Graben
1836 2688 1979 2748 gemacht
2001 2688 2057 2748 und
2083 2688 2149 2748 noch
2176 2690 2232 2750 an¬

1231 2736 1296 2796 dere
1321 2739 1514 2799 Anstalten,
1545 2742 1580 2802 um
1617 2741 1670 2801 den
1701 2739 1810 2799 Anzug
1846 2739 1936 2799 eines
1967 2739 2105 2799 Feindes
2136 2742 2232 2802 abzu¬

1232 2787 1411 2847 schneiden,
1434 2793 1641 2853 vorgekehret
1660 2787 1757 2847 habe.

1401 2841 1760 2901 Pensylvanien,
1786 2838 1840 2898 den
1879 2838 1940 2898 29.
1965 2838 2058 2898 Aug.

1276 2886 1321 2946 Am
1367 2891 1468 2951 20sten
1497 2892 1626 2952 vorigen
1655 2885 1801 2945 Monats
1824 2890 1880 2950 hat
1904 2891 1971 2951 man
2000 2888 2027 2948 zu
2056 2888 2231 2948 Philadel=

2147 2939 2221 2999 phia
