<?xml version="1.0" encoding="UTF-8" standalone="yes"?>
<PcGts xmlns="http://schema.primaresearch.org/PAGE/gts/pagecontent/2013-07-15" xmlns:xsi="http://www.w3.org/2001/XMLSchema-instance" xsi:schemaLocation="http://schema.primaresearch.org/PAGE/gts/pagecontent/2013-07-15 http://schema.primaresearch.org/PAGE/gts/pagecontent/2013-07-15/pagecontent.xsd">
    <Metadata>
        <Creator>prov=READ-COOP:name=PyLaia@TranskribusPlatform:version=2.12.1:model_id=39995:lm=none:date=10_04_2024_22:29</Creator>
        <Created>2024-04-11T00:18:56.616+02:00</Created>
        <LastChange>2024-04-10T22:29:21.379Z</LastChange>
        <TranskribusMetadata docId="1932858" pageId="68148927" pageNr="4" tsid="157912888" status="IN_PROGRESS" userId="222699" imgUrl="https://files.transkribus.eu/Get?id=SPXMOYUMUSJIJWPLVVBTWCNC&amp;fileType=view" xmlUrl="https://files.transkribus.eu/Get?id=IUJZXEMWLMTKBMTBUMICGUVT" imageId="54423775"/>
    </Metadata>
    <Page imageFilename="68148927.jpg" imageWidth="2479" imageHeight="3508">
        <ReadingOrder>
            <OrderedGroup id="ro_1712788161380" caption="Regions reading order">
                <RegionRefIndexed index="0" regionRef="r_10"/>
                <RegionRefIndexed index="1" regionRef="r_22"/>
                <RegionRefIndexed index="2" regionRef="r_46"/>
                <RegionRefIndexed index="3" regionRef="r_58"/>
                <RegionRefIndexed index="4" regionRef="r_59"/>
            </OrderedGroup>
        </ReadingOrder>
        <Relations/>
        <TextRegion id="r_10" custom="readingOrder {index:0;}">
            <Coords points="192,296 1270,299 1258,3000 192,3000"/>
            <TextLine id="r_10_tl_1" custom="readingOrder {index:0;}">
                <Coords points="213,354 1139,367 1248,360 1247,306 906,276 276,312 211,277"/>
                <Baseline points="220,340 265,343 310,346 355,343 400,346 444,343 489,343 534,343 579,343 623,346 668,346 713,346 758,343 803,346 847,346 892,346 937,343 982,346 1027,343 1071,346 1116,346 1161,343 1206,346 1250,346 1253,343"/>
                <Word id="r_10_tl_1_w1" custom="readingOrder {index:0;}">
                    <Coords points="212,303 212,363 345,363 345,303"/>
                    <TextEquiv>
                        <Unicode>bracht,</Unicode>
                    </TextEquiv>
                </Word>
                <Word id="r_10_tl_1_w2" custom="readingOrder {index:1;}">
                    <Coords points="381,305 381,365 439,365 439,305"/>
                    <TextEquiv>
                        <Unicode>das</Unicode>
                    </TextEquiv>
                </Word>
                <Word id="r_10_tl_1_w3" custom="readingOrder {index:2;}">
                    <Coords points="469,303 469,363 602,363 602,303"/>
                    <TextEquiv>
                        <Unicode>Verbot</Unicode>
                    </TextEquiv>
                </Word>
                <Word id="r_10_tl_1_w4" custom="readingOrder {index:3;}">
                    <Coords points="632,306 632,366 661,366 661,306"/>
                    <TextEquiv>
                        <Unicode>zu</Unicode>
                    </TextEquiv>
                </Word>
                <Word id="r_10_tl_1_w5" custom="readingOrder {index:4;}">
                    <Coords points="696,306 696,366 923,366 923,306"/>
                    <TextEquiv>
                        <Unicode>widerrufen,</Unicode>
                    </TextEquiv>
                </Word>
                <Word id="r_10_tl_1_w6" custom="readingOrder {index:5;}">
                    <Coords points="959,305 959,365 1017,365 1017,305"/>
                    <TextEquiv>
                        <Unicode>und</Unicode>
                    </TextEquiv>
                </Word>
                <Word id="r_10_tl_1_w7" custom="readingOrder {index:6;}">
                    <Coords points="1053,306 1053,366 1105,366 1105,306"/>
                    <TextEquiv>
                        <Unicode>den</Unicode>
                    </TextEquiv>
                </Word>
                <Word id="r_10_tl_1_w8" custom="readingOrder {index:7;}">
                    <Coords points="1146,305 1146,365 1244,365 1244,305"/>
                    <TextEquiv>
                        <Unicode>Spa¬</Unicode>
                    </TextEquiv>
                </Word>
                <TextEquiv>
                    <Unicode>bracht, das Verbot zu widerrufen, und den Spa¬</Unicode>
                </TextEquiv>
            </TextLine>
            <TextLine id="r_10_tl_2" custom="readingOrder {index:1;}">
                <Coords points="219,404 1259,411 1259,355 219,366"/>
                <Baseline points="226,391 271,394 316,394 361,397 406,394 450,397 495,397 540,400 585,397 629,397 674,394 719,394 764,394 809,394 853,394 898,394 943,394 988,394 1032,394 1077,394 1122,394 1167,394 1212,394 1256,394 1262,394"/>
                <Word id="r_10_tl_2_w1" custom="readingOrder {index:0;}">
                    <Coords points="224,353 224,413 308,413 308,353"/>
                    <TextEquiv>
                        <Unicode>niern</Unicode>
                    </TextEquiv>
                </Word>
                <Word id="r_10_tl_2_w2" custom="readingOrder {index:1;}">
                    <Coords points="335,356 335,416 366,416 366,356"/>
                    <TextEquiv>
                        <Unicode>zu</Unicode>
                    </TextEquiv>
                </Word>
                <Word id="r_10_tl_2_w3" custom="readingOrder {index:2;}">
                    <Coords points="393,357 393,417 573,417 573,357"/>
                    <TextEquiv>
                        <Unicode>erlauben,</Unicode>
                    </TextEquiv>
                </Word>
                <Word id="r_10_tl_2_w4" custom="readingOrder {index:3;}">
                    <Coords points="600,357 600,417 653,417 653,357"/>
                    <TextEquiv>
                        <Unicode>die</Unicode>
                    </TextEquiv>
                </Word>
                <Word id="r_10_tl_2_w5" custom="readingOrder {index:4;}">
                    <Coords points="685,354 685,414 827,414 827,354"/>
                    <TextEquiv>
                        <Unicode>dortigen</Unicode>
                    </TextEquiv>
                </Word>
                <Word id="r_10_tl_2_w6" custom="readingOrder {index:5;}">
                    <Coords points="860,354 860,414 965,414 965,354"/>
                    <TextEquiv>
                        <Unicode>Hafen</Unicode>
                    </TextEquiv>
                </Word>
                <Word id="r_10_tl_2_w7" custom="readingOrder {index:6;}">
                    <Coords points="1003,354 1003,414 1061,414 1061,354"/>
                    <TextEquiv>
                        <Unicode>wie</Unicode>
                    </TextEquiv>
                </Word>
                <Word id="r_10_tl_2_w8" custom="readingOrder {index:7;}">
                    <Coords points="1093,354 1093,414 1251,414 1251,354"/>
                    <TextEquiv>
                        <Unicode>gewöhn¬</Unicode>
                    </TextEquiv>
                </Word>
                <TextEquiv>
                    <Unicode>niern zu erlauben, die dortigen Hafen wie gewöhn¬</Unicode>
                </TextEquiv>
            </TextLine>
            <TextLine id="r_10_tl_3" custom="readingOrder {index:2;}">
                <Coords points="219,455 1252,455 1231,410 1117,402 219,407"/>
                <Baseline points="226,441 271,444 316,444 361,444 406,444 450,447 495,447 540,444 585,444 629,441 674,444 719,444 764,444 809,444 853,444 898,444 943,444 988,444 1032,444 1077,447 1122,447 1167,444 1212,447 1256,441"/>
                <Word id="r_10_tl_3_w1" custom="readingOrder {index:0;}">
                    <Coords points="225,402 225,462 274,462 274,402"/>
                    <TextEquiv>
                        <Unicode>lich</Unicode>
                    </TextEquiv>
                </Word>
                <Word id="r_10_tl_3_w2" custom="readingOrder {index:1;}">
                    <Coords points="303,404 303,464 330,464 330,404"/>
                    <TextEquiv>
                        <Unicode>zu</Unicode>
                    </TextEquiv>
                </Word>
                <Word id="r_10_tl_3_w3" custom="readingOrder {index:2;}">
                    <Coords points="364,406 364,466 531,466 531,406"/>
                    <TextEquiv>
                        <Unicode>besuchen.</Unicode>
                    </TextEquiv>
                </Word>
                <Word id="r_10_tl_3_w4" custom="readingOrder {index:3;}">
                    <Coords points="581,401 581,461 659,461 659,401"/>
                    <TextEquiv>
                        <Unicode>Den</Unicode>
                    </TextEquiv>
                </Word>
                <Word id="r_10_tl_3_w5" custom="readingOrder {index:4;}">
                    <Coords points="693,404 693,464 837,464 837,404"/>
                    <TextEquiv>
                        <Unicode>dortigen</Unicode>
                    </TextEquiv>
                </Word>
                <Word id="r_10_tl_3_w6" custom="readingOrder {index:5;}">
                    <Coords points="877,404 877,464 1071,464 1071,404"/>
                    <TextEquiv>
                        <Unicode>Kaufleuten</Unicode>
                    </TextEquiv>
                </Word>
                <Word id="r_10_tl_3_w7" custom="readingOrder {index:6;}">
                    <Coords points="1111,406 1111,466 1155,466 1155,406"/>
                    <TextEquiv>
                        <Unicode>sey</Unicode>
                    </TextEquiv>
                </Word>
                <Word id="r_10_tl_3_w8" custom="readingOrder {index:7;}">
                    <Coords points="1189,405 1189,465 1255,465 1255,405"/>
                    <TextEquiv>
                        <Unicode>hie¬</Unicode>
                    </TextEquiv>
                </Word>
                <TextEquiv>
                    <Unicode>lich zu besuchen. Den dortigen Kaufleuten sey hie¬</Unicode>
                </TextEquiv>
            </TextLine>
            <TextLine id="r_10_tl_4" custom="readingOrder {index:3;}">
                <Coords points="222,512 1041,503 1041,468 953,452 222,455"/>
                <Baseline points="229,495 274,495 319,495 364,495 409,495 453,495 498,495 543,495 588,495 632,495 677,495 722,495 767,495 812,495 856,495 901,492 946,492 991,495 1035,495 1044,495"/>
                <Word id="r_10_tl_4_w1" custom="readingOrder {index:0;}">
                    <Coords points="227,455 227,515 312,515 312,455"/>
                    <TextEquiv>
                        <Unicode>durch</Unicode>
                    </TextEquiv>
                </Word>
                <Word id="r_10_tl_4_w2" custom="readingOrder {index:1;}">
                    <Coords points="343,455 343,515 388,515 388,455"/>
                    <TextEquiv>
                        <Unicode>ein</Unicode>
                    </TextEquiv>
                </Word>
                <Word id="r_10_tl_4_w3" custom="readingOrder {index:2;}">
                    <Coords points="413,455 413,515 514,515 514,455"/>
                    <TextEquiv>
                        <Unicode>neues</Unicode>
                    </TextEquiv>
                </Word>
                <Word id="r_10_tl_4_w4" custom="readingOrder {index:3;}">
                    <Coords points="540,455 540,515 635,515 635,455"/>
                    <TextEquiv>
                        <Unicode>Leben</Unicode>
                    </TextEquiv>
                </Word>
                <Word id="r_10_tl_4_w5" custom="readingOrder {index:4;}">
                    <Coords points="661,455 661,515 857,515 857,455"/>
                    <TextEquiv>
                        <Unicode>eingeflößet</Unicode>
                    </TextEquiv>
                </Word>
                <Word id="r_10_tl_4_w6" custom="readingOrder {index:5;}">
                    <Coords points="878,452 878,512 1029,512 1029,452"/>
                    <TextEquiv>
                        <Unicode>worden.</Unicode>
                    </TextEquiv>
                </Word>
                <TextEquiv>
                    <Unicode>durch ein neues Leben eingeflößet worden.</Unicode>
                </TextEquiv>
            </TextLine>
            <TextLine id="r_10_tl_5" custom="readingOrder {index:4;}">
                <Coords points="458,553 1015,555 1015,513 988,504 894,500 868,524 843,508 458,504"/>
                <Baseline points="465,543 510,543 555,546 600,543 644,546 689,546 734,543 779,546 824,543 868,543 913,543 958,543 1003,543 1018,543"/>
                <Word id="r_10_tl_5_w1" custom="readingOrder {index:0;}">
                    <Coords points="463,503 463,563 719,563 719,503"/>
                    <TextEquiv>
                        <Unicode>Mayland,</Unicode>
                    </TextEquiv>
                </Word>
                <Word id="r_10_tl_5_w2" custom="readingOrder {index:1;}">
                    <Coords points="741,505 741,565 794,565 794,505"/>
                    <TextEquiv>
                        <Unicode>den</Unicode>
                    </TextEquiv>
                </Word>
                <Word id="r_10_tl_5_w3" custom="readingOrder {index:2;}">
                    <Coords points="832,503 832,563 868,563 868,503"/>
                    <TextEquiv>
                        <Unicode>8.</Unicode>
                    </TextEquiv>
                </Word>
                <Word id="r_10_tl_5_w4" custom="readingOrder {index:3;}">
                    <Coords points="890,503 890,563 1013,563 1013,503"/>
                    <TextEquiv>
                        <Unicode>Octob.</Unicode>
                    </TextEquiv>
                </Word>
                <TextEquiv>
                    <Unicode>Mayland, den 8. Octob.</Unicode>
                </TextEquiv>
            </TextLine>
            <TextLine id="r_10_tl_6" custom="readingOrder {index:5;}">
                <Coords points="270,592 1261,601 1261,548 1220,541 494,566 270,534"/>
                <Baseline points="277,591 280,588 325,591 370,591 414,591 459,591 504,594 549,594 594,594 638,594 683,594 728,594 773,594 818,594 862,594 907,594 952,594 997,594 1041,597 1086,594 1131,594 1176,591 1221,591 1265,588"/>
                <Word id="r_10_tl_6_w1" custom="readingOrder {index:0;}">
                    <Coords points="276,551 276,611 397,611 397,551"/>
                    <TextEquiv>
                        <Unicode>Wegen</Unicode>
                    </TextEquiv>
                </Word>
                <Word id="r_10_tl_6_w2" custom="readingOrder {index:1;}">
                    <Coords points="431,554 431,614 808,614 808,554"/>
                    <TextEquiv>
                        <Unicode>Gränzstreitigkeiten,</Unicode>
                    </TextEquiv>
                </Word>
                <Word id="r_10_tl_6_w3" custom="readingOrder {index:2;}">
                    <Coords points="837,554 837,614 880,614 880,554"/>
                    <TextEquiv>
                        <Unicode>die</Unicode>
                    </TextEquiv>
                </Word>
                <Word id="r_10_tl_6_w4" custom="readingOrder {index:3;}">
                    <Coords points="903,554 903,614 1047,614 1047,554"/>
                    <TextEquiv>
                        <Unicode>zwischen</Unicode>
                    </TextEquiv>
                </Word>
                <Word id="r_10_tl_6_w5" custom="readingOrder {index:4;}">
                    <Coords points="1087,554 1087,614 1136,614 1136,554"/>
                    <TextEquiv>
                        <Unicode>den</Unicode>
                    </TextEquiv>
                </Word>
                <Word id="r_10_tl_6_w6" custom="readingOrder {index:5;}">
                    <Coords points="1170,551 1170,611 1252,611 1252,551"/>
                    <TextEquiv>
                        <Unicode>Ein¬</Unicode>
                    </TextEquiv>
                </Word>
                <TextEquiv>
                    <Unicode>Wegen Gränzstreitigkeiten, die zwischen den Ein¬</Unicode>
                </TextEquiv>
            </TextLine>
            <TextLine id="r_10_tl_7" custom="readingOrder {index:6;}">
                <Coords points="222,648 859,647 1075,684 1161,644 1252,657 1242,604 222,608"/>
                <Baseline points="229,638 274,641 319,641 364,641 409,644 453,644 498,641 543,644 588,641 632,641 677,641 722,641 767,641 812,641 856,641 901,641 946,641 991,644 1035,647 1080,644 1125,647 1170,644 1215,644 1256,638"/>
                <Word id="r_10_tl_7_w1" custom="readingOrder {index:0;}">
                    <Coords points="227,601 227,661 383,661 383,601"/>
                    <TextEquiv>
                        <Unicode>wohnern</Unicode>
                    </TextEquiv>
                </Word>
                <Word id="r_10_tl_7_w2" custom="readingOrder {index:1;}">
                    <Coords points="414,604 414,664 469,664 469,604"/>
                    <TextEquiv>
                        <Unicode>von</Unicode>
                    </TextEquiv>
                </Word>
                <Word id="r_10_tl_7_w3" custom="readingOrder {index:2;}">
                    <Coords points="500,603 500,663 606,663 606,603"/>
                    <TextEquiv>
                        <Unicode>Massa</Unicode>
                    </TextEquiv>
                </Word>
                <Word id="r_10_tl_7_w4" custom="readingOrder {index:3;}">
                    <Coords points="637,601 637,661 698,661 698,601"/>
                    <TextEquiv>
                        <Unicode>und</Unicode>
                    </TextEquiv>
                </Word>
                <Word id="r_10_tl_7_w5" custom="readingOrder {index:4;}">
                    <Coords points="724,601 724,661 814,661 814,601"/>
                    <TextEquiv>
                        <Unicode>Lucca</Unicode>
                    </TextEquiv>
                </Word>
                <Word id="r_10_tl_7_w6" custom="readingOrder {index:5;}">
                    <Coords points="845,601 845,661 1058,661 1058,601"/>
                    <TextEquiv>
                        <Unicode>entstanden,</Unicode>
                    </TextEquiv>
                </Word>
                <Word id="r_10_tl_7_w7" custom="readingOrder {index:6;}">
                    <Coords points="1088,606 1088,666 1154,666 1154,606"/>
                    <TextEquiv>
                        <Unicode>sind</Unicode>
                    </TextEquiv>
                </Word>
                <Word id="r_10_tl_7_w8" custom="readingOrder {index:7;}">
                    <Coords points="1190,602 1190,662 1255,662 1255,602"/>
                    <TextEquiv>
                        <Unicode>die=</Unicode>
                    </TextEquiv>
                </Word>
                <TextEquiv>
                    <Unicode>wohnern von Massa und Lucca entstanden, sind die=</Unicode>
                </TextEquiv>
            </TextLine>
            <TextLine id="r_10_tl_8" custom="readingOrder {index:7;}">
                <Coords points="233,713 1010,697 996,658 858,646 233,656"/>
                <Baseline points="241,695 250,692 295,692 340,692 385,692 429,692 474,692 519,692 564,692 609,692 653,692 698,692 743,689 788,692 832,689 877,689 922,689 967,692 1012,692"/>
                <Word id="r_10_tl_8_w1" custom="readingOrder {index:0;}">
                    <Coords points="233,652 233,712 328,712 328,652"/>
                    <TextEquiv>
                        <Unicode>selben</Unicode>
                    </TextEquiv>
                </Word>
                <Word id="r_10_tl_8_w2" custom="readingOrder {index:1;}">
                    <Coords points="361,652 361,712 418,712 418,652"/>
                    <TextEquiv>
                        <Unicode>auf</Unicode>
                    </TextEquiv>
                </Word>
                <Word id="r_10_tl_8_w3" custom="readingOrder {index:2;}">
                    <Coords points="440,652 440,712 487,712 487,652"/>
                    <TextEquiv>
                        <Unicode>den</Unicode>
                    </TextEquiv>
                </Word>
                <Word id="r_10_tl_8_w4" custom="readingOrder {index:3;}">
                    <Coords points="520,652 520,712 673,712 673,652"/>
                    <TextEquiv>
                        <Unicode>Gränzen</Unicode>
                    </TextEquiv>
                </Word>
                <Word id="r_10_tl_8_w5" custom="readingOrder {index:4;}">
                    <Coords points="706,650 706,710 731,710 731,650"/>
                    <TextEquiv>
                        <Unicode>in</Unicode>
                    </TextEquiv>
                </Word>
                <Word id="r_10_tl_8_w6" custom="readingOrder {index:5;}">
                    <Coords points="764,651 764,711 816,711 816,651"/>
                    <TextEquiv>
                        <Unicode>den</Unicode>
                    </TextEquiv>
                </Word>
                <Word id="r_10_tl_8_w7" custom="readingOrder {index:6;}">
                    <Coords points="844,649 844,709 997,709 997,649"/>
                    <TextEquiv>
                        <Unicode>Waffen.</Unicode>
                    </TextEquiv>
                </Word>
                <TextEquiv>
                    <Unicode>selben auf den Gränzen in den Waffen.</Unicode>
                </TextEquiv>
            </TextLine>
            <TextLine id="r_10_tl_9" custom="readingOrder {index:8;}">
                <Coords points="458,752 1024,745 1024,718 990,708 458,705"/>
                <Baseline points="465,740 510,743 555,743 600,740 644,743 689,740 734,743 779,743 824,740 868,740 913,740 958,740 1003,740 1027,740"/>
                <Word id="r_10_tl_9_w1" custom="readingOrder {index:0;}">
                    <Coords points="464,701 464,761 698,761 698,701"/>
                    <TextEquiv>
                        <Unicode>Lissabon,</Unicode>
                    </TextEquiv>
                </Word>
                <Word id="r_10_tl_9_w2" custom="readingOrder {index:1;}">
                    <Coords points="721,703 721,763 775,763 775,703"/>
                    <TextEquiv>
                        <Unicode>den</Unicode>
                    </TextEquiv>
                </Word>
                <Word id="r_10_tl_9_w3" custom="readingOrder {index:2;}">
                    <Coords points="814,700 814,760 874,760 874,700"/>
                    <TextEquiv>
                        <Unicode>19.</Unicode>
                    </TextEquiv>
                </Word>
                <Word id="r_10_tl_9_w4" custom="readingOrder {index:3;}">
                    <Coords points="902,700 902,760 1016,760 1016,700"/>
                    <TextEquiv>
                        <Unicode>Sept.</Unicode>
                    </TextEquiv>
                </Word>
                <TextEquiv>
                    <Unicode>Lissabon, den 19. Sept.</Unicode>
                </TextEquiv>
            </TextLine>
            <TextLine id="r_10_tl_10" custom="readingOrder {index:9;}">
                <Coords points="274,801 1259,798 1259,754 1086,740 274,757"/>
                <Baseline points="280,788 325,791 370,788 414,791 459,791 504,794 549,794 594,791 638,791 683,791 728,791 773,788 818,788 862,788 907,791 952,791 997,791 1041,791 1086,791 1131,791 1176,788 1221,788 1262,788"/>
                <Word id="r_10_tl_10_w1" custom="readingOrder {index:0;}">
                    <Coords points="279,749 279,809 326,809 326,749"/>
                    <TextEquiv>
                        <Unicode>An</Unicode>
                    </TextEquiv>
                </Word>
                <Word id="r_10_tl_10_w2" custom="readingOrder {index:1;}">
                    <Coords points="354,748 354,808 406,808 406,748"/>
                    <TextEquiv>
                        <Unicode>dem</Unicode>
                    </TextEquiv>
                </Word>
                <Word id="r_10_tl_10_w3" custom="readingOrder {index:2;}">
                    <Coords points="449,754 449,814 582,814 582,754"/>
                    <TextEquiv>
                        <Unicode>adlichen</Unicode>
                    </TextEquiv>
                </Word>
                <Word id="r_10_tl_10_w4" custom="readingOrder {index:3;}">
                    <Coords points="614,751 614,811 751,811 751,751"/>
                    <TextEquiv>
                        <Unicode>Collegio</Unicode>
                    </TextEquiv>
                </Word>
                <Word id="r_10_tl_10_w5" custom="readingOrder {index:4;}">
                    <Coords points="779,748 779,808 927,808 927,748"/>
                    <TextEquiv>
                        <Unicode>hieselbst</Unicode>
                    </TextEquiv>
                </Word>
                <Word id="r_10_tl_10_w6" custom="readingOrder {index:5;}">
                    <Coords points="944,751 944,811 1082,811 1082,751"/>
                    <TextEquiv>
                        <Unicode>arbeitet</Unicode>
                    </TextEquiv>
                </Word>
                <Word id="r_10_tl_10_w7" custom="readingOrder {index:6;}">
                    <Coords points="1098,750 1098,810 1166,810 1166,750"/>
                    <TextEquiv>
                        <Unicode>man</Unicode>
                    </TextEquiv>
                </Word>
                <Word id="r_10_tl_10_w8" custom="readingOrder {index:7;}">
                    <Coords points="1194,748 1194,808 1257,808 1257,748"/>
                    <TextEquiv>
                        <Unicode>mit</Unicode>
                    </TextEquiv>
                </Word>
                <TextEquiv>
                    <Unicode>An dem adlichen Collegio hieselbst arbeitet man mit</Unicode>
                </TextEquiv>
            </TextLine>
            <TextLine id="r_10_tl_11" custom="readingOrder {index:10;}">
                <Coords points="224,854 1250,853 1250,805 1128,796 224,808"/>
                <Baseline points="232,835 277,838 322,835 367,835 412,841 456,841 501,841 546,844 591,844 635,841 680,838 725,838 770,838 815,838 859,838 904,838 949,838 994,841 1038,841 1083,841 1128,841 1173,838 1218,838 1253,835"/>
                <Word id="r_10_tl_11_w1" custom="readingOrder {index:0;}">
                    <Coords points="229,797 229,857 329,857 329,797"/>
                    <TextEquiv>
                        <Unicode>vieler</Unicode>
                    </TextEquiv>
                </Word>
                <Word id="r_10_tl_11_w2" custom="readingOrder {index:1;}">
                    <Coords points="354,801 354,861 546,861 546,801"/>
                    <TextEquiv>
                        <Unicode>Emsigkeit.</Unicode>
                    </TextEquiv>
                </Word>
                <Word id="r_10_tl_11_w3" custom="readingOrder {index:2;}">
                    <Coords points="597,801 597,861 647,861 647,801"/>
                    <TextEquiv>
                        <Unicode>Im</Unicode>
                    </TextEquiv>
                </Word>
                <Word id="r_10_tl_11_w4" custom="readingOrder {index:3;}">
                    <Coords points="683,798 683,858 824,858 824,798"/>
                    <TextEquiv>
                        <Unicode>October</Unicode>
                    </TextEquiv>
                </Word>
                <Word id="r_10_tl_11_w5" custom="readingOrder {index:4;}">
                    <Coords points="845,798 845,858 925,858 925,798"/>
                    <TextEquiv>
                        <Unicode>wird</Unicode>
                    </TextEquiv>
                </Word>
                <Word id="r_10_tl_11_w6" custom="readingOrder {index:5;}">
                    <Coords points="951,800 951,860 1021,860 1021,800"/>
                    <TextEquiv>
                        <Unicode>man</Unicode>
                    </TextEquiv>
                </Word>
                <Word id="r_10_tl_11_w7" custom="readingOrder {index:6;}">
                    <Coords points="1052,801 1052,861 1158,861 1158,801"/>
                    <TextEquiv>
                        <Unicode>damit</Unicode>
                    </TextEquiv>
                </Word>
                <Word id="r_10_tl_11_w8" custom="readingOrder {index:7;}">
                    <Coords points="1178,798 1178,858 1228,858 1228,798"/>
                    <TextEquiv>
                        <Unicode>zum</Unicode>
                    </TextEquiv>
                </Word>
                <TextEquiv>
                    <Unicode>vieler Emsigkeit. Im October wird man damit zum</Unicode>
                </TextEquiv>
            </TextLine>
            <TextLine id="r_10_tl_12" custom="readingOrder {index:11;}">
                <Coords points="231,902 1256,905 1255,852 229,856"/>
                <Baseline points="238,883 283,889 328,889 373,889 417,889 462,889 507,889 552,889 597,889 641,886 686,889 731,886 776,889 821,889 865,889 910,889 955,889 1000,889 1044,889 1089,889 1134,889 1179,889 1224,889 1259,886"/>
                <Word id="r_10_tl_12_w1" custom="readingOrder {index:0;}">
                    <Coords points="229,849 229,909 368,909 368,849"/>
                    <TextEquiv>
                        <Unicode>Stande</Unicode>
                    </TextEquiv>
                </Word>
                <Word id="r_10_tl_12_w2" custom="readingOrder {index:1;}">
                    <Coords points="395,849 395,909 559,909 559,849"/>
                    <TextEquiv>
                        <Unicode>kommen.</Unicode>
                    </TextEquiv>
                </Word>
                <Word id="r_10_tl_12_w3" custom="readingOrder {index:2;}">
                    <Coords points="607,846 607,906 684,906 684,846"/>
                    <TextEquiv>
                        <Unicode>Der</Unicode>
                    </TextEquiv>
                </Word>
                <Word id="r_10_tl_12_w4" custom="readingOrder {index:3;}">
                    <Coords points="705,849 705,909 928,909 928,849"/>
                    <TextEquiv>
                        <Unicode>wöchentliche</Unicode>
                    </TextEquiv>
                </Word>
                <Word id="r_10_tl_12_w5" custom="readingOrder {index:4;}">
                    <Coords points="954,849 954,909 1031,909 1031,849"/>
                    <TextEquiv>
                        <Unicode>Lohn</Unicode>
                    </TextEquiv>
                </Word>
                <Word id="r_10_tl_12_w6" custom="readingOrder {index:5;}">
                    <Coords points="1063,849 1063,909 1114,909 1114,849"/>
                    <TextEquiv>
                        <Unicode>der</Unicode>
                    </TextEquiv>
                </Word>
                <Word id="r_10_tl_12_w7" custom="readingOrder {index:6;}">
                    <Coords points="1141,849 1141,909 1254,909 1254,849"/>
                    <TextEquiv>
                        <Unicode>Arbei¬</Unicode>
                    </TextEquiv>
                </Word>
                <TextEquiv>
                    <Unicode>Stande kommen. Der wöchentliche Lohn der Arbei¬</Unicode>
                </TextEquiv>
            </TextLine>
            <TextLine id="r_10_tl_13" custom="readingOrder {index:12;}">
                <Coords points="224,945 1253,955 1253,900 1207,892 224,897"/>
                <Baseline points="232,934 277,937 322,937 367,937 412,937 456,940 501,937 546,937 591,934 635,937 680,937 725,940 770,937 815,937 859,940 904,937 949,937 994,940 1038,940 1083,940 1128,940 1173,937 1218,937 1256,937"/>
                <Word id="r_10_tl_13_w1" custom="readingOrder {index:0;}">
                    <Coords points="229,895 229,955 275,955 275,895"/>
                    <TextEquiv>
                        <Unicode>ter</Unicode>
                    </TextEquiv>
                </Word>
                <Word id="r_10_tl_13_w2" custom="readingOrder {index:1;}">
                    <Coords points="296,897 296,957 425,957 425,897"/>
                    <TextEquiv>
                        <Unicode>beträgt</Unicode>
                    </TextEquiv>
                </Word>
                <Word id="r_10_tl_13_w3" custom="readingOrder {index:2;}">
                    <Coords points="451,897 451,957 559,957 559,897"/>
                    <TextEquiv>
                        <Unicode>12000</Unicode>
                    </TextEquiv>
                </Word>
                <Word id="r_10_tl_13_w4" custom="readingOrder {index:3;}">
                    <Coords points="590,897 590,957 781,957 781,897"/>
                    <TextEquiv>
                        <Unicode>Crusaden,</Unicode>
                    </TextEquiv>
                </Word>
                <Word id="r_10_tl_13_w5" custom="readingOrder {index:4;}">
                    <Coords points="807,899 807,959 941,959 941,899"/>
                    <TextEquiv>
                        <Unicode>welches</Unicode>
                    </TextEquiv>
                </Word>
                <Word id="r_10_tl_13_w6" custom="readingOrder {index:5;}">
                    <Coords points="973,900 973,960 1086,960 1086,900"/>
                    <TextEquiv>
                        <Unicode>14000</Unicode>
                    </TextEquiv>
                </Word>
                <Word id="r_10_tl_13_w7" custom="readingOrder {index:6;}">
                    <Coords points="1123,897 1123,957 1251,957 1251,897"/>
                    <TextEquiv>
                        <Unicode>hollän=</Unicode>
                    </TextEquiv>
                </Word>
                <TextEquiv>
                    <Unicode>ter beträgt 12000 Crusaden, welches 14000 hollän=</Unicode>
                </TextEquiv>
            </TextLine>
            <TextLine id="r_10_tl_14" custom="readingOrder {index:13;}">
                <Coords points="219,994 1252,999 1252,955 1147,945 219,949"/>
                <Baseline points="226,985 271,985 316,985 361,985 406,988 450,988 495,988 540,988 585,988 629,988 674,985 719,988 764,988 809,988 853,988 898,985 943,988 988,988 1032,988 1077,991 1122,988 1167,991 1212,988 1256,988"/>
                <Word id="r_10_tl_14_w1" custom="readingOrder {index:0;}">
                    <Coords points="223,945 223,1005 321,1005 321,945"/>
                    <TextEquiv>
                        <Unicode>dische</Unicode>
                    </TextEquiv>
                </Word>
                <Word id="r_10_tl_14_w2" custom="readingOrder {index:1;}">
                    <Coords points="351,948 351,1008 485,1008 485,948"/>
                    <TextEquiv>
                        <Unicode>Gulden</Unicode>
                    </TextEquiv>
                </Word>
                <Word id="r_10_tl_14_w3" custom="readingOrder {index:2;}">
                    <Coords points="520,948 520,1008 717,1008 717,948"/>
                    <TextEquiv>
                        <Unicode>ausmacht,</Unicode>
                    </TextEquiv>
                </Word>
                <Word id="r_10_tl_14_w4" custom="readingOrder {index:3;}">
                    <Coords points="752,948 752,1008 890,1008 890,948"/>
                    <TextEquiv>
                        <Unicode>woraus</Unicode>
                    </TextEquiv>
                </Word>
                <Word id="r_10_tl_14_w5" custom="readingOrder {index:4;}">
                    <Coords points="920,948 920,1008 993,1008 993,948"/>
                    <TextEquiv>
                        <Unicode>man</Unicode>
                    </TextEquiv>
                </Word>
                <Word id="r_10_tl_14_w6" custom="readingOrder {index:5;}">
                    <Coords points="1034,949 1034,1009 1083,1009 1083,949"/>
                    <TextEquiv>
                        <Unicode>die</Unicode>
                    </TextEquiv>
                </Word>
                <Word id="r_10_tl_14_w7" custom="readingOrder {index:6;}">
                    <Coords points="1113,950 1113,1010 1245,1010 1245,950"/>
                    <TextEquiv>
                        <Unicode>Menge</Unicode>
                    </TextEquiv>
                </Word>
                <TextEquiv>
                    <Unicode>dische Gulden ausmacht, woraus man die Menge</Unicode>
                </TextEquiv>
            </TextLine>
            <TextLine id="r_10_tl_15" custom="readingOrder {index:14;}">
                <Coords points="219,1040 975,1053 1049,1047 1050,1010 219,994"/>
                <Baseline points="226,1038 271,1038 316,1038 361,1035 406,1038 450,1035 495,1038 540,1035 585,1035 629,1035 674,1035 719,1035 764,1035 809,1032 853,1032 898,1032 943,1032 988,1032 1032,1035 1053,1038"/>
                <Word id="r_10_tl_15_w1" custom="readingOrder {index:0;}">
                    <Coords points="224,998 224,1058 345,1058 345,998"/>
                    <TextEquiv>
                        <Unicode>deren,</Unicode>
                    </TextEquiv>
                </Word>
                <Word id="r_10_tl_15_w2" custom="readingOrder {index:1;}">
                    <Coords points="371,997 371,1057 416,1057 416,997"/>
                    <TextEquiv>
                        <Unicode>die</Unicode>
                    </TextEquiv>
                </Word>
                <Word id="r_10_tl_15_w3" custom="readingOrder {index:2;}">
                    <Coords points="443,997 443,1057 539,1057 539,997"/>
                    <TextEquiv>
                        <Unicode>daran</Unicode>
                    </TextEquiv>
                </Word>
                <Word id="r_10_tl_15_w4" custom="readingOrder {index:3;}">
                    <Coords points="570,995 570,1055 738,1055 738,995"/>
                    <TextEquiv>
                        <Unicode>arbeiten,</Unicode>
                    </TextEquiv>
                </Word>
                <Word id="r_10_tl_15_w5" custom="readingOrder {index:4;}">
                    <Coords points="764,992 764,1052 911,1052 911,992"/>
                    <TextEquiv>
                        <Unicode>schließen</Unicode>
                    </TextEquiv>
                </Word>
                <Word id="r_10_tl_15_w6" custom="readingOrder {index:5;}">
                    <Coords points="942,992 942,1052 1043,1052 1043,992"/>
                    <TextEquiv>
                        <Unicode>kann.</Unicode>
                    </TextEquiv>
                </Word>
                <TextEquiv>
                    <Unicode>deren, die daran arbeiten, schließen kann.</Unicode>
                </TextEquiv>
            </TextLine>
            <TextLine id="r_10_tl_16" custom="readingOrder {index:15;}">
                <Coords points="425,1091 1068,1091 1068,1049 1038,1045 425,1042"/>
                <Baseline points="432,1080 477,1083 522,1083 567,1083 612,1083 656,1083 701,1080 746,1080 791,1080 835,1080 880,1080 925,1080 970,1080 1015,1083 1059,1083 1071,1083"/>
                <Word id="r_10_tl_16_w1" custom="readingOrder {index:0;}">
                    <Coords points="425,1043 425,1103 709,1103 709,1043"/>
                    <TextEquiv>
                        <Unicode>Stockholm,</Unicode>
                    </TextEquiv>
                </Word>
                <Word id="r_10_tl_16_w2" custom="readingOrder {index:1;}">
                    <Coords points="741,1040 741,1100 797,1100 797,1040"/>
                    <TextEquiv>
                        <Unicode>den</Unicode>
                    </TextEquiv>
                </Word>
                <Word id="r_10_tl_16_w3" custom="readingOrder {index:2;}">
                    <Coords points="839,1040 839,1100 905,1100 905,1040"/>
                    <TextEquiv>
                        <Unicode>16.</Unicode>
                    </TextEquiv>
                </Word>
                <Word id="r_10_tl_16_w4" custom="readingOrder {index:3;}">
                    <Coords points="932,1041 932,1101 1056,1101 1056,1041"/>
                    <TextEquiv>
                        <Unicode>Octob.</Unicode>
                    </TextEquiv>
                </Word>
                <TextEquiv>
                    <Unicode>Stockholm, den 16. Octob.</Unicode>
                </TextEquiv>
            </TextLine>
            <TextLine id="r_10_tl_17" custom="readingOrder {index:16;}">
                <Coords points="292,1147 1252,1152 1252,1099 1172,1086 432,1106 292,1076"/>
                <Baseline points="299,1133 346,1131 391,1131 435,1131 480,1131 525,1134 570,1131 615,1131 659,1131 704,1128 749,1131 794,1128 838,1128 883,1128 928,1131 973,1131 1018,1131 1062,1134 1107,1131 1152,1134 1197,1134 1241,1134 1256,1131"/>
                <Word id="r_10_tl_17_w1" custom="readingOrder {index:0;}">
                    <Coords points="287,1092 287,1152 330,1152 330,1092"/>
                    <TextEquiv>
                        <Unicode>In</Unicode>
                    </TextEquiv>
                </Word>
                <Word id="r_10_tl_17_w2" custom="readingOrder {index:1;}">
                    <Coords points="357,1091 357,1151 432,1151 432,1091"/>
                    <TextEquiv>
                        <Unicode>allen</Unicode>
                    </TextEquiv>
                </Word>
                <Word id="r_10_tl_17_w3" custom="readingOrder {index:2;}">
                    <Coords points="460,1092 460,1152 649,1152 649,1092"/>
                    <TextEquiv>
                        <Unicode>Provinzen</Unicode>
                    </TextEquiv>
                </Word>
                <Word id="r_10_tl_17_w4" custom="readingOrder {index:3;}">
                    <Coords points="682,1088 682,1148 730,1148 730,1088"/>
                    <TextEquiv>
                        <Unicode>des</Unicode>
                    </TextEquiv>
                </Word>
                <Word id="r_10_tl_17_w5" custom="readingOrder {index:4;}">
                    <Coords points="758,1088 758,1148 995,1148 995,1088"/>
                    <TextEquiv>
                        <Unicode>Königreichs,</Unicode>
                    </TextEquiv>
                </Word>
                <Word id="r_10_tl_17_w6" custom="readingOrder {index:5;}">
                    <Coords points="1023,1093 1023,1153 1114,1153 1114,1093"/>
                    <TextEquiv>
                        <Unicode>selbst</Unicode>
                    </TextEquiv>
                </Word>
                <Word id="r_10_tl_17_w7" custom="readingOrder {index:6;}">
                    <Coords points="1131,1093 1131,1153 1157,1153 1157,1093"/>
                    <TextEquiv>
                        <Unicode>in</Unicode>
                    </TextEquiv>
                </Word>
                <Word id="r_10_tl_17_w8" custom="readingOrder {index:7;}">
                    <Coords points="1185,1094 1185,1154 1239,1154 1239,1094"/>
                    <TextEquiv>
                        <Unicode>den</Unicode>
                    </TextEquiv>
                </Word>
                <TextEquiv>
                    <Unicode>In allen Provinzen des Königreichs, selbst in den</Unicode>
                </TextEquiv>
            </TextLine>
            <TextLine id="r_10_tl_18" custom="readingOrder {index:17;}">
                <Coords points="219,1194 1256,1193 1256,1150 1212,1138 219,1154"/>
                <Baseline points="226,1182 271,1182 316,1182 361,1182 406,1182 450,1182 495,1182 540,1179 585,1182 629,1182 674,1182 719,1179 764,1179 809,1179 853,1179 898,1179 943,1179 988,1179 1032,1182 1077,1182 1122,1179 1167,1182 1212,1179 1256,1182 1259,1182"/>
                <Word id="r_10_tl_18_w1" custom="readingOrder {index:0;}">
                    <Coords points="225,1142 225,1202 436,1202 436,1142"/>
                    <TextEquiv>
                        <Unicode>nordlichsten</Unicode>
                    </TextEquiv>
                </Word>
                <Word id="r_10_tl_18_w2" custom="readingOrder {index:1;}">
                    <Coords points="470,1141 470,1201 535,1201 535,1141"/>
                    <TextEquiv>
                        <Unicode>sind</Unicode>
                    </TextEquiv>
                </Word>
                <Word id="r_10_tl_18_w3" custom="readingOrder {index:2;}">
                    <Coords points="568,1142 568,1202 665,1202 665,1142"/>
                    <TextEquiv>
                        <Unicode>dieses</Unicode>
                    </TextEquiv>
                </Word>
                <Word id="r_10_tl_18_w4" custom="readingOrder {index:3;}">
                    <Coords points="699,1139 699,1199 796,1199 796,1139"/>
                    <TextEquiv>
                        <Unicode>Jahr</Unicode>
                    </TextEquiv>
                </Word>
                <Word id="r_10_tl_18_w5" custom="readingOrder {index:4;}">
                    <Coords points="830,1139 830,1199 872,1199 872,1139"/>
                    <TextEquiv>
                        <Unicode>die</Unicode>
                    </TextEquiv>
                </Word>
                <Word id="r_10_tl_18_w6" custom="readingOrder {index:5;}">
                    <Coords points="905,1141 905,1201 1145,1201 1145,1141"/>
                    <TextEquiv>
                        <Unicode>gewöhnlichen</Unicode>
                    </TextEquiv>
                </Word>
                <Word id="r_10_tl_18_w7" custom="readingOrder {index:6;}">
                    <Coords points="1183,1139 1183,1199 1253,1199 1253,1139"/>
                    <TextEquiv>
                        <Unicode>Ge¬</Unicode>
                    </TextEquiv>
                </Word>
                <TextEquiv>
                    <Unicode>nordlichsten sind dieses Jahr die gewöhnlichen Ge¬</Unicode>
                </TextEquiv>
            </TextLine>
            <TextLine id="r_10_tl_19" custom="readingOrder {index:18;}">
                <Coords points="222,1238 1247,1243 1225,1191 222,1198"/>
                <Baseline points="229,1227 274,1230 319,1233 364,1233 409,1233 453,1233 498,1233 543,1230 588,1230 632,1230 677,1230 722,1230 767,1230 812,1230 856,1230 901,1230 946,1230 991,1230 1035,1230 1080,1227 1125,1233 1170,1230 1215,1230 1250,1230"/>
                <Word id="r_10_tl_19_w1" custom="readingOrder {index:0;}">
                    <Coords points="228,1190 228,1250 349,1250 349,1190"/>
                    <TextEquiv>
                        <Unicode>wächse</Unicode>
                    </TextEquiv>
                </Word>
                <Word id="r_10_tl_19_w2" custom="readingOrder {index:1;}">
                    <Coords points="366,1193 366,1253 504,1253 504,1193"/>
                    <TextEquiv>
                        <Unicode>ziemlich</Unicode>
                    </TextEquiv>
                </Word>
                <Word id="r_10_tl_19_w3" custom="readingOrder {index:2;}">
                    <Coords points="532,1190 532,1250 592,1250 592,1190"/>
                    <TextEquiv>
                        <Unicode>gut</Unicode>
                    </TextEquiv>
                </Word>
                <Word id="r_10_tl_19_w4" custom="readingOrder {index:3;}">
                    <Coords points="610,1190 610,1250 670,1250 670,1190"/>
                    <TextEquiv>
                        <Unicode>und</Unicode>
                    </TextEquiv>
                </Word>
                <Word id="r_10_tl_19_w5" custom="readingOrder {index:4;}">
                    <Coords points="698,1190 698,1250 836,1250 836,1190"/>
                    <TextEquiv>
                        <Unicode>reichlich</Unicode>
                    </TextEquiv>
                </Word>
                <Word id="r_10_tl_19_w6" custom="readingOrder {index:5;}">
                    <Coords points="858,1190 858,1250 1029,1250 1029,1190"/>
                    <TextEquiv>
                        <Unicode>gerathen.</Unicode>
                    </TextEquiv>
                </Word>
                <Word id="r_10_tl_19_w7" custom="readingOrder {index:6;}">
                    <Coords points="1102,1192 1102,1252 1145,1252 1145,1192"/>
                    <TextEquiv>
                        <Unicode>Zu</Unicode>
                    </TextEquiv>
                </Word>
                <Word id="r_10_tl_19_w8" custom="readingOrder {index:7;}">
                    <Coords points="1174,1190 1174,1250 1250,1250 1250,1190"/>
                    <TextEquiv>
                        <Unicode>Py¬</Unicode>
                    </TextEquiv>
                </Word>
                <TextEquiv>
                    <Unicode>wächse ziemlich gut und reichlich gerathen. Zu Py¬</Unicode>
                </TextEquiv>
            </TextLine>
            <TextLine id="r_10_tl_20" custom="readingOrder {index:19;}">
                <Coords points="224,1292 1247,1292 1247,1243 1171,1235 806,1264 224,1241"/>
                <Baseline points="232,1283 265,1280 310,1283 355,1280 400,1280 444,1280 489,1280 534,1283 579,1283 623,1283 668,1283 713,1280 758,1280 803,1280 847,1283 892,1280 937,1280 982,1280 1027,1280 1071,1280 1116,1277 1161,1280 1206,1280 1250,1280"/>
                <Word id="r_10_tl_20_w1" custom="readingOrder {index:0;}">
                    <Coords points="225,1241 225,1301 351,1301 351,1241"/>
                    <TextEquiv>
                        <Unicode>höiocki</Unicode>
                    </TextEquiv>
                </Word>
                <Word id="r_10_tl_20_w2" custom="readingOrder {index:1;}">
                    <Coords points="385,1240 385,1300 417,1300 417,1240"/>
                    <TextEquiv>
                        <Unicode>in</Unicode>
                    </TextEquiv>
                </Word>
                <Word id="r_10_tl_20_w3" custom="readingOrder {index:2;}">
                    <Coords points="457,1243 457,1303 679,1303 679,1243"/>
                    <TextEquiv>
                        <Unicode>Ostbothnien</Unicode>
                    </TextEquiv>
                </Word>
                <Word id="r_10_tl_20_w4" custom="readingOrder {index:3;}">
                    <Coords points="724,1240 724,1300 784,1300 784,1240"/>
                    <TextEquiv>
                        <Unicode>hat</Unicode>
                    </TextEquiv>
                </Word>
                <Word id="r_10_tl_20_w5" custom="readingOrder {index:4;}">
                    <Coords points="823,1242 823,1302 895,1302 895,1242"/>
                    <TextEquiv>
                        <Unicode>man</Unicode>
                    </TextEquiv>
                </Word>
                <Word id="r_10_tl_20_w6" custom="readingOrder {index:5;}">
                    <Coords points="945,1240 945,1300 1078,1300 1078,1240"/>
                    <TextEquiv>
                        <Unicode>schönen</Unicode>
                    </TextEquiv>
                </Word>
                <Word id="r_10_tl_20_w7" custom="readingOrder {index:6;}">
                    <Coords points="1118,1240 1118,1300 1244,1300 1244,1240"/>
                    <TextEquiv>
                        <Unicode>Toback</Unicode>
                    </TextEquiv>
                </Word>
                <TextEquiv>
                    <Unicode>höiocki in Ostbothnien hat man schönen Toback</Unicode>
                </TextEquiv>
            </TextLine>
            <TextLine id="r_10_tl_21" custom="readingOrder {index:20;}">
                <Coords points="222,1343 1247,1344 1224,1287 464,1323 222,1296"/>
                <Baseline points="229,1331 274,1328 319,1331 364,1331 409,1331 453,1334 498,1334 543,1334 588,1334 632,1331 677,1331 722,1331 767,1331 812,1331 856,1331 901,1331 946,1331 991,1331 1035,1331 1080,1331 1125,1331 1170,1331 1215,1331 1250,1334"/>
                <Word id="r_10_tl_21_w1" custom="readingOrder {index:0;}">
                    <Coords points="227,1291 227,1351 454,1351 454,1291"/>
                    <TextEquiv>
                        <Unicode>bekommen,</Unicode>
                    </TextEquiv>
                </Word>
                <Word id="r_10_tl_21_w2" custom="readingOrder {index:1;}">
                    <Coords points="487,1294 487,1354 683,1354 683,1294"/>
                    <TextEquiv>
                        <Unicode>ungeachtet</Unicode>
                    </TextEquiv>
                </Word>
                <Word id="r_10_tl_21_w3" custom="readingOrder {index:2;}">
                    <Coords points="710,1291 710,1351 741,1351 741,1291"/>
                    <TextEquiv>
                        <Unicode>es</Unicode>
                    </TextEquiv>
                </Word>
                <Word id="r_10_tl_21_w4" custom="readingOrder {index:3;}">
                    <Coords points="773,1291 773,1351 911,1351 911,1291"/>
                    <TextEquiv>
                        <Unicode>daselbst</Unicode>
                    </TextEquiv>
                </Word>
                <Word id="r_10_tl_21_w5" custom="readingOrder {index:4;}">
                    <Coords points="938,1291 938,1351 990,1351 990,1291"/>
                    <TextEquiv>
                        <Unicode>den</Unicode>
                    </TextEquiv>
                </Word>
                <Word id="r_10_tl_21_w6" custom="readingOrder {index:5;}">
                    <Coords points="1033,1291 1033,1351 1144,1351 1144,1291"/>
                    <TextEquiv>
                        <Unicode>27sten</Unicode>
                    </TextEquiv>
                </Word>
                <Word id="r_10_tl_21_w7" custom="readingOrder {index:6;}">
                    <Coords points="1182,1291 1182,1351 1250,1351 1250,1291"/>
                    <TextEquiv>
                        <Unicode>Ju=</Unicode>
                    </TextEquiv>
                </Word>
                <TextEquiv>
                    <Unicode>bekommen, ungeachtet es daselbst den 27sten Ju=</Unicode>
                </TextEquiv>
            </TextLine>
            <TextLine id="r_10_tl_22" custom="readingOrder {index:21;}">
                <Coords points="219,1395 1252,1393 1221,1339 219,1347"/>
                <Baseline points="226,1379 271,1382 316,1379 361,1382 406,1385 450,1382 495,1382 540,1382 585,1385 629,1382 674,1382 719,1382 764,1382 809,1379 853,1382 898,1382 943,1382 988,1382 1032,1382 1077,1382 1122,1385 1167,1382 1212,1385 1256,1385"/>
                <Word id="r_10_tl_22_w1" custom="readingOrder {index:0;}">
                    <Coords points="224,1340 224,1400 277,1400 277,1340"/>
                    <TextEquiv>
                        <Unicode>nii</Unicode>
                    </TextEquiv>
                </Word>
                <Word id="r_10_tl_22_w2" custom="readingOrder {index:1;}">
                    <Coords points="309,1341 309,1401 404,1401 404,1341"/>
                    <TextEquiv>
                        <Unicode>gegen</Unicode>
                    </TextEquiv>
                </Word>
                <Word id="r_10_tl_22_w3" custom="readingOrder {index:2;}">
                    <Coords points="432,1342 432,1402 606,1402 606,1342"/>
                    <TextEquiv>
                        <Unicode>Morgen,</Unicode>
                    </TextEquiv>
                </Word>
                <Word id="r_10_tl_22_w4" custom="readingOrder {index:3;}">
                    <Coords points="644,1342 644,1402 782,1402 782,1342"/>
                    <TextEquiv>
                        <Unicode>welcher</Unicode>
                    </TextEquiv>
                </Word>
                <Word id="r_10_tl_22_w5" custom="readingOrder {index:4;}">
                    <Coords points="825,1342 825,1402 899,1402 899,1342"/>
                    <TextEquiv>
                        <Unicode>Tag</Unicode>
                    </TextEquiv>
                </Word>
                <Word id="r_10_tl_22_w6" custom="readingOrder {index:5;}">
                    <Coords points="953,1342 953,1402 1026,1402 1026,1342"/>
                    <TextEquiv>
                        <Unicode>aber</Unicode>
                    </TextEquiv>
                </Word>
                <Word id="r_10_tl_22_w7" custom="readingOrder {index:6;}">
                    <Coords points="1075,1344 1075,1404 1149,1404 1149,1344"/>
                    <TextEquiv>
                        <Unicode>auch</Unicode>
                    </TextEquiv>
                </Word>
                <Word id="r_10_tl_22_w8" custom="readingOrder {index:7;}">
                    <Coords points="1192,1345 1192,1405 1244,1405 1244,1345"/>
                    <TextEquiv>
                        <Unicode>der</Unicode>
                    </TextEquiv>
                </Word>
                <TextEquiv>
                    <Unicode>nii gegen Morgen, welcher Tag aber auch der</Unicode>
                </TextEquiv>
            </TextLine>
            <TextLine id="r_10_tl_23" custom="readingOrder {index:22;}">
                <Coords points="222,1436 1252,1440 1252,1391 1216,1388 222,1393"/>
                <Baseline points="229,1430 274,1430 319,1430 364,1430 409,1430 453,1430 498,1433 543,1433 588,1433 632,1430 677,1430 722,1433 767,1433 812,1433 856,1433 901,1433 946,1430 991,1433 1035,1430 1080,1433 1125,1433 1170,1433 1215,1433 1256,1433"/>
                <Word id="r_10_tl_23_w1" custom="readingOrder {index:0;}">
                    <Coords points="228,1390 228,1450 352,1450 352,1390"/>
                    <TextEquiv>
                        <Unicode>kälteste</Unicode>
                    </TextEquiv>
                </Word>
                <Word id="r_10_tl_23_w2" custom="readingOrder {index:1;}">
                    <Coords points="390,1390 390,1450 417,1450 417,1390"/>
                    <TextEquiv>
                        <Unicode>im</Unicode>
                    </TextEquiv>
                </Word>
                <Word id="r_10_tl_23_w3" custom="readingOrder {index:2;}">
                    <Coords points="472,1393 472,1453 591,1453 591,1393"/>
                    <TextEquiv>
                        <Unicode>ganzen</Unicode>
                    </TextEquiv>
                </Word>
                <Word id="r_10_tl_23_w4" custom="readingOrder {index:3;}">
                    <Coords points="641,1393 641,1453 809,1453 809,1393"/>
                    <TextEquiv>
                        <Unicode>Sommer</Unicode>
                    </TextEquiv>
                </Word>
                <Word id="r_10_tl_23_w5" custom="readingOrder {index:4;}">
                    <Coords points="848,1392 848,1452 983,1452 983,1392"/>
                    <TextEquiv>
                        <Unicode>gewesen</Unicode>
                    </TextEquiv>
                </Word>
                <Word id="r_10_tl_23_w6" custom="readingOrder {index:5;}">
                    <Coords points="1032,1392 1032,1452 1103,1452 1103,1392"/>
                    <TextEquiv>
                        <Unicode>ist,</Unicode>
                    </TextEquiv>
                </Word>
                <Word id="r_10_tl_23_w7" custom="readingOrder {index:6;}">
                    <Coords points="1142,1393 1142,1453 1249,1453 1249,1393"/>
                    <TextEquiv>
                        <Unicode>gefro¬</Unicode>
                    </TextEquiv>
                </Word>
                <TextEquiv>
                    <Unicode>kälteste im ganzen Sommer gewesen ist, gefro¬</Unicode>
                </TextEquiv>
            </TextLine>
            <TextLine id="r_10_tl_24" custom="readingOrder {index:23;}">
                <Coords points="224,1493 1253,1498 1244,1439 224,1451"/>
                <Baseline points="232,1474 277,1480 322,1480 367,1480 412,1477 456,1480 501,1480 546,1480 591,1480 635,1480 680,1480 725,1480 770,1480 815,1483 859,1480 904,1480 949,1480 994,1483 1038,1483 1083,1483 1128,1483 1173,1483 1218,1486 1256,1489"/>
                <Word id="r_10_tl_24_w1" custom="readingOrder {index:0;}">
                    <Coords points="224,1436 224,1496 270,1496 270,1436"/>
                    <TextEquiv>
                        <Unicode>ren</Unicode>
                    </TextEquiv>
                </Word>
                <Word id="r_10_tl_24_w2" custom="readingOrder {index:1;}">
                    <Coords points="312,1440 312,1500 389,1500 389,1440"/>
                    <TextEquiv>
                        <Unicode>hat.</Unicode>
                    </TextEquiv>
                </Word>
                <Word id="r_10_tl_24_w3" custom="readingOrder {index:2;}">
                    <Coords points="437,1440 437,1500 514,1500 514,1440"/>
                    <TextEquiv>
                        <Unicode>Vom</Unicode>
                    </TextEquiv>
                </Word>
                <Word id="r_10_tl_24_w4" custom="readingOrder {index:3;}">
                    <Coords points="566,1440 566,1500 675,1500 675,1440"/>
                    <TextEquiv>
                        <Unicode>22sten</Unicode>
                    </TextEquiv>
                </Word>
                <Word id="r_10_tl_24_w5" custom="readingOrder {index:4;}">
                    <Coords points="712,1440 712,1500 810,1500 810,1440"/>
                    <TextEquiv>
                        <Unicode>dieses</Unicode>
                    </TextEquiv>
                </Word>
                <Word id="r_10_tl_24_w6" custom="readingOrder {index:5;}">
                    <Coords points="852,1440 852,1500 929,1500 929,1440"/>
                    <TextEquiv>
                        <Unicode>wird</Unicode>
                    </TextEquiv>
                </Word>
                <Word id="r_10_tl_24_w7" custom="readingOrder {index:6;}">
                    <Coords points="966,1443 966,1503 1142,1503 1142,1443"/>
                    <TextEquiv>
                        <Unicode>berichtet,</Unicode>
                    </TextEquiv>
                </Word>
                <Word id="r_10_tl_24_w8" custom="readingOrder {index:7;}">
                    <Coords points="1168,1445 1168,1505 1251,1505 1251,1445"/>
                    <TextEquiv>
                        <Unicode>daß,</Unicode>
                    </TextEquiv>
                </Word>
                <TextEquiv>
                    <Unicode>ren hat. Vom 22sten dieses wird berichtet, daß,</Unicode>
                </TextEquiv>
            </TextLine>
            <TextLine id="r_10_tl_25" custom="readingOrder {index:24;}">
                <Coords points="219,1539 1248,1553 1248,1497 1158,1488 219,1502"/>
                <Baseline points="226,1528 271,1528 316,1528 361,1528 406,1528 450,1528 495,1531 540,1531 585,1528 629,1528 674,1531 719,1531 764,1531 809,1528 853,1531 898,1528 943,1528 988,1528 1032,1531 1077,1531 1122,1531 1167,1534 1212,1531 1250,1534"/>
                <Word id="r_10_tl_25_w1" custom="readingOrder {index:0;}">
                    <Coords points="219,1488 219,1548 356,1548 356,1488"/>
                    <TextEquiv>
                        <Unicode>nachdem</Unicode>
                    </TextEquiv>
                </Word>
                <Word id="r_10_tl_25_w2" custom="readingOrder {index:1;}">
                    <Coords points="411,1488 411,1548 484,1548 484,1488"/>
                    <TextEquiv>
                        <Unicode>man</Unicode>
                    </TextEquiv>
                </Word>
                <Word id="r_10_tl_25_w3" custom="readingOrder {index:2;}">
                    <Coords points="527,1490 527,1550 559,1550 559,1490"/>
                    <TextEquiv>
                        <Unicode>zu</Unicode>
                    </TextEquiv>
                </Word>
                <Word id="r_10_tl_25_w4" custom="readingOrder {index:3;}">
                    <Coords points="597,1491 597,1551 799,1551 799,1491"/>
                    <TextEquiv>
                        <Unicode>Snaflunda</Unicode>
                    </TextEquiv>
                </Word>
                <Word id="r_10_tl_25_w5" custom="readingOrder {index:4;}">
                    <Coords points="836,1490 836,1550 868,1550 868,1490"/>
                    <TextEquiv>
                        <Unicode>in</Unicode>
                    </TextEquiv>
                </Word>
                <Word id="r_10_tl_25_w6" custom="readingOrder {index:5;}">
                    <Coords points="905,1490 905,1550 1134,1550 1134,1490"/>
                    <TextEquiv>
                        <Unicode>West=Norick</Unicode>
                    </TextEquiv>
                </Word>
                <Word id="r_10_tl_25_w7" custom="readingOrder {index:6;}">
                    <Coords points="1172,1491 1172,1551 1240,1551 1240,1491"/>
                    <TextEquiv>
                        <Unicode>eine</Unicode>
                    </TextEquiv>
                </Word>
                <TextEquiv>
                    <Unicode>nachdem man zu Snaflunda in West=Norick eine</Unicode>
                </TextEquiv>
            </TextLine>
            <TextLine id="r_10_tl_26" custom="readingOrder {index:25;}">
                <Coords points="222,1588 1244,1589 1244,1553 1137,1539 222,1554"/>
                <Baseline points="229,1576 274,1579 319,1576 364,1579 409,1582 453,1579 498,1579 543,1579 588,1579 632,1576 677,1579 722,1579 767,1579 812,1579 856,1579 901,1579 946,1579 991,1579 1035,1579 1080,1579 1125,1579 1170,1582 1215,1582 1247,1582"/>
                <Word id="r_10_tl_26_w1" custom="readingOrder {index:0;}">
                    <Coords points="227,1537 227,1597 288,1597 288,1537"/>
                    <TextEquiv>
                        <Unicode>alte</Unicode>
                    </TextEquiv>
                </Word>
                <Word id="r_10_tl_26_w2" custom="readingOrder {index:1;}">
                    <Coords points="309,1539 309,1599 592,1599 592,1539"/>
                    <TextEquiv>
                        <Unicode>Eisenertzgrube,</Unicode>
                    </TextEquiv>
                </Word>
                <Word id="r_10_tl_26_w3" custom="readingOrder {index:2;}">
                    <Coords points="619,1539 619,1599 886,1599 886,1539"/>
                    <TextEquiv>
                        <Unicode>Distorpsgrube</Unicode>
                    </TextEquiv>
                </Word>
                <Word id="r_10_tl_26_w4" custom="readingOrder {index:3;}">
                    <Coords points="918,1539 918,1599 1082,1599 1082,1539"/>
                    <TextEquiv>
                        <Unicode>genannt,</Unicode>
                    </TextEquiv>
                </Word>
                <Word id="r_10_tl_26_w5" custom="readingOrder {index:4;}">
                    <Coords points="1109,1539 1109,1599 1154,1599 1154,1539"/>
                    <TextEquiv>
                        <Unicode>die</Unicode>
                    </TextEquiv>
                </Word>
                <Word id="r_10_tl_26_w6" custom="readingOrder {index:5;}">
                    <Coords points="1181,1542 1181,1602 1237,1602 1237,1542"/>
                    <TextEquiv>
                        <Unicode>vor</Unicode>
                    </TextEquiv>
                </Word>
                <TextEquiv>
                    <Unicode>alte Eisenertzgrube, Distorpsgrube genannt, die vor</Unicode>
                </TextEquiv>
            </TextLine>
            <TextLine id="r_10_tl_27" custom="readingOrder {index:26;}">
                <Coords points="224,1640 1247,1645 1208,1589 224,1601"/>
                <Baseline points="232,1627 277,1627 322,1627 367,1630 412,1627 456,1630 501,1630 546,1630 591,1630 635,1630 680,1630 725,1630 770,1627 815,1630 859,1630 904,1630 949,1630 994,1630 1038,1630 1083,1630 1128,1630 1173,1630 1218,1630 1250,1630"/>
                <Word id="r_10_tl_27_w1" custom="readingOrder {index:0;}">
                    <Coords points="230,1587 230,1647 316,1647 316,1587"/>
                    <TextEquiv>
                        <Unicode>mehr</Unicode>
                    </TextEquiv>
                </Word>
                <Word id="r_10_tl_27_w2" custom="readingOrder {index:1;}">
                    <Coords points="344,1589 344,1649 392,1649 392,1589"/>
                    <TextEquiv>
                        <Unicode>als</Unicode>
                    </TextEquiv>
                </Word>
                <Word id="r_10_tl_27_w3" custom="readingOrder {index:2;}">
                    <Coords points="414,1589 414,1649 474,1649 474,1589"/>
                    <TextEquiv>
                        <Unicode>150</Unicode>
                    </TextEquiv>
                </Word>
                <Word id="r_10_tl_27_w4" custom="readingOrder {index:3;}">
                    <Coords points="512,1590 512,1650 636,1650 636,1590"/>
                    <TextEquiv>
                        <Unicode>Jahren</Unicode>
                    </TextEquiv>
                </Word>
                <Word id="r_10_tl_27_w5" custom="readingOrder {index:4;}">
                    <Coords points="669,1587 669,1647 864,1647 864,1587"/>
                    <TextEquiv>
                        <Unicode>eingestürzt</Unicode>
                    </TextEquiv>
                </Word>
                <Word id="r_10_tl_27_w6" custom="readingOrder {index:5;}">
                    <Coords points="887,1590 887,1650 978,1650 978,1590"/>
                    <TextEquiv>
                        <Unicode>war,</Unicode>
                    </TextEquiv>
                </Word>
                <Word id="r_10_tl_27_w7" custom="readingOrder {index:6;}">
                    <Coords points="1007,1590 1007,1650 1093,1650 1093,1590"/>
                    <TextEquiv>
                        <Unicode>1759</Unicode>
                    </TextEquiv>
                </Word>
                <Word id="r_10_tl_27_w8" custom="readingOrder {index:7;}">
                    <Coords points="1126,1590 1126,1650 1239,1650 1239,1590"/>
                    <TextEquiv>
                        <Unicode>wieder</Unicode>
                    </TextEquiv>
                </Word>
                <TextEquiv>
                    <Unicode>mehr als 150 Jahren eingestürzt war, 1759 wieder</Unicode>
                </TextEquiv>
            </TextLine>
            <TextLine id="r_10_tl_28" custom="readingOrder {index:27;}">
                <Coords points="219,1686 1242,1692 1234,1638 219,1660"/>
                <Baseline points="226,1677 271,1677 316,1677 361,1677 406,1677 450,1677 495,1674 540,1677 585,1674 629,1677 674,1677 719,1680 764,1677 809,1677 853,1677 898,1677 943,1677 988,1674 1032,1677 1077,1677 1122,1677 1167,1677 1212,1680 1244,1677"/>
                <Word id="r_10_tl_28_w1" custom="readingOrder {index:0;}">
                    <Coords points="224,1637 224,1697 471,1697 471,1637"/>
                    <TextEquiv>
                        <Unicode>aufgegraben,</Unicode>
                    </TextEquiv>
                </Word>
                <Word id="r_10_tl_28_w2" custom="readingOrder {index:1;}">
                    <Coords points="518,1636 518,1696 579,1696 579,1636"/>
                    <TextEquiv>
                        <Unicode>und</Unicode>
                    </TextEquiv>
                </Word>
                <Word id="r_10_tl_28_w3" custom="readingOrder {index:2;}">
                    <Coords points="611,1637 611,1697 672,1697 672,1637"/>
                    <TextEquiv>
                        <Unicode>mit</Unicode>
                    </TextEquiv>
                </Word>
                <Word id="r_10_tl_28_w4" custom="readingOrder {index:3;}">
                    <Coords points="698,1637 698,1697 817,1697 817,1637"/>
                    <TextEquiv>
                        <Unicode>Arbeit</Unicode>
                    </TextEquiv>
                </Word>
                <Word id="r_10_tl_28_w5" custom="readingOrder {index:4;}">
                    <Coords points="843,1637 843,1697 967,1697 967,1637"/>
                    <TextEquiv>
                        <Unicode>belegt,</Unicode>
                    </TextEquiv>
                </Word>
                <Word id="r_10_tl_28_w6" custom="readingOrder {index:5;}">
                    <Coords points="1003,1637 1003,1697 1070,1697 1070,1637"/>
                    <TextEquiv>
                        <Unicode>auch</Unicode>
                    </TextEquiv>
                </Word>
                <Word id="r_10_tl_28_w7" custom="readingOrder {index:6;}">
                    <Coords points="1106,1637 1106,1697 1219,1697 1219,1637"/>
                    <TextEquiv>
                        <Unicode>seitdem</Unicode>
                    </TextEquiv>
                </Word>
                <TextEquiv>
                    <Unicode>aufgegraben, und mit Arbeit belegt, auch seitdem</Unicode>
                </TextEquiv>
            </TextLine>
            <TextLine id="r_10_tl_29" custom="readingOrder {index:28;}">
                <Coords points="222,1747 1238,1738 1217,1688 222,1693"/>
                <Baseline points="229,1728 256,1725 301,1725 346,1725 391,1725 435,1725 480,1722 525,1722 570,1722 615,1722 659,1722 704,1722 749,1722 794,1722 838,1722 883,1722 928,1722 973,1722 1018,1719 1062,1725 1107,1725 1152,1725 1197,1725 1241,1725"/>
                <Word id="r_10_tl_29_w1" custom="readingOrder {index:0;}">
                    <Coords points="227,1685 227,1745 358,1745 358,1685"/>
                    <TextEquiv>
                        <Unicode>jährlich</Unicode>
                    </TextEquiv>
                </Word>
                <Word id="r_10_tl_29_w2" custom="readingOrder {index:1;}">
                    <Coords points="385,1685 385,1745 395,1745 395,1685"/>
                    <TextEquiv>
                        <Unicode>4</Unicode>
                    </TextEquiv>
                </Word>
                <Word id="r_10_tl_29_w3" custom="readingOrder {index:2;}">
                    <Coords points="428,1683 428,1743 475,1743 475,1683"/>
                    <TextEquiv>
                        <Unicode>bis</Unicode>
                    </TextEquiv>
                </Word>
                <Word id="r_10_tl_29_w4" custom="readingOrder {index:3;}">
                    <Coords points="502,1682 502,1742 586,1742 586,1682"/>
                    <TextEquiv>
                        <Unicode>5000</Unicode>
                    </TextEquiv>
                </Word>
                <Word id="r_10_tl_29_w5" custom="readingOrder {index:4;}">
                    <Coords points="618,1682 618,1742 823,1742 823,1682"/>
                    <TextEquiv>
                        <Unicode>Schifpfund</Unicode>
                    </TextEquiv>
                </Word>
                <Word id="r_10_tl_29_w6" custom="readingOrder {index:5;}">
                    <Coords points="856,1682 856,1742 945,1742 945,1682"/>
                    <TextEquiv>
                        <Unicode>guten</Unicode>
                    </TextEquiv>
                </Word>
                <Word id="r_10_tl_29_w7" custom="readingOrder {index:6;}">
                    <Coords points="983,1681 983,1741 1083,1741 1083,1681"/>
                    <TextEquiv>
                        <Unicode>Erzes</Unicode>
                    </TextEquiv>
                </Word>
                <Word id="r_10_tl_29_w8" custom="readingOrder {index:7;}">
                    <Coords points="1115,1685 1115,1745 1236,1745 1236,1685"/>
                    <TextEquiv>
                        <Unicode>daraus</Unicode>
                    </TextEquiv>
                </Word>
                <TextEquiv>
                    <Unicode>jährlich 4 bis 5000 Schifpfund guten Erzes daraus</Unicode>
                </TextEquiv>
            </TextLine>
            <TextLine id="r_10_tl_30" custom="readingOrder {index:29;}">
                <Coords points="219,1780 1250,1777 1250,1736 1133,1728 219,1743"/>
                <Baseline points="226,1770 268,1770 313,1770 358,1770 403,1770 447,1767 492,1767 537,1767 582,1767 626,1764 671,1764 716,1767 761,1767 806,1767 850,1767 895,1767 940,1767 985,1767 1030,1767 1074,1767 1119,1767 1164,1770 1209,1767 1253,1767"/>
                <Word id="r_10_tl_30_w1" custom="readingOrder {index:0;}">
                    <Coords points="222,1730 222,1790 408,1790 408,1730"/>
                    <TextEquiv>
                        <Unicode>bekommen</Unicode>
                    </TextEquiv>
                </Word>
                <Word id="r_10_tl_30_w2" custom="readingOrder {index:1;}">
                    <Coords points="440,1727 440,1787 517,1787 517,1727"/>
                    <TextEquiv>
                        <Unicode>hat,</Unicode>
                    </TextEquiv>
                </Word>
                <Word id="r_10_tl_30_w3" custom="readingOrder {index:2;}">
                    <Coords points="545,1727 545,1787 567,1787 567,1727"/>
                    <TextEquiv>
                        <Unicode>so</Unicode>
                    </TextEquiv>
                </Word>
                <Word id="r_10_tl_30_w4" custom="readingOrder {index:3;}">
                    <Coords points="595,1724 595,1784 631,1784 631,1724"/>
                    <TextEquiv>
                        <Unicode>ist</Unicode>
                    </TextEquiv>
                </Word>
                <Word id="r_10_tl_30_w5" custom="readingOrder {index:4;}">
                    <Coords points="654,1726 654,1786 749,1786 749,1726"/>
                    <TextEquiv>
                        <Unicode>dieses</Unicode>
                    </TextEquiv>
                </Word>
                <Word id="r_10_tl_30_w6" custom="readingOrder {index:5;}">
                    <Coords points="777,1727 777,1787 895,1787 895,1727"/>
                    <TextEquiv>
                        <Unicode>endlich</Unicode>
                    </TextEquiv>
                </Word>
                <Word id="r_10_tl_30_w7" custom="readingOrder {index:6;}">
                    <Coords points="922,1727 922,1787 945,1787 945,1727"/>
                    <TextEquiv>
                        <Unicode>in</Unicode>
                    </TextEquiv>
                </Word>
                <Word id="r_10_tl_30_w8" custom="readingOrder {index:7;}">
                    <Coords points="977,1727 977,1787 1026,1787 1026,1727"/>
                    <TextEquiv>
                        <Unicode>der</Unicode>
                    </TextEquiv>
                </Word>
                <Word id="r_10_tl_30_w9" custom="readingOrder {index:8;}">
                    <Coords points="1054,1727 1054,1787 1158,1787 1158,1727"/>
                    <TextEquiv>
                        <Unicode>Mitte</Unicode>
                    </TextEquiv>
                </Word>
                <Word id="r_10_tl_30_w10" custom="readingOrder {index:9;}">
                    <Coords points="1186,1727 1186,1787 1236,1787 1236,1727"/>
                    <TextEquiv>
                        <Unicode>des</Unicode>
                    </TextEquiv>
                </Word>
                <TextEquiv>
                    <Unicode>bekommen hat, so ist dieses endlich in der Mitte des</Unicode>
                </TextEquiv>
            </TextLine>
            <TextLine id="r_10_tl_31" custom="readingOrder {index:30;}">
                <Coords points="222,1834 1252,1834 1252,1773 222,1786"/>
                <Baseline points="229,1815 271,1815 316,1812 361,1812 406,1812 450,1812 495,1809 540,1812 585,1809 629,1809 674,1809 719,1809 764,1809 809,1809 853,1809 898,1809 943,1809 988,1812 1032,1809 1077,1809 1122,1809 1167,1812 1212,1812 1256,1809"/>
                <Word id="r_10_tl_31_w1" custom="readingOrder {index:0;}">
                    <Coords points="226,1772 226,1832 498,1832 498,1772"/>
                    <TextEquiv>
                        <Unicode>letztverwichnen</Unicode>
                    </TextEquiv>
                </Word>
                <Word id="r_10_tl_31_w2" custom="readingOrder {index:1;}">
                    <Coords points="532,1769 532,1829 796,1829 796,1769"/>
                    <TextEquiv>
                        <Unicode>Augustmonats</Unicode>
                    </TextEquiv>
                </Word>
                <Word id="r_10_tl_31_w3" custom="readingOrder {index:2;}">
                    <Coords points="830,1769 830,1829 925,1829 925,1769"/>
                    <TextEquiv>
                        <Unicode>völlig</Unicode>
                    </TextEquiv>
                </Word>
                <Word id="r_10_tl_31_w4" custom="readingOrder {index:3;}">
                    <Coords points="955,1770 955,1830 983,1830 983,1770"/>
                    <TextEquiv>
                        <Unicode>zu</Unicode>
                    </TextEquiv>
                </Word>
                <Word id="r_10_tl_31_w5" custom="readingOrder {index:4;}">
                    <Coords points="1021,1769 1021,1829 1160,1829 1160,1769"/>
                    <TextEquiv>
                        <Unicode>Stande</Unicode>
                    </TextEquiv>
                </Word>
                <Word id="r_10_tl_31_w6" custom="readingOrder {index:5;}">
                    <Coords points="1194,1771 1194,1831 1246,1831 1246,1771"/>
                    <TextEquiv>
                        <Unicode>ge¬</Unicode>
                    </TextEquiv>
                </Word>
                <TextEquiv>
                    <Unicode>letztverwichnen Augustmonats völlig zu Stande ge¬</Unicode>
                </TextEquiv>
            </TextLine>
            <TextLine id="r_10_tl_32" custom="readingOrder {index:31;}">
                <Coords points="219,1872 1248,1880 1238,1830 1006,1816 219,1834"/>
                <Baseline points="226,1862 265,1865 310,1865 355,1862 400,1862 444,1862 489,1862 534,1862 579,1859 623,1862 668,1859 713,1862 758,1862 803,1862 847,1859 892,1862 937,1862 982,1862 1027,1862 1071,1862 1116,1862 1161,1862 1206,1862 1250,1859"/>
                <Word id="r_10_tl_32_w1" custom="readingOrder {index:0;}">
                    <Coords points="220,1825 220,1885 336,1885 336,1825"/>
                    <TextEquiv>
                        <Unicode>bracht</Unicode>
                    </TextEquiv>
                </Word>
                <Word id="r_10_tl_32_w2" custom="readingOrder {index:1;}">
                    <Coords points="365,1822 365,1882 515,1882 515,1822"/>
                    <TextEquiv>
                        <Unicode>worden.</Unicode>
                    </TextEquiv>
                </Word>
                <Word id="r_10_tl_32_w3" custom="readingOrder {index:2;}">
                    <Coords points="576,1821 576,1881 654,1881 654,1821"/>
                    <TextEquiv>
                        <Unicode>Bey</Unicode>
                    </TextEquiv>
                </Word>
                <Word id="r_10_tl_32_w4" custom="readingOrder {index:3;}">
                    <Coords points="688,1822 688,1882 782,1882 782,1822"/>
                    <TextEquiv>
                        <Unicode>dieser</Unicode>
                    </TextEquiv>
                </Word>
                <Word id="r_10_tl_32_w5" custom="readingOrder {index:4;}">
                    <Coords points="822,1821 822,1881 938,1881 938,1821"/>
                    <TextEquiv>
                        <Unicode>Arbeit</Unicode>
                    </TextEquiv>
                </Word>
                <Word id="r_10_tl_32_w6" custom="readingOrder {index:5;}">
                    <Coords points="973,1822 973,1882 1033,1882 1033,1822"/>
                    <TextEquiv>
                        <Unicode>hat</Unicode>
                    </TextEquiv>
                </Word>
                <Word id="r_10_tl_32_w7" custom="readingOrder {index:6;}">
                    <Coords points="1067,1822 1067,1882 1134,1882 1134,1822"/>
                    <TextEquiv>
                        <Unicode>man</Unicode>
                    </TextEquiv>
                </Word>
                <Word id="r_10_tl_32_w8" custom="readingOrder {index:7;}">
                    <Coords points="1173,1822 1173,1882 1234,1882 1234,1822"/>
                    <TextEquiv>
                        <Unicode>120</Unicode>
                    </TextEquiv>
                </Word>
                <TextEquiv>
                    <Unicode>bracht worden. Bey dieser Arbeit hat man 120</Unicode>
                </TextEquiv>
            </TextLine>
            <TextLine id="r_10_tl_33" custom="readingOrder {index:32;}">
                <Coords points="219,1925 1248,1933 1248,1887 1024,1867 489,1899 219,1872"/>
                <Baseline points="226,1916 265,1919 310,1916 355,1916 400,1916 444,1916 489,1916 534,1916 579,1913 623,1913 668,1913 713,1916 758,1916 803,1916 847,1913 892,1916 937,1916 982,1916 1027,1916 1071,1916 1116,1916 1161,1916 1206,1916 1250,1913"/>
                <Word id="r_10_tl_33_w1" custom="readingOrder {index:0;}">
                    <Coords points="225,1878 225,1938 315,1938 315,1878"/>
                    <TextEquiv>
                        <Unicode>Ellen</Unicode>
                    </TextEquiv>
                </Word>
                <Word id="r_10_tl_33_w2" custom="readingOrder {index:1;}">
                    <Coords points="344,1876 344,1936 400,1936 400,1876"/>
                    <TextEquiv>
                        <Unicode>tief</Unicode>
                    </TextEquiv>
                </Word>
                <Word id="r_10_tl_33_w3" custom="readingOrder {index:2;}">
                    <Coords points="418,1876 418,1936 462,1936 462,1876"/>
                    <TextEquiv>
                        <Unicode>ein</Unicode>
                    </TextEquiv>
                </Word>
                <Word id="r_10_tl_33_w4" custom="readingOrder {index:3;}">
                    <Coords points="491,1874 491,1934 610,1934 610,1874"/>
                    <TextEquiv>
                        <Unicode>ganzes</Unicode>
                    </TextEquiv>
                </Word>
                <Word id="r_10_tl_33_w5" custom="readingOrder {index:4;}">
                    <Coords points="639,1876 639,1936 956,1936 956,1876"/>
                    <TextEquiv>
                        <Unicode>Menschengerippe</Unicode>
                    </TextEquiv>
                </Word>
                <Word id="r_10_tl_33_w6" custom="readingOrder {index:5;}">
                    <Coords points="980,1876 980,1936 1160,1936 1160,1876"/>
                    <TextEquiv>
                        <Unicode>gefunden,</Unicode>
                    </TextEquiv>
                </Word>
                <Word id="r_10_tl_33_w7" custom="readingOrder {index:6;}">
                    <Coords points="1195,1875 1195,1935 1228,1935 1228,1875"/>
                    <TextEquiv>
                        <Unicode>an</Unicode>
                    </TextEquiv>
                </Word>
                <TextEquiv>
                    <Unicode>Ellen tief ein ganzes Menschengerippe gefunden, an</Unicode>
                </TextEquiv>
            </TextLine>
            <TextLine id="r_10_tl_34" custom="readingOrder {index:33;}">
                <Coords points="222,1987 1244,1975 1244,1928 222,1926"/>
                <Baseline points="229,1970 262,1970 307,1970 352,1970 397,1967 441,1970 486,1967 531,1967 576,1967 620,1967 665,1967 710,1964 755,1967 800,1967 844,1964 889,1964 934,1967 979,1967 1024,1967 1068,1967 1113,1967 1158,1967 1203,1967 1247,1964"/>
                <Word id="r_10_tl_34_w1" custom="readingOrder {index:0;}">
                    <Coords points="227,1930 227,1990 359,1990 359,1930"/>
                    <TextEquiv>
                        <Unicode>welchem</Unicode>
                    </TextEquiv>
                </Word>
                <Word id="r_10_tl_34_w2" custom="readingOrder {index:1;}">
                    <Coords points="407,1930 407,1990 475,1990 475,1930"/>
                    <TextEquiv>
                        <Unicode>auch</Unicode>
                    </TextEquiv>
                </Word>
                <Word id="r_10_tl_34_w3" custom="readingOrder {index:2;}">
                    <Coords points="507,1927 507,1987 581,1987 581,1927"/>
                    <TextEquiv>
                        <Unicode>noch</Unicode>
                    </TextEquiv>
                </Word>
                <Word id="r_10_tl_34_w4" custom="readingOrder {index:3;}">
                    <Coords points="613,1926 613,1986 718,1986 718,1926"/>
                    <TextEquiv>
                        <Unicode>einige</Unicode>
                    </TextEquiv>
                </Word>
                <Word id="r_10_tl_34_w5" custom="readingOrder {index:4;}">
                    <Coords points="745,1924 745,1984 914,1984 914,1924"/>
                    <TextEquiv>
                        <Unicode>Materien</Unicode>
                    </TextEquiv>
                </Word>
                <Word id="r_10_tl_34_w6" custom="readingOrder {index:5;}">
                    <Coords points="952,1927 952,1987 1004,1987 1004,1927"/>
                    <TextEquiv>
                        <Unicode>von</Unicode>
                    </TextEquiv>
                </Word>
                <Word id="r_10_tl_34_w7" custom="readingOrder {index:6;}">
                    <Coords points="1036,1927 1036,1987 1242,1987 1242,1927"/>
                    <TextEquiv>
                        <Unicode>Kleidungs¬</Unicode>
                    </TextEquiv>
                </Word>
                <TextEquiv>
                    <Unicode>welchem auch noch einige Materien von Kleidungs¬</Unicode>
                </TextEquiv>
            </TextLine>
            <TextLine id="r_10_tl_35" custom="readingOrder {index:34;}">
                <Coords points="231,2040 1247,2027 1247,1990 1115,1973 231,1981"/>
                <Baseline points="238,2018 283,2018 328,2018 373,2018 417,2018 462,2018 507,2018 552,2018 597,2018 641,2015 686,2015 731,2015 776,2018 821,2015 865,2015 910,2015 955,2015 1000,2015 1044,2015 1089,2018 1134,2018 1179,2015 1224,2018 1250,2018"/>
                <Word id="r_10_tl_35_w1" custom="readingOrder {index:0;}">
                    <Coords points="226,1978 226,2038 370,2038 370,1978"/>
                    <TextEquiv>
                        <Unicode>stücken,</Unicode>
                    </TextEquiv>
                </Word>
                <Word id="r_10_tl_35_w2" custom="readingOrder {index:1;}">
                    <Coords points="401,1978 401,2038 453,2038 453,1978"/>
                    <TextEquiv>
                        <Unicode>als</Unicode>
                    </TextEquiv>
                </Word>
                <Word id="r_10_tl_35_w3" custom="readingOrder {index:2;}">
                    <Coords points="479,1978 479,2038 624,2038 624,1978"/>
                    <TextEquiv>
                        <Unicode>ledernen</Unicode>
                    </TextEquiv>
                </Word>
                <Word id="r_10_tl_35_w4" custom="readingOrder {index:3;}">
                    <Coords points="661,1975 661,2035 800,2035 800,1975"/>
                    <TextEquiv>
                        <Unicode>Hosen,</Unicode>
                    </TextEquiv>
                </Word>
                <Word id="r_10_tl_35_w5" custom="readingOrder {index:4;}">
                    <Coords points="831,1975 831,2035 986,2035 986,1975"/>
                    <TextEquiv>
                        <Unicode>wollenen</Unicode>
                    </TextEquiv>
                </Word>
                <Word id="r_10_tl_35_w6" custom="readingOrder {index:5;}">
                    <Coords points="1028,1978 1028,2038 1235,2038 1235,1978"/>
                    <TextEquiv>
                        <Unicode>Strümpfen</Unicode>
                    </TextEquiv>
                </Word>
                <TextEquiv>
                    <Unicode>stücken, als ledernen Hosen, wollenen Strümpfen</Unicode>
                </TextEquiv>
            </TextLine>
            <TextLine id="r_10_tl_36" custom="readingOrder {index:35;}">
                <Coords points="219,2077 1248,2078 1248,2035 1072,2022 219,2043"/>
                <Baseline points="226,2068 265,2068 310,2065 355,2065 400,2065 444,2065 489,2065 534,2065 579,2065 623,2063 668,2065 713,2065 758,2065 803,2065 847,2063 892,2065 937,2063 982,2063 1027,2065 1071,2065 1116,2065 1161,2065 1206,2065 1250,2065"/>
                <Word id="r_10_tl_36_w1" custom="readingOrder {index:0;}">
                    <Coords points="224,2028 224,2088 285,2088 285,2028"/>
                    <TextEquiv>
                        <Unicode>und</Unicode>
                    </TextEquiv>
                </Word>
                <Word id="r_10_tl_36_w2" custom="readingOrder {index:1;}">
                    <Coords points="322,2025 322,2085 483,2085 483,2025"/>
                    <TextEquiv>
                        <Unicode>Schuhen</Unicode>
                    </TextEquiv>
                </Word>
                <Word id="r_10_tl_36_w3" custom="readingOrder {index:2;}">
                    <Coords points="520,2025 520,2085 576,2085 576,2025"/>
                    <TextEquiv>
                        <Unicode>von</Unicode>
                    </TextEquiv>
                </Word>
                <Word id="r_10_tl_36_w4" custom="readingOrder {index:3;}">
                    <Coords points="618,2025 618,2085 732,2085 732,2025"/>
                    <TextEquiv>
                        <Unicode>solchem</Unicode>
                    </TextEquiv>
                </Word>
                <Word id="r_10_tl_36_w5" custom="readingOrder {index:4;}">
                    <Coords points="779,2025 779,2085 804,2085 804,2025"/>
                    <TextEquiv>
                        <Unicode>in</Unicode>
                    </TextEquiv>
                </Word>
                <Word id="r_10_tl_36_w6" custom="readingOrder {index:5;}">
                    <Coords points="847,2024 847,2084 945,2084 945,2024"/>
                    <TextEquiv>
                        <Unicode>dieser</Unicode>
                    </TextEquiv>
                </Word>
                <Word id="r_10_tl_36_w7" custom="readingOrder {index:6;}">
                    <Coords points="977,2025 977,2085 1095,2085 1095,2025"/>
                    <TextEquiv>
                        <Unicode>Grube</Unicode>
                    </TextEquiv>
                </Word>
                <Word id="r_10_tl_36_w8" custom="readingOrder {index:7;}">
                    <Coords points="1128,2025 1128,2085 1246,2085 1246,2025"/>
                    <TextEquiv>
                        <Unicode>verun¬</Unicode>
                    </TextEquiv>
                </Word>
                <TextEquiv>
                    <Unicode>und Schuhen von solchem in dieser Grube verun¬</Unicode>
                </TextEquiv>
            </TextLine>
            <TextLine id="r_10_tl_37" custom="readingOrder {index:36;}">
                <Coords points="224,2140 1241,2132 1241,2084 1202,2073 226,2080"/>
                <Baseline points="232,2119 277,2119 322,2119 367,2116 412,2113 456,2116 501,2113 546,2113 591,2113 635,2113 680,2116 725,2113 770,2113 815,2113 859,2113 904,2113 949,2113 994,2113 1038,2113 1083,2113 1128,2116 1173,2116 1218,2119 1244,2119"/>
                <Word id="r_10_tl_37_w1" custom="readingOrder {index:0;}">
                    <Coords points="224,2079 224,2139 361,2139 361,2079"/>
                    <TextEquiv>
                        <Unicode>glückten</Unicode>
                    </TextEquiv>
                </Word>
                <Word id="r_10_tl_37_w2" custom="readingOrder {index:1;}">
                    <Coords points="398,2075 398,2135 540,2135 540,2075"/>
                    <TextEquiv>
                        <Unicode>Gråber</Unicode>
                    </TextEquiv>
                </Word>
                <Word id="r_10_tl_37_w3" custom="readingOrder {index:2;}">
                    <Coords points="568,2073 568,2133 625,2133 625,2073"/>
                    <TextEquiv>
                        <Unicode>sind</Unicode>
                    </TextEquiv>
                </Word>
                <Word id="r_10_tl_37_w4" custom="readingOrder {index:3;}">
                    <Coords points="658,2073 658,2133 858,2133 858,2073"/>
                    <TextEquiv>
                        <Unicode>angetroffen</Unicode>
                    </TextEquiv>
                </Word>
                <Word id="r_10_tl_37_w5" custom="readingOrder {index:4;}">
                    <Coords points="895,2073 895,2133 1059,2133 1059,2073"/>
                    <TextEquiv>
                        <Unicode>worden,</Unicode>
                    </TextEquiv>
                </Word>
                <Word id="r_10_tl_37_w6" custom="readingOrder {index:5;}">
                    <Coords points="1091,2076 1091,2136 1244,2136 1244,2076"/>
                    <TextEquiv>
                        <Unicode>welcher,</Unicode>
                    </TextEquiv>
                </Word>
                <TextEquiv>
                    <Unicode>glückten Gråber sind angetroffen worden, welcher,</Unicode>
                </TextEquiv>
            </TextLine>
            <TextLine id="r_10_tl_38" custom="readingOrder {index:37;}">
                <Coords points="219,2179 1248,2187 1248,2132 1204,2125 219,2141"/>
                <Baseline points="226,2167 271,2167 316,2167 361,2167 406,2164 450,2167 495,2164 540,2167 585,2164 629,2167 674,2167 719,2164 764,2161 809,2161 853,2164 898,2161 943,2164 988,2161 1032,2164 1077,2164 1122,2164 1167,2164 1212,2167 1250,2170"/>
                <Word id="r_10_tl_38_w1" custom="readingOrder {index:0;}">
                    <Coords points="225,2127 225,2187 285,2187 285,2127"/>
                    <TextEquiv>
                        <Unicode>wie</Unicode>
                    </TextEquiv>
                </Word>
                <Word id="r_10_tl_38_w2" custom="readingOrder {index:1;}">
                    <Coords points="314,2127 314,2187 385,2187 385,2127"/>
                    <TextEquiv>
                        <Unicode>noch</Unicode>
                    </TextEquiv>
                </Word>
                <Word id="r_10_tl_38_w3" custom="readingOrder {index:2;}">
                    <Coords points="425,2126 425,2186 457,2186 457,2126"/>
                    <TextEquiv>
                        <Unicode>an</Unicode>
                    </TextEquiv>
                </Word>
                <Word id="r_10_tl_38_w4" custom="readingOrder {index:3;}">
                    <Coords points="491,2125 491,2185 546,2185 546,2125"/>
                    <TextEquiv>
                        <Unicode>dem</Unicode>
                    </TextEquiv>
                </Word>
                <Word id="r_10_tl_38_w5" custom="readingOrder {index:4;}">
                    <Coords points="586,2126 586,2186 652,2186 652,2126"/>
                    <TextEquiv>
                        <Unicode>Ort</Unicode>
                    </TextEquiv>
                </Word>
                <Word id="r_10_tl_38_w6" custom="readingOrder {index:5;}">
                    <Coords points="680,2125 680,2185 707,2185 707,2125"/>
                    <TextEquiv>
                        <Unicode>im</Unicode>
                    </TextEquiv>
                </Word>
                <Word id="r_10_tl_38_w7" custom="readingOrder {index:6;}">
                    <Coords points="752,2123 752,2183 957,2183 957,2123"/>
                    <TextEquiv>
                        <Unicode>Gedächtniß</Unicode>
                    </TextEquiv>
                </Word>
                <Word id="r_10_tl_38_w8" custom="readingOrder {index:7;}">
                    <Coords points="991,2124 991,2184 1156,2184 1156,2124"/>
                    <TextEquiv>
                        <Unicode>geblieben</Unicode>
                    </TextEquiv>
                </Word>
                <Word id="r_10_tl_38_w9" custom="readingOrder {index:8;}">
                    <Coords points="1190,2127 1190,2187 1245,2187 1245,2127"/>
                    <TextEquiv>
                        <Unicode>ist,</Unicode>
                    </TextEquiv>
                </Word>
                <TextEquiv>
                    <Unicode>wie noch an dem Ort im Gedächtniß geblieben ist,</Unicode>
                </TextEquiv>
            </TextLine>
            <TextLine id="r_10_tl_39" custom="readingOrder {index:38;}">
                <Coords points="219,2243 1248,2227 1248,2188 1101,2173 668,2202 219,2174"/>
                <Baseline points="226,2215 271,2215 316,2215 361,2218 406,2215 450,2215 495,2215 540,2215 585,2215 629,2215 674,2212 719,2209 764,2212 809,2209 853,2212 898,2215 943,2215 988,2215 1032,2215 1077,2215 1122,2215 1167,2215 1212,2218 1250,2221"/>
                <Word id="r_10_tl_39_w1" custom="readingOrder {index:0;}">
                    <Coords points="225,2175 225,2235 343,2235 343,2175"/>
                    <TextEquiv>
                        <Unicode>David</Unicode>
                    </TextEquiv>
                </Word>
                <Word id="r_10_tl_39_w2" custom="readingOrder {index:1;}">
                    <Coords points="371,2175 371,2235 516,2235 516,2175"/>
                    <TextEquiv>
                        <Unicode>geheißen</Unicode>
                    </TextEquiv>
                </Word>
                <Word id="r_10_tl_39_w3" custom="readingOrder {index:2;}">
                    <Coords points="549,2175 549,2235 619,2235 619,2175"/>
                    <TextEquiv>
                        <Unicode>hat.</Unicode>
                    </TextEquiv>
                </Word>
                <Word id="r_10_tl_39_w4" custom="readingOrder {index:3;}">
                    <Coords points="690,2169 690,2229 765,2229 765,2169"/>
                    <TextEquiv>
                        <Unicode>Die</Unicode>
                    </TextEquiv>
                </Word>
                <Word id="r_10_tl_39_w5" custom="readingOrder {index:4;}">
                    <Coords points="787,2172 787,2232 938,2232 938,2172"/>
                    <TextEquiv>
                        <Unicode>Gebeine</Unicode>
                    </TextEquiv>
                </Word>
                <Word id="r_10_tl_39_w6" custom="readingOrder {index:5;}">
                    <Coords points="960,2175 960,2235 1051,2235 1051,2175"/>
                    <TextEquiv>
                        <Unicode>sind,</Unicode>
                    </TextEquiv>
                </Word>
                <Word id="r_10_tl_39_w7" custom="readingOrder {index:6;}">
                    <Coords points="1079,2175 1079,2235 1127,2235 1127,2175"/>
                    <TextEquiv>
                        <Unicode>als</Unicode>
                    </TextEquiv>
                </Word>
                <Word id="r_10_tl_39_w8" custom="readingOrder {index:7;}">
                    <Coords points="1160,2176 1160,2236 1230,2236 1230,2176"/>
                    <TextEquiv>
                        <Unicode>man</Unicode>
                    </TextEquiv>
                </Word>
                <TextEquiv>
                    <Unicode>David geheißen hat. Die Gebeine sind, als man</Unicode>
                </TextEquiv>
            </TextLine>
            <TextLine id="r_10_tl_40" custom="readingOrder {index:39;}">
                <Coords points="219,2275 1235,2278 1235,2239 1156,2217 219,2243"/>
                <Baseline points="226,2263 271,2266 316,2266 361,2263 406,2263 450,2263 495,2263 540,2263 585,2263 629,2263 674,2263 719,2263 764,2263 809,2260 853,2263 898,2263 943,2263 988,2263 1032,2266 1077,2266 1122,2263 1167,2263 1212,2266 1238,2269"/>
                <Word id="r_10_tl_40_w1" custom="readingOrder {index:0;}">
                    <Coords points="225,2224 225,2284 285,2284 285,2224"/>
                    <TextEquiv>
                        <Unicode>auf</Unicode>
                    </TextEquiv>
                </Word>
                <Word id="r_10_tl_40_w2" custom="readingOrder {index:1;}">
                    <Coords points="308,2223 308,2283 457,2283 457,2223"/>
                    <TextEquiv>
                        <Unicode>dieselben</Unicode>
                    </TextEquiv>
                </Word>
                <Word id="r_10_tl_40_w3" custom="readingOrder {index:2;}">
                    <Coords points="485,2223 485,2283 562,2283 562,2223"/>
                    <TextEquiv>
                        <Unicode>stark</Unicode>
                    </TextEquiv>
                </Word>
                <Word id="r_10_tl_40_w4" custom="readingOrder {index:3;}">
                    <Coords points="590,2223 590,2283 767,2283 767,2223"/>
                    <TextEquiv>
                        <Unicode>geschlagen</Unicode>
                    </TextEquiv>
                </Word>
                <Word id="r_10_tl_40_w5" custom="readingOrder {index:4;}">
                    <Coords points="795,2221 795,2281 872,2281 872,2221"/>
                    <TextEquiv>
                        <Unicode>hat,</Unicode>
                    </TextEquiv>
                </Word>
                <Word id="r_10_tl_40_w6" custom="readingOrder {index:5;}">
                    <Coords points="901,2223 901,2283 922,2283 922,2223"/>
                    <TextEquiv>
                        <Unicode>so</Unicode>
                    </TextEquiv>
                </Word>
                <Word id="r_10_tl_40_w7" custom="readingOrder {index:6;}">
                    <Coords points="950,2223 950,2283 1027,2283 1027,2223"/>
                    <TextEquiv>
                        <Unicode>hart</Unicode>
                    </TextEquiv>
                </Word>
                <Word id="r_10_tl_40_w8" custom="readingOrder {index:7;}">
                    <Coords points="1045,2226 1045,2286 1094,2286 1094,2226"/>
                    <TextEquiv>
                        <Unicode>als</Unicode>
                    </TextEquiv>
                </Word>
                <Word id="r_10_tl_40_w9" custom="readingOrder {index:8;}">
                    <Coords points="1117,2223 1117,2283 1221,2283 1221,2223"/>
                    <TextEquiv>
                        <Unicode>Stein</Unicode>
                    </TextEquiv>
                </Word>
                <TextEquiv>
                    <Unicode>auf dieselben stark geschlagen hat, so hart als Stein</Unicode>
                </TextEquiv>
            </TextLine>
            <TextLine id="r_10_tl_41" custom="readingOrder {index:40;}">
                <Coords points="219,2322 1244,2331 1244,2278 1196,2268 1132,2305 1050,2271 219,2276"/>
                <Baseline points="226,2313 271,2313 316,2310 361,2310 406,2310 450,2310 495,2310 540,2310 585,2310 629,2307 674,2310 719,2310 764,2310 809,2310 853,2313 898,2310 943,2310 988,2310 1032,2310 1077,2313 1122,2313 1167,2313 1212,2316 1247,2316"/>
                <Word id="r_10_tl_41_w1" custom="readingOrder {index:0;}">
                    <Coords points="224,2273 224,2333 282,2333 282,2273"/>
                    <TextEquiv>
                        <Unicode>das</Unicode>
                    </TextEquiv>
                </Word>
                <Word id="r_10_tl_41_w2" custom="readingOrder {index:1;}">
                    <Coords points="309,2270 309,2330 436,2330 436,2270"/>
                    <TextEquiv>
                        <Unicode>Gehirn</Unicode>
                    </TextEquiv>
                </Word>
                <Word id="r_10_tl_41_w3" custom="readingOrder {index:2;}">
                    <Coords points="468,2270 468,2330 541,2330 541,2270"/>
                    <TextEquiv>
                        <Unicode>aber</Unicode>
                    </TextEquiv>
                </Word>
                <Word id="r_10_tl_41_w4" custom="readingOrder {index:3;}">
                    <Coords points="569,2270 569,2330 600,2330 600,2270"/>
                    <TextEquiv>
                        <Unicode>ist</Unicode>
                    </TextEquiv>
                </Word>
                <Word id="r_10_tl_41_w5" custom="readingOrder {index:4;}">
                    <Coords points="622,2269 622,2329 711,2329 711,2269"/>
                    <TextEquiv>
                        <Unicode>weich</Unicode>
                    </TextEquiv>
                </Word>
                <Word id="r_10_tl_41_w6" custom="readingOrder {index:5;}">
                    <Coords points="744,2270 744,2330 802,2330 802,2270"/>
                    <TextEquiv>
                        <Unicode>und</Unicode>
                    </TextEquiv>
                </Word>
                <Word id="r_10_tl_41_w7" custom="readingOrder {index:6;}">
                    <Coords points="829,2271 829,2331 908,2331 908,2271"/>
                    <TextEquiv>
                        <Unicode>weiß</Unicode>
                    </TextEquiv>
                </Word>
                <Word id="r_10_tl_41_w8" custom="readingOrder {index:7;}">
                    <Coords points="935,2270 935,2330 1094,2330 1094,2270"/>
                    <TextEquiv>
                        <Unicode>gewesen.</Unicode>
                    </TextEquiv>
                </Word>
                <Word id="r_10_tl_41_w9" custom="readingOrder {index:8;}">
                    <Coords points="1174,2275 1174,2335 1242,2335 1242,2275"/>
                    <TextEquiv>
                        <Unicode>Auf</Unicode>
                    </TextEquiv>
                </Word>
                <TextEquiv>
                    <Unicode>das Gehirn aber ist weich und weiß gewesen. Auf</Unicode>
                </TextEquiv>
            </TextLine>
            <TextLine id="r_10_tl_42" custom="readingOrder {index:41;}">
                <Coords points="222,2373 1247,2371 1247,2332 1155,2315 222,2324"/>
                <Baseline points="229,2364 274,2364 319,2361 364,2361 409,2358 453,2355 498,2358 543,2358 588,2355 632,2355 677,2355 722,2355 767,2358 812,2358 856,2361 901,2361 946,2361 991,2361 1035,2361 1080,2364 1125,2364 1170,2364 1215,2364 1250,2364"/>
                <Word id="r_10_tl_42_w1" custom="readingOrder {index:0;}">
                    <Coords points="227,2323 227,2383 343,2383 343,2323"/>
                    <TextEquiv>
                        <Unicode>Kosten</Unicode>
                    </TextEquiv>
                </Word>
                <Word id="r_10_tl_42_w2" custom="readingOrder {index:1;}">
                    <Coords points="375,2318 375,2378 427,2378 427,2318"/>
                    <TextEquiv>
                        <Unicode>der</Unicode>
                    </TextEquiv>
                </Word>
                <Word id="r_10_tl_42_w3" custom="readingOrder {index:2;}">
                    <Coords points="454,2318 454,2378 575,2378 575,2318"/>
                    <TextEquiv>
                        <Unicode>Eigner</Unicode>
                    </TextEquiv>
                </Word>
                <Word id="r_10_tl_42_w4" custom="readingOrder {index:3;}">
                    <Coords points="602,2315 602,2375 649,2375 649,2315"/>
                    <TextEquiv>
                        <Unicode>der</Unicode>
                    </TextEquiv>
                </Word>
                <Word id="r_10_tl_42_w5" custom="readingOrder {index:4;}">
                    <Coords points="676,2316 676,2376 817,2376 817,2316"/>
                    <TextEquiv>
                        <Unicode>Grube,</Unicode>
                    </TextEquiv>
                </Word>
                <Word id="r_10_tl_42_w6" custom="readingOrder {index:5;}">
                    <Coords points="850,2321 850,2381 912,2381 912,2321"/>
                    <TextEquiv>
                        <Unicode>hat</Unicode>
                    </TextEquiv>
                </Word>
                <Word id="r_10_tl_42_w7" custom="readingOrder {index:6;}">
                    <Coords points="934,2321 934,2381 1002,2381 1002,2321"/>
                    <TextEquiv>
                        <Unicode>man</Unicode>
                    </TextEquiv>
                </Word>
                <Word id="r_10_tl_42_w8" custom="readingOrder {index:7;}">
                    <Coords points="1034,2324 1034,2384 1239,2384 1239,2324"/>
                    <TextEquiv>
                        <Unicode>itztgedachte</Unicode>
                    </TextEquiv>
                </Word>
                <TextEquiv>
                    <Unicode>Kosten der Eigner der Grube, hat man itztgedachte</Unicode>
                </TextEquiv>
            </TextLine>
            <TextLine id="r_10_tl_43" custom="readingOrder {index:42;}">
                <Coords points="216,2421 1241,2429 1208,2373 216,2372"/>
                <Baseline points="223,2415 268,2415 313,2412 358,2412 403,2409 447,2406 492,2406 537,2406 582,2406 626,2406 671,2406 716,2406 761,2409 806,2412 850,2412 895,2412 940,2412 985,2412 1030,2412 1074,2412 1119,2412 1164,2415 1209,2415 1244,2418"/>
                <Word id="r_10_tl_43_w1" custom="readingOrder {index:0;}">
                    <Coords points="222,2372 222,2432 466,2432 466,2372"/>
                    <TextEquiv>
                        <Unicode>Ueberbleibsel</Unicode>
                    </TextEquiv>
                </Word>
                <Word id="r_10_tl_43_w2" custom="readingOrder {index:1;}">
                    <Coords points="483,2366 483,2426 533,2426 533,2366"/>
                    <TextEquiv>
                        <Unicode>der</Unicode>
                    </TextEquiv>
                </Word>
                <Word id="r_10_tl_43_w3" custom="readingOrder {index:2;}">
                    <Coords points="555,2371 555,2431 1049,2431 1049,2371"/>
                    <TextEquiv>
                        <Unicode>anderthalbhundertjährigen</Unicode>
                    </TextEquiv>
                </Word>
                <Word id="r_10_tl_43_w4" custom="readingOrder {index:3;}">
                    <Coords points="1078,2372 1078,2432 1182,2432 1182,2372"/>
                    <TextEquiv>
                        <Unicode>Leiche</Unicode>
                    </TextEquiv>
                </Word>
                <Word id="r_10_tl_43_w5" custom="readingOrder {index:4;}">
                    <Coords points="1205,2375 1205,2435 1227,2435 1227,2375"/>
                    <TextEquiv>
                        <Unicode>in</Unicode>
                    </TextEquiv>
                </Word>
                <TextEquiv>
                    <Unicode>Ueberbleibsel der anderthalbhundertjährigen Leiche in</Unicode>
                </TextEquiv>
            </TextLine>
            <TextLine id="r_10_tl_44" custom="readingOrder {index:43;}">
                <Coords points="219,2500 511,2467 824,2480 874,2467 875,2434 611,2414 220,2437"/>
                <Baseline points="226,2466 250,2466 295,2466 340,2463 385,2460 429,2463 474,2457 519,2457 564,2454 609,2454 653,2454 698,2454 743,2454 788,2457 832,2460 877,2460"/>
                <Word id="r_10_tl_44_w1" custom="readingOrder {index:0;}">
                    <Coords points="226,2426 226,2486 316,2486 316,2426"/>
                    <TextEquiv>
                        <Unicode>einem</Unicode>
                    </TextEquiv>
                </Word>
                <Word id="r_10_tl_44_w2" custom="readingOrder {index:1;}">
                    <Coords points="357,2422 357,2482 477,2482 477,2422"/>
                    <TextEquiv>
                        <Unicode>Sarge</Unicode>
                    </TextEquiv>
                </Word>
                <Word id="r_10_tl_44_w3" custom="readingOrder {index:2;}">
                    <Coords points="500,2414 500,2474 677,2474 677,2414"/>
                    <TextEquiv>
                        <Unicode>ansehnlich</Unicode>
                    </TextEquiv>
                </Word>
                <Word id="r_10_tl_44_w4" custom="readingOrder {index:3;}">
                    <Coords points="707,2416 707,2476 866,2476 866,2416"/>
                    <TextEquiv>
                        <Unicode>beerdigt.</Unicode>
                    </TextEquiv>
                </Word>
                <TextEquiv>
                    <Unicode>einem Sarge ansehnlich beerdigt.</Unicode>
                </TextEquiv>
            </TextLine>
            <TextLine id="r_10_tl_45" custom="readingOrder {index:44;}">
                <Coords points="425,2526 1047,2519 1047,2475 1025,2468 425,2475"/>
                <Baseline points="432,2513 468,2507 513,2510 558,2507 603,2504 647,2504 692,2504 737,2504 782,2507 826,2507 871,2510 916,2510 961,2510 1006,2510 1050,2510"/>
                <Word id="r_10_tl_45_w1" custom="readingOrder {index:0;}">
                    <Coords points="431,2465 431,2525 724,2525 724,2465"/>
                    <TextEquiv>
                        <Unicode>Sundswall,</Unicode>
                    </TextEquiv>
                </Word>
                <Word id="r_10_tl_45_w2" custom="readingOrder {index:1;}">
                    <Coords points="747,2466 747,2526 801,2526 801,2466"/>
                    <TextEquiv>
                        <Unicode>den</Unicode>
                    </TextEquiv>
                </Word>
                <Word id="r_10_tl_45_w3" custom="readingOrder {index:2;}">
                    <Coords points="835,2469 835,2529 901,2529 901,2469"/>
                    <TextEquiv>
                        <Unicode>23.</Unicode>
                    </TextEquiv>
                </Word>
                <Word id="r_10_tl_45_w4" custom="readingOrder {index:3;}">
                    <Coords points="929,2470 929,2530 1039,2530 1039,2470"/>
                    <TextEquiv>
                        <Unicode>Sept.</Unicode>
                    </TextEquiv>
                </Word>
                <TextEquiv>
                    <Unicode>Sundswall, den 23. Sept.</Unicode>
                </TextEquiv>
            </TextLine>
            <TextLine id="r_10_tl_46" custom="readingOrder {index:45;}">
                <Coords points="267,2563 1247,2576 1246,2507 266,2521"/>
                <Baseline points="274,2561 319,2558 364,2561 409,2558 453,2561 498,2558 543,2558 588,2555 632,2555 677,2552 722,2552 767,2552 812,2555 856,2558 901,2558 946,2561 991,2561 1035,2558 1080,2558 1125,2558 1170,2558 1215,2561 1250,2561"/>
                <Word id="r_10_tl_46_w1" custom="readingOrder {index:0;}">
                    <Coords points="272,2518 272,2578 345,2578 345,2518"/>
                    <TextEquiv>
                        <Unicode>Den</Unicode>
                    </TextEquiv>
                </Word>
                <Word id="r_10_tl_46_w2" custom="readingOrder {index:1;}">
                    <Coords points="380,2519 380,2579 487,2579 487,2519"/>
                    <TextEquiv>
                        <Unicode>24sten</Unicode>
                    </TextEquiv>
                </Word>
                <Word id="r_10_tl_46_w3" custom="readingOrder {index:2;}">
                    <Coords points="515,2515 515,2575 645,2575 645,2515"/>
                    <TextEquiv>
                        <Unicode>August</Unicode>
                    </TextEquiv>
                </Word>
                <Word id="r_10_tl_46_w4" custom="readingOrder {index:3;}">
                    <Coords points="662,2512 662,2572 718,2572 718,2512"/>
                    <TextEquiv>
                        <Unicode>hat</Unicode>
                    </TextEquiv>
                </Word>
                <Word id="r_10_tl_46_w5" custom="readingOrder {index:4;}">
                    <Coords points="742,2512 742,2572 786,2572 786,2512"/>
                    <TextEquiv>
                        <Unicode>der</Unicode>
                    </TextEquiv>
                </Word>
                <Word id="r_10_tl_46_w6" custom="readingOrder {index:5;}">
                    <Coords points="815,2518 815,2578 1006,2578 1006,2518"/>
                    <TextEquiv>
                        <Unicode>Rathmann</Unicode>
                    </TextEquiv>
                </Word>
                <Word id="r_10_tl_46_w7" custom="readingOrder {index:6;}">
                    <Coords points="1035,2518 1035,2578 1136,2578 1136,2518"/>
                    <TextEquiv>
                        <Unicode>Peter</Unicode>
                    </TextEquiv>
                </Word>
                <Word id="r_10_tl_46_w8" custom="readingOrder {index:7;}">
                    <Coords points="1160,2520 1160,2580 1244,2580 1244,2520"/>
                    <TextEquiv>
                        <Unicode>Mo=</Unicode>
                    </TextEquiv>
                </Word>
                <TextEquiv>
                    <Unicode>Den 24sten August hat der Rathmann Peter Mo=</Unicode>
                </TextEquiv>
            </TextLine>
            <TextLine id="r_10_tl_47" custom="readingOrder {index:46;}">
                <Coords points="219,2616 1238,2618 1238,2570 219,2568"/>
                <Baseline points="226,2609 271,2612 316,2609 361,2609 406,2609 450,2609 495,2609 540,2609 585,2606 629,2603 674,2603 719,2600 764,2603 809,2603 853,2606 898,2606 943,2609 988,2612 1032,2609 1077,2612 1122,2609 1167,2612 1212,2612 1241,2615"/>
                <Word id="r_10_tl_47_w1" custom="readingOrder {index:0;}">
                    <Coords points="224,2571 224,2631 292,2631 292,2571"/>
                    <TextEquiv>
                        <Unicode>deen</Unicode>
                    </TextEquiv>
                </Word>
                <Word id="r_10_tl_47_w2" custom="readingOrder {index:1;}">
                    <Coords points="325,2569 325,2629 393,2629 393,2569"/>
                    <TextEquiv>
                        <Unicode>eine</Unicode>
                    </TextEquiv>
                </Word>
                <Word id="r_10_tl_47_w3" custom="readingOrder {index:2;}">
                    <Coords points="415,2569 415,2629 568,2629 568,2569"/>
                    <TextEquiv>
                        <Unicode>Fregatte</Unicode>
                    </TextEquiv>
                </Word>
                <Word id="r_10_tl_47_w4" custom="readingOrder {index:3;}">
                    <Coords points="595,2563 595,2623 647,2623 647,2563"/>
                    <TextEquiv>
                        <Unicode>vom</Unicode>
                    </TextEquiv>
                </Word>
                <Word id="r_10_tl_47_w5" custom="readingOrder {index:4;}">
                    <Coords points="690,2562 690,2622 817,2622 817,2562"/>
                    <TextEquiv>
                        <Unicode>Stapel</Unicode>
                    </TextEquiv>
                </Word>
                <Word id="r_10_tl_47_w6" custom="readingOrder {index:5;}">
                    <Coords points="839,2566 839,2626 945,2626 945,2566"/>
                    <TextEquiv>
                        <Unicode>laufen</Unicode>
                    </TextEquiv>
                </Word>
                <Word id="r_10_tl_47_w7" custom="readingOrder {index:6;}">
                    <Coords points="972,2569 972,2629 1093,2629 1093,2569"/>
                    <TextEquiv>
                        <Unicode>laßen,</Unicode>
                    </TextEquiv>
                </Word>
                <Word id="r_10_tl_47_w8" custom="readingOrder {index:7;}">
                    <Coords points="1125,2572 1125,2632 1241,2632 1241,2572"/>
                    <TextEquiv>
                        <Unicode>welche</Unicode>
                    </TextEquiv>
                </Word>
                <TextEquiv>
                    <Unicode>deen eine Fregatte vom Stapel laufen laßen, welche</Unicode>
                </TextEquiv>
            </TextLine>
            <TextLine id="r_10_tl_48" custom="readingOrder {index:47;}">
                <Coords points="213,2669 1238,2670 1189,2617 213,2643"/>
                <Baseline points="220,2660 265,2660 310,2660 355,2660 400,2657 444,2657 489,2660 534,2657 579,2657 623,2657 668,2654 713,2654 758,2651 803,2654 847,2654 892,2657 937,2660 982,2657 1027,2660 1071,2660 1116,2660 1161,2660 1206,2663 1241,2663"/>
                <Word id="r_10_tl_48_w1" custom="readingOrder {index:0;}">
                    <Coords points="220,2620 220,2680 285,2680 285,2620"/>
                    <TextEquiv>
                        <Unicode>200</Unicode>
                    </TextEquiv>
                </Word>
                <Word id="r_10_tl_48_w2" custom="readingOrder {index:1;}">
                    <Coords points="315,2618 315,2678 445,2678 445,2618"/>
                    <TextEquiv>
                        <Unicode>schwere</Unicode>
                    </TextEquiv>
                </Word>
                <Word id="r_10_tl_48_w3" custom="readingOrder {index:2;}">
                    <Coords points="469,2617 469,2677 570,2677 570,2617"/>
                    <TextEquiv>
                        <Unicode>Lasten</Unicode>
                    </TextEquiv>
                </Word>
                <Word id="r_10_tl_48_w4" custom="readingOrder {index:3;}">
                    <Coords points="600,2614 600,2674 712,2674 712,2614"/>
                    <TextEquiv>
                        <Unicode>tragen</Unicode>
                    </TextEquiv>
                </Word>
                <Word id="r_10_tl_48_w5" custom="readingOrder {index:4;}">
                    <Coords points="749,2614 749,2674 860,2674 860,2614"/>
                    <TextEquiv>
                        <Unicode>kann,</Unicode>
                    </TextEquiv>
                </Word>
                <Word id="r_10_tl_48_w6" custom="readingOrder {index:5;}">
                    <Coords points="885,2619 885,2679 967,2679 967,2619"/>
                    <TextEquiv>
                        <Unicode>zwey</Unicode>
                    </TextEquiv>
                </Word>
                <Word id="r_10_tl_48_w7" custom="readingOrder {index:6;}">
                    <Coords points="998,2620 998,2680 1151,2680 1151,2620"/>
                    <TextEquiv>
                        <Unicode>Decken,</Unicode>
                    </TextEquiv>
                </Word>
                <Word id="r_10_tl_48_w8" custom="readingOrder {index:7;}">
                    <Coords points="1182,2623 1182,2683 1240,2683 1240,2623"/>
                    <TextEquiv>
                        <Unicode>im=</Unicode>
                    </TextEquiv>
                </Word>
                <TextEquiv>
                    <Unicode>200 schwere Lasten tragen kann, zwey Decken, im=</Unicode>
                </TextEquiv>
            </TextLine>
            <TextLine id="r_10_tl_49" custom="readingOrder {index:48;}">
                <Coords points="213,2731 1235,2726 1235,2678 1095,2664 213,2669"/>
                <Baseline points="220,2710 265,2710 310,2707 355,2707 400,2704 444,2707 489,2707 534,2707 579,2704 623,2704 668,2704 713,2704 758,2701 803,2701 847,2701 892,2704 937,2707 982,2707 1027,2710 1071,2710 1116,2710 1161,2710 1206,2710 1238,2710"/>
                <Word id="r_10_tl_49_w1" custom="readingOrder {index:0;}">
                    <Coords points="218,2668 218,2728 350,2728 350,2668"/>
                    <TextEquiv>
                        <Unicode>gleichen</Unicode>
                    </TextEquiv>
                </Word>
                <Word id="r_10_tl_49_w2" custom="readingOrder {index:1;}">
                    <Coords points="383,2666 383,2726 483,2726 483,2666"/>
                    <TextEquiv>
                        <Unicode>Bank</Unicode>
                    </TextEquiv>
                </Word>
                <Word id="r_10_tl_49_w3" custom="readingOrder {index:2;}">
                    <Coords points="516,2666 516,2726 573,2726 573,2666"/>
                    <TextEquiv>
                        <Unicode>und</Unicode>
                    </TextEquiv>
                </Word>
                <Word id="r_10_tl_49_w4" custom="readingOrder {index:3;}">
                    <Coords points="601,2664 601,2724 760,2724 760,2664"/>
                    <TextEquiv>
                        <Unicode>Schanze</Unicode>
                    </TextEquiv>
                </Word>
                <Word id="r_10_tl_49_w5" custom="readingOrder {index:4;}">
                    <Coords points="787,2661 787,2721 872,2721 872,2661"/>
                    <TextEquiv>
                        <Unicode>hat,</Unicode>
                    </TextEquiv>
                </Word>
                <Word id="r_10_tl_49_w6" custom="readingOrder {index:5;}">
                    <Coords points="899,2666 899,2726 962,2726 962,2666"/>
                    <TextEquiv>
                        <Unicode>und</Unicode>
                    </TextEquiv>
                </Word>
                <Word id="r_10_tl_49_w7" custom="readingOrder {index:6;}">
                    <Coords points="994,2669 994,2729 1031,2729 1031,2669"/>
                    <TextEquiv>
                        <Unicode>24</Unicode>
                    </TextEquiv>
                </Word>
                <Word id="r_10_tl_49_w8" custom="readingOrder {index:7;}">
                    <Coords points="1069,2670 1069,2730 1227,2730 1227,2670"/>
                    <TextEquiv>
                        <Unicode>Kanonen</Unicode>
                    </TextEquiv>
                </Word>
                <TextEquiv>
                    <Unicode>gleichen Bank und Schanze hat, und 24 Kanonen</Unicode>
                </TextEquiv>
            </TextLine>
            <TextLine id="r_10_tl_50" custom="readingOrder {index:49;}">
                <Coords points="228,2771 1235,2771 1226,2731 1056,2713 228,2725"/>
                <Baseline points="235,2761 253,2758 298,2755 343,2755 388,2755 432,2755 477,2752 522,2752 567,2752 612,2755 656,2752 701,2752 746,2752 791,2752 835,2752 880,2752 925,2755 970,2758 1015,2758 1059,2761 1104,2761 1149,2761 1194,2761 1238,2758"/>
                <Word id="r_10_tl_50_w1" custom="readingOrder {index:0;}">
                    <Coords points="224,2716 224,2776 337,2776 337,2716"/>
                    <TextEquiv>
                        <Unicode>führen</Unicode>
                    </TextEquiv>
                </Word>
                <Word id="r_10_tl_50_w2" custom="readingOrder {index:1;}">
                    <Coords points="368,2715 368,2775 440,2775 440,2715"/>
                    <TextEquiv>
                        <Unicode>soll.</Unicode>
                    </TextEquiv>
                </Word>
                <Word id="r_10_tl_50_w3" custom="readingOrder {index:2;}">
                    <Coords points="507,2712 507,2772 555,2772 555,2712"/>
                    <TextEquiv>
                        <Unicode>Es</Unicode>
                    </TextEquiv>
                </Word>
                <Word id="r_10_tl_50_w4" custom="readingOrder {index:3;}">
                    <Coords points="586,2712 586,2772 724,2772 724,2712"/>
                    <TextEquiv>
                        <Unicode>erhellet</Unicode>
                    </TextEquiv>
                </Word>
                <Word id="r_10_tl_50_w5" custom="readingOrder {index:4;}">
                    <Coords points="749,2712 749,2772 911,2772 911,2712"/>
                    <TextEquiv>
                        <Unicode>hieraus,</Unicode>
                    </TextEquiv>
                </Word>
                <Word id="r_10_tl_50_w6" custom="readingOrder {index:5;}">
                    <Coords points="936,2717 936,2777 995,2777 995,2717"/>
                    <TextEquiv>
                        <Unicode>daß</Unicode>
                    </TextEquiv>
                </Word>
                <Word id="r_10_tl_50_w7" custom="readingOrder {index:6;}">
                    <Coords points="1032,2720 1032,2780 1080,2780 1080,2720"/>
                    <TextEquiv>
                        <Unicode>die</Unicode>
                    </TextEquiv>
                </Word>
                <Word id="r_10_tl_50_w8" custom="readingOrder {index:7;}">
                    <Coords points="1105,2721 1105,2781 1219,2781 1219,2721"/>
                    <TextEquiv>
                        <Unicode>kleinen</Unicode>
                    </TextEquiv>
                </Word>
                <TextEquiv>
                    <Unicode>führen soll. Es erhellet hieraus, daß die kleinen</Unicode>
                </TextEquiv>
            </TextLine>
            <TextLine id="r_10_tl_51" custom="readingOrder {index:50;}">
                <Coords points="213,2815 1242,2817 1242,2780 1101,2762 213,2778"/>
                <Baseline points="220,2809 265,2806 310,2806 355,2806 400,2806 444,2803 489,2803 534,2803 579,2803 623,2803 668,2803 713,2803 758,2800 803,2800 847,2800 892,2800 937,2800 982,2803 1027,2806 1071,2806 1116,2809 1161,2809 1206,2809 1244,2812"/>
                <Word id="r_10_tl_51_w1" custom="readingOrder {index:0;}">
                    <Coords points="215,2766 215,2826 431,2826 431,2766"/>
                    <TextEquiv>
                        <Unicode>schwedischen</Unicode>
                    </TextEquiv>
                </Word>
                <Word id="r_10_tl_51_w2" custom="readingOrder {index:1;}">
                    <Coords points="463,2763 463,2823 593,2823 593,2763"/>
                    <TextEquiv>
                        <Unicode>Städte</Unicode>
                    </TextEquiv>
                </Word>
                <Word id="r_10_tl_51_w3" custom="readingOrder {index:2;}">
                    <Coords points="618,2763 618,2823 667,2823 667,2763"/>
                    <TextEquiv>
                        <Unicode>sich</Unicode>
                    </TextEquiv>
                </Word>
                <Word id="r_10_tl_51_w4" custom="readingOrder {index:3;}">
                    <Coords points="693,2760 693,2820 847,2820 847,2760"/>
                    <TextEquiv>
                        <Unicode>ebenfalls</Unicode>
                    </TextEquiv>
                </Word>
                <Word id="r_10_tl_51_w5" custom="readingOrder {index:4;}">
                    <Coords points="885,2760 885,2820 940,2820 940,2760"/>
                    <TextEquiv>
                        <Unicode>auf</Unicode>
                    </TextEquiv>
                </Word>
                <Word id="r_10_tl_51_w6" custom="readingOrder {index:5;}">
                    <Coords points="972,2763 972,2823 1015,2823 1015,2763"/>
                    <TextEquiv>
                        <Unicode>die</Unicode>
                    </TextEquiv>
                </Word>
                <Word id="r_10_tl_51_w7" custom="readingOrder {index:6;}">
                    <Coords points="1040,2769 1040,2829 1232,2829 1232,2769"/>
                    <TextEquiv>
                        <Unicode>Schiffahrt</Unicode>
                    </TextEquiv>
                </Word>
                <TextEquiv>
                    <Unicode>schwedischen Städte sich ebenfalls auf die Schiffahrt</Unicode>
                </TextEquiv>
            </TextLine>
            <TextLine id="r_10_tl_52" custom="readingOrder {index:51;}">
                <Coords points="216,2867 1235,2869 1204,2814 216,2818"/>
                <Baseline points="223,2860 253,2857 298,2857 343,2854 388,2857 432,2854 477,2854 522,2854 567,2854 612,2857 656,2854 701,2854 746,2854 791,2851 835,2851 880,2851 925,2851 970,2854 1015,2857 1059,2857 1104,2860 1149,2857 1194,2857 1238,2857"/>
                <Word id="r_10_tl_52_w1" custom="readingOrder {index:0;}">
                    <Coords points="216,2817 216,2877 324,2877 324,2817"/>
                    <TextEquiv>
                        <Unicode>legen,</Unicode>
                    </TextEquiv>
                </Word>
                <Word id="r_10_tl_52_w2" custom="readingOrder {index:1;}">
                    <Coords points="352,2814 352,2874 486,2874 486,2814"/>
                    <TextEquiv>
                        <Unicode>nachdem</Unicode>
                    </TextEquiv>
                </Word>
                <Word id="r_10_tl_52_w3" custom="readingOrder {index:2;}">
                    <Coords points="530,2814 530,2874 567,2874 567,2814"/>
                    <TextEquiv>
                        <Unicode>sie</Unicode>
                    </TextEquiv>
                </Word>
                <Word id="r_10_tl_52_w4" custom="readingOrder {index:3;}">
                    <Coords points="589,2815 589,2875 675,2875 675,2815"/>
                    <TextEquiv>
                        <Unicode>durch</Unicode>
                    </TextEquiv>
                </Word>
                <Word id="r_10_tl_52_w5" custom="readingOrder {index:4;}">
                    <Coords points="703,2814 703,2874 773,2874 773,2814"/>
                    <TextEquiv>
                        <Unicode>ihre</Unicode>
                    </TextEquiv>
                </Word>
                <Word id="r_10_tl_52_w6" custom="readingOrder {index:5;}">
                    <Coords points="795,2814 795,2874 1162,2874 1162,2814"/>
                    <TextEquiv>
                        <Unicode>Reichstagsdeputirte</Unicode>
                    </TextEquiv>
                </Word>
                <Word id="r_10_tl_52_w7" custom="readingOrder {index:6;}">
                    <Coords points="1184,2817 1184,2877 1232,2877 1232,2817"/>
                    <TextEquiv>
                        <Unicode>be¬</Unicode>
                    </TextEquiv>
                </Word>
                <TextEquiv>
                    <Unicode>legen, nachdem sie durch ihre Reichstagsdeputirte be¬</Unicode>
                </TextEquiv>
            </TextLine>
            <TextLine id="r_10_tl_53" custom="readingOrder {index:52;}">
                <Coords points="213,2941 1235,2918 1235,2870 1191,2865 213,2865"/>
                <Baseline points="220,2907 265,2907 310,2910 355,2910 400,2907 444,2907 489,2907 534,2907 579,2907 623,2907 668,2907 713,2907 758,2904 803,2901 847,2901 892,2904 937,2904 982,2907 1027,2910 1071,2910 1116,2910 1161,2910 1206,2910 1238,2907"/>
                <Word id="r_10_tl_53_w1" custom="readingOrder {index:0;}">
                    <Coords points="215,2867 215,2927 319,2927 319,2867"/>
                    <TextEquiv>
                        <Unicode>leyret</Unicode>
                    </TextEquiv>
                </Word>
                <Word id="r_10_tl_53_w2" custom="readingOrder {index:1;}">
                    <Coords points="344,2867 344,2927 467,2927 467,2867"/>
                    <TextEquiv>
                        <Unicode>worden</Unicode>
                    </TextEquiv>
                </Word>
                <Word id="r_10_tl_53_w3" custom="readingOrder {index:2;}">
                    <Coords points="498,2867 498,2927 584,2927 584,2867"/>
                    <TextEquiv>
                        <Unicode>sind,</Unicode>
                    </TextEquiv>
                </Word>
                <Word id="r_10_tl_53_w4" custom="readingOrder {index:3;}">
                    <Coords points="609,2867 609,2927 664,2927 664,2867"/>
                    <TextEquiv>
                        <Unicode>daß</Unicode>
                    </TextEquiv>
                </Word>
                <Word id="r_10_tl_53_w5" custom="readingOrder {index:4;}">
                    <Coords points="689,2866 689,2926 738,2926 738,2866"/>
                    <TextEquiv>
                        <Unicode>die</Unicode>
                    </TextEquiv>
                </Word>
                <Word id="r_10_tl_53_w6" custom="readingOrder {index:5;}">
                    <Coords points="757,2861 757,2921 959,2921 959,2861"/>
                    <TextEquiv>
                        <Unicode>schwedische</Unicode>
                    </TextEquiv>
                </Word>
                <Word id="r_10_tl_53_w7" custom="readingOrder {index:6;}">
                    <Coords points="986,2870 986,2930 1132,2930 1132,2870"/>
                    <TextEquiv>
                        <Unicode>Schiffe,</Unicode>
                    </TextEquiv>
                </Word>
                <Word id="r_10_tl_53_w8" custom="readingOrder {index:7;}">
                    <Coords points="1158,2870 1158,2930 1231,2930 1231,2870"/>
                    <TextEquiv>
                        <Unicode>wel=</Unicode>
                    </TextEquiv>
                </Word>
                <TextEquiv>
                    <Unicode>leyret worden sind, daß die schwedische Schiffe, wel=</Unicode>
                </TextEquiv>
            </TextLine>
            <TextEquiv>
                <Unicode></Unicode>
            </TextEquiv>
        </TextRegion>
        <TextRegion id="r_22" custom="readingOrder {index:1;}">
            <Coords points="1271,301 2334,296 2334,1817 1264,1817"/>
            <TextLine id="r_22_tl_1" custom="readingOrder {index:0;}">
                <Coords points="1277,359 2288,398 2302,324 1274,289"/>
                <Baseline points="1283,349 1328,349 1373,349 1418,352 1462,355 1507,355 1552,361 1597,361 1642,361 1686,364 1731,364 1776,367 1821,367 1865,367 1910,367 1955,364 2000,364 2045,364 2089,367 2134,367 2179,370 2224,373 2269,376 2307,376"/>
                <Word id="r_22_tl_1_w1" custom="readingOrder {index:0;}">
                    <Coords points="1277,309 1277,369 1329,369 1329,309"/>
                    <TextEquiv>
                        <Unicode>che</Unicode>
                    </TextEquiv>
                </Word>
                <Word id="r_22_tl_1_w2" custom="readingOrder {index:1;}">
                    <Coords points="1350,309 1350,369 1376,369 1376,309"/>
                    <TextEquiv>
                        <Unicode>in</Unicode>
                    </TextEquiv>
                </Word>
                <Word id="r_22_tl_1_w3" custom="readingOrder {index:2;}">
                    <Coords points="1410,313 1410,373 1456,373 1456,313"/>
                    <TextEquiv>
                        <Unicode>dem</Unicode>
                    </TextEquiv>
                </Word>
                <Word id="r_22_tl_1_w4" custom="readingOrder {index:3;}">
                    <Coords points="1497,320 1497,380 1596,380 1596,320"/>
                    <TextEquiv>
                        <Unicode>letzten</Unicode>
                    </TextEquiv>
                </Word>
                <Word id="r_22_tl_1_w5" custom="readingOrder {index:4;}">
                    <Coords points="1631,324 1631,384 1750,384 1750,324"/>
                    <TextEquiv>
                        <Unicode>Kriege</Unicode>
                    </TextEquiv>
                </Word>
                <Word id="r_22_tl_1_w6" custom="readingOrder {index:5;}">
                    <Coords points="1771,327 1771,387 1830,387 1830,327"/>
                    <TextEquiv>
                        <Unicode>mit</Unicode>
                    </TextEquiv>
                </Word>
                <Word id="r_22_tl_1_w7" custom="readingOrder {index:6;}">
                    <Coords points="1851,327 1851,387 1937,387 1937,327"/>
                    <TextEquiv>
                        <Unicode>einer</Unicode>
                    </TextEquiv>
                </Word>
                <Word id="r_22_tl_1_w8" custom="readingOrder {index:7;}">
                    <Coords points="1965,324 1965,384 2064,384 2064,324"/>
                    <TextEquiv>
                        <Unicode>freyen</Unicode>
                    </TextEquiv>
                </Word>
                <Word id="r_22_tl_1_w9" custom="readingOrder {index:8;}">
                    <Coords points="2098,328 2098,388 2218,388 2218,328"/>
                    <TextEquiv>
                        <Unicode>Flagge</Unicode>
                    </TextEquiv>
                </Word>
                <Word id="r_22_tl_1_w10" custom="readingOrder {index:9;}">
                    <Coords points="2245,336 2245,396 2304,396 2304,336"/>
                    <TextEquiv>
                        <Unicode>ge¬</Unicode>
                    </TextEquiv>
                </Word>
                <TextEquiv>
                    <Unicode>che in dem letzten Kriege mit einer freyen Flagge ge¬</Unicode>
                </TextEquiv>
            </TextLine>
            <TextLine id="r_22_tl_2" custom="readingOrder {index:1;}">
                <Coords points="1290,414 2025,420 2175,454 2301,438 2301,398 1288,358"/>
                <Baseline points="1295,400 1340,400 1385,403 1430,403 1474,406 1519,406 1564,412 1609,412 1653,412 1698,412 1743,414 1788,417 1833,417 1877,417 1922,417 1967,417 2012,417 2057,417 2101,417 2146,420 2191,423 2236,423 2280,426 2304,429"/>
                <Word id="r_22_tl_2_w1" custom="readingOrder {index:0;}">
                    <Coords points="1283,360 1283,420 1416,420 1416,360"/>
                    <TextEquiv>
                        <Unicode>fahren,</Unicode>
                    </TextEquiv>
                </Word>
                <Word id="r_22_tl_2_w2" custom="readingOrder {index:1;}">
                    <Coords points="1439,366 1439,426 1539,426 1539,366"/>
                    <TextEquiv>
                        <Unicode>große</Unicode>
                    </TextEquiv>
                </Word>
                <Word id="r_22_tl_2_w3" custom="readingOrder {index:2;}">
                    <Coords points="1562,372 1562,432 1712,432 1712,372"/>
                    <TextEquiv>
                        <Unicode>Frachten</Unicode>
                    </TextEquiv>
                </Word>
                <Word id="r_22_tl_2_w4" custom="readingOrder {index:3;}">
                    <Coords points="1741,377 1741,437 1902,437 1902,377"/>
                    <TextEquiv>
                        <Unicode>gemacht,</Unicode>
                    </TextEquiv>
                </Word>
                <Word id="r_22_tl_2_w5" custom="readingOrder {index:4;}">
                    <Coords points="1920,377 1920,437 1980,437 1980,377"/>
                    <TextEquiv>
                        <Unicode>und</Unicode>
                    </TextEquiv>
                </Word>
                <Word id="r_22_tl_2_w6" custom="readingOrder {index:5;}">
                    <Coords points="2009,377 2009,437 2097,437 2097,377"/>
                    <TextEquiv>
                        <Unicode>einen</Unicode>
                    </TextEquiv>
                </Word>
                <Word id="r_22_tl_2_w7" custom="readingOrder {index:6;}">
                    <Coords points="2121,383 2121,443 2292,443 2292,383"/>
                    <TextEquiv>
                        <Unicode>herrlichen</Unicode>
                    </TextEquiv>
                </Word>
                <TextEquiv>
                    <Unicode>fahren, große Frachten gemacht, und einen herrlichen</Unicode>
                </TextEquiv>
            </TextLine>
            <TextLine id="r_22_tl_3" custom="readingOrder {index:2;}">
                <Coords points="1283,460 1417,460 1456,478 1557,464 1705,491 1769,474 1768,430 1281,417"/>
                <Baseline points="1289,447 1334,450 1379,450 1424,453 1468,453 1513,456 1558,459 1603,459 1648,462 1692,462 1737,465 1773,462"/>
                <Word id="r_22_tl_3_w1" custom="readingOrder {index:0;}">
                    <Coords points="1286,410 1286,470 1427,470 1427,410"/>
                    <TextEquiv>
                        <Unicode>Gewinn</Unicode>
                    </TextEquiv>
                </Word>
                <Word id="r_22_tl_3_w2" custom="readingOrder {index:1;}">
                    <Coords points="1458,416 1458,476 1579,476 1579,416"/>
                    <TextEquiv>
                        <Unicode>daraus</Unicode>
                    </TextEquiv>
                </Word>
                <Word id="r_22_tl_3_w3" custom="readingOrder {index:2;}">
                    <Coords points="1605,422 1605,482 1757,482 1757,422"/>
                    <TextEquiv>
                        <Unicode>gezogen.</Unicode>
                    </TextEquiv>
                </Word>
                <TextEquiv>
                    <Unicode>Gewinn daraus gezogen.</Unicode>
                </TextEquiv>
            </TextLine>
            <TextLine id="r_22_tl_4" custom="readingOrder {index:3;}">
                <Coords points="1522,515 1605,533 1645,513 1815,530 1928,518 2010,539 2053,533 2052,465 1843,463 1707,491 1521,467"/>
                <Baseline points="1528,504 1573,510 1618,510 1662,513 1707,510 1752,513 1797,516 1842,513 1886,516 1931,516 1976,513 2021,516 2057,519"/>
                <Word id="r_22_tl_4_w1" custom="readingOrder {index:0;}">
                    <Coords points="1522,470 1522,530 1709,530 1709,470"/>
                    <TextEquiv>
                        <Unicode>Algier,</Unicode>
                    </TextEquiv>
                </Word>
                <Word id="r_22_tl_4_w2" custom="readingOrder {index:1;}">
                    <Coords points="1732,473 1732,533 1788,533 1788,473"/>
                    <TextEquiv>
                        <Unicode>vom</Unicode>
                    </TextEquiv>
                </Word>
                <Word id="r_22_tl_4_w3" custom="readingOrder {index:2;}">
                    <Coords points="1840,474 1840,534 1902,534 1902,474"/>
                    <TextEquiv>
                        <Unicode>12.</Unicode>
                    </TextEquiv>
                </Word>
                <Word id="r_22_tl_4_w4" custom="readingOrder {index:3;}">
                    <Coords points="1931,473 1931,533 2044,533 2044,473"/>
                    <TextEquiv>
                        <Unicode>Sept.</Unicode>
                    </TextEquiv>
                </Word>
                <TextEquiv>
                    <Unicode>Algier, vom 12. Sept.</Unicode>
                </TextEquiv>
            </TextLine>
            <TextLine id="r_22_tl_5" custom="readingOrder {index:4;}">
                <Coords points="1323,569 2300,586 2298,538 2180,518 1598,534 1321,490"/>
                <Baseline points="1331,549 1376,549 1421,552 1465,555 1510,555 1555,555 1600,555 1645,561 1689,561 1734,564 1779,564 1824,567 1868,567 1913,567 1958,567 2003,570 2048,570 2092,570 2137,570 2182,570 2227,570 2271,570 2301,570"/>
                <Word id="r_22_tl_5_w1" custom="readingOrder {index:0;}">
                    <Coords points="1333,509 1333,569 1415,569 1415,509"/>
                    <TextEquiv>
                        <Unicode>Hier</Unicode>
                    </TextEquiv>
                </Word>
                <Word id="r_22_tl_5_w2" custom="readingOrder {index:1;}">
                    <Coords points="1438,515 1438,575 1576,575 1576,515"/>
                    <TextEquiv>
                        <Unicode>arbeiten</Unicode>
                    </TextEquiv>
                </Word>
                <Word id="r_22_tl_5_w3" custom="readingOrder {index:2;}">
                    <Coords points="1605,518 1605,578 1654,578 1654,518"/>
                    <TextEquiv>
                        <Unicode>itzt</Unicode>
                    </TextEquiv>
                </Word>
                <Word id="r_22_tl_5_w4" custom="readingOrder {index:3;}">
                    <Coords points="1676,524 1676,584 1837,584 1837,524"/>
                    <TextEquiv>
                        <Unicode>beständig</Unicode>
                    </TextEquiv>
                </Word>
                <Word id="r_22_tl_5_w5" custom="readingOrder {index:4;}">
                    <Coords points="1865,527 1865,587 1926,587 1926,527"/>
                    <TextEquiv>
                        <Unicode>800</Unicode>
                    </TextEquiv>
                </Word>
                <Word id="r_22_tl_5_w6" custom="readingOrder {index:5;}">
                    <Coords points="1954,530 1954,590 2098,590 2098,530"/>
                    <TextEquiv>
                        <Unicode>Sclaven</Unicode>
                    </TextEquiv>
                </Word>
                <Word id="r_22_tl_5_w7" custom="readingOrder {index:6;}">
                    <Coords points="2126,530 2126,590 2159,590 2159,530"/>
                    <TextEquiv>
                        <Unicode>an</Unicode>
                    </TextEquiv>
                </Word>
                <Word id="r_22_tl_5_w8" custom="readingOrder {index:7;}">
                    <Coords points="2193,530 2193,590 2275,590 2275,530"/>
                    <TextEquiv>
                        <Unicode>einem</Unicode>
                    </TextEquiv>
                </Word>
                <TextEquiv>
                    <Unicode>Hier arbeiten itzt beständig 800 Sclaven an einem</Unicode>
                </TextEquiv>
            </TextLine>
            <TextLine id="r_22_tl_6" custom="readingOrder {index:5;}">
                <Coords points="1282,617 2306,638 2287,577 1776,590 1281,551"/>
                <Baseline points="1289,597 1334,600 1379,603 1424,603 1468,603 1513,606 1558,609 1603,609 1648,609 1692,612 1737,612 1782,612 1827,615 1871,618 1916,618 1961,618 2006,620 2051,620 2095,620 2140,620 2185,620 2230,620 2274,620 2307,618"/>
                <Word id="r_22_tl_6_w1" custom="readingOrder {index:0;}">
                    <Coords points="1287,560 1287,620 1405,620 1405,560"/>
                    <TextEquiv>
                        <Unicode>Becken</Unicode>
                    </TextEquiv>
                </Word>
                <Word id="r_22_tl_6_w2" custom="readingOrder {index:1;}">
                    <Coords points="1439,563 1439,623 1466,623 1466,563"/>
                    <TextEquiv>
                        <Unicode>in</Unicode>
                    </TextEquiv>
                </Word>
                <Word id="r_22_tl_6_w3" custom="readingOrder {index:2;}">
                    <Coords points="1493,566 1493,626 1547,626 1547,566"/>
                    <TextEquiv>
                        <Unicode>dem</Unicode>
                    </TextEquiv>
                </Word>
                <Word id="r_22_tl_6_w4" custom="readingOrder {index:3;}">
                    <Coords points="1592,569 1592,629 1722,629 1722,569"/>
                    <TextEquiv>
                        <Unicode>Jnnern</Unicode>
                    </TextEquiv>
                </Word>
                <Word id="r_22_tl_6_w5" custom="readingOrder {index:4;}">
                    <Coords points="1755,572 1755,632 1803,632 1803,572"/>
                    <TextEquiv>
                        <Unicode>des</Unicode>
                    </TextEquiv>
                </Word>
                <Word id="r_22_tl_6_w6" custom="readingOrder {index:5;}">
                    <Coords points="1831,578 1831,638 1982,638 1982,578"/>
                    <TextEquiv>
                        <Unicode>Hafens,</Unicode>
                    </TextEquiv>
                </Word>
                <Word id="r_22_tl_6_w7" custom="readingOrder {index:6;}">
                    <Coords points="2005,580 2005,640 2113,640 2113,580"/>
                    <TextEquiv>
                        <Unicode>damit</Unicode>
                    </TextEquiv>
                </Word>
                <Word id="r_22_tl_6_w8" custom="readingOrder {index:7;}">
                    <Coords points="2130,580 2130,640 2156,640 2156,580"/>
                    <TextEquiv>
                        <Unicode>im</Unicode>
                    </TextEquiv>
                </Word>
                <Word id="r_22_tl_6_w9" custom="readingOrder {index:8;}">
                    <Coords points="2190,580 2190,640 2309,640 2309,580"/>
                    <TextEquiv>
                        <Unicode>Noth=</Unicode>
                    </TextEquiv>
                </Word>
                <TextEquiv>
                    <Unicode>Becken in dem Jnnern des Hafens, damit im Noth=</Unicode>
                </TextEquiv>
            </TextLine>
            <TextLine id="r_22_tl_7" custom="readingOrder {index:6;}">
                <Coords points="1285,670 2300,679 2298,631 2233,625 1283,617"/>
                <Baseline points="1292,653 1337,650 1382,650 1427,653 1471,653 1516,656 1561,656 1606,659 1650,662 1695,662 1740,662 1785,662 1830,662 1874,665 1919,668 1964,665 2009,668 2054,671 2098,668 2143,671 2188,671 2233,671 2277,671 2301,668"/>
                <Word id="r_22_tl_7_w1" custom="readingOrder {index:0;}">
                    <Coords points="1284,611 1284,671 1345,671 1345,611"/>
                    <TextEquiv>
                        <Unicode>fall</Unicode>
                    </TextEquiv>
                </Word>
                <Word id="r_22_tl_7_w2" custom="readingOrder {index:1;}">
                    <Coords points="1363,610 1363,670 1413,670 1413,610"/>
                    <TextEquiv>
                        <Unicode>die</Unicode>
                    </TextEquiv>
                </Word>
                <Word id="r_22_tl_7_w3" custom="readingOrder {index:2;}">
                    <Coords points="1431,613 1431,673 1532,673 1532,613"/>
                    <TextEquiv>
                        <Unicode>ganze</Unicode>
                    </TextEquiv>
                </Word>
                <Word id="r_22_tl_7_w4" custom="readingOrder {index:3;}">
                    <Coords points="1550,621 1550,681 1742,681 1742,621"/>
                    <TextEquiv>
                        <Unicode>Algierische</Unicode>
                    </TextEquiv>
                </Word>
                <Word id="r_22_tl_7_w5" custom="readingOrder {index:4;}">
                    <Coords points="1766,622 1766,682 1872,682 1872,622"/>
                    <TextEquiv>
                        <Unicode>Flotte</Unicode>
                    </TextEquiv>
                </Word>
                <Word id="r_22_tl_7_w6" custom="readingOrder {index:5;}">
                    <Coords points="1896,627 1896,687 1940,687 1940,627"/>
                    <TextEquiv>
                        <Unicode>sich</Unicode>
                    </TextEquiv>
                </Word>
                <Word id="r_22_tl_7_w7" custom="readingOrder {index:6;}">
                    <Coords points="1970,626 1970,686 1991,686 1991,626"/>
                    <TextEquiv>
                        <Unicode>in</Unicode>
                    </TextEquiv>
                </Word>
                <Word id="r_22_tl_7_w8" custom="readingOrder {index:7;}">
                    <Coords points="2026,628 2026,688 2161,688 2161,628"/>
                    <TextEquiv>
                        <Unicode>dasselbe</Unicode>
                    </TextEquiv>
                </Word>
                <Word id="r_22_tl_7_w9" custom="readingOrder {index:8;}">
                    <Coords points="2191,631 2191,691 2297,691 2297,631"/>
                    <TextEquiv>
                        <Unicode>retiri¬</Unicode>
                    </TextEquiv>
                </Word>
                <TextEquiv>
                    <Unicode>fall die ganze Algierische Flotte sich in dasselbe retiri¬</Unicode>
                </TextEquiv>
            </TextLine>
            <TextLine id="r_22_tl_8" custom="readingOrder {index:7;}">
                <Coords points="1285,726 2244,740 2301,728 2300,679 1283,671"/>
                <Baseline points="1292,701 1337,701 1382,704 1427,701 1471,704 1516,704 1561,707 1606,710 1650,710 1695,710 1740,713 1785,713 1830,713 1874,716 1919,716 1964,716 2009,716 2054,719 2098,722 2143,722 2188,719 2233,719 2277,722 2304,722"/>
                <Word id="r_22_tl_8_w1" custom="readingOrder {index:0;}">
                    <Coords points="1283,661 1283,721 1334,721 1334,661"/>
                    <TextEquiv>
                        <Unicode>ren</Unicode>
                    </TextEquiv>
                </Word>
                <Word id="r_22_tl_8_w2" custom="readingOrder {index:1;}">
                    <Coords points="1366,663 1366,723 1422,723 1422,663"/>
                    <TextEquiv>
                        <Unicode>und</Unicode>
                    </TextEquiv>
                </Word>
                <Word id="r_22_tl_8_w3" custom="readingOrder {index:2;}">
                    <Coords points="1449,664 1449,724 1510,724 1510,664"/>
                    <TextEquiv>
                        <Unicode>frey</Unicode>
                    </TextEquiv>
                </Word>
                <Word id="r_22_tl_8_w4" custom="readingOrder {index:3;}">
                    <Coords points="1542,667 1542,727 1593,727 1593,667"/>
                    <TextEquiv>
                        <Unicode>für</Unicode>
                    </TextEquiv>
                </Word>
                <Word id="r_22_tl_8_w5" custom="readingOrder {index:4;}">
                    <Coords points="1614,670 1614,730 1666,730 1666,670"/>
                    <TextEquiv>
                        <Unicode>den</Unicode>
                    </TextEquiv>
                </Word>
                <Word id="r_22_tl_8_w6" custom="readingOrder {index:5;}">
                    <Coords points="1698,673 1698,733 1853,733 1853,673"/>
                    <TextEquiv>
                        <Unicode>Bomben</Unicode>
                    </TextEquiv>
                </Word>
                <Word id="r_22_tl_8_w7" custom="readingOrder {index:6;}">
                    <Coords points="1879,676 1879,736 2035,736 2035,676"/>
                    <TextEquiv>
                        <Unicode>darinnen</Unicode>
                    </TextEquiv>
                </Word>
                <Word id="r_22_tl_8_w8" custom="readingOrder {index:7;}">
                    <Coords points="2061,682 2061,742 2159,742 2159,682"/>
                    <TextEquiv>
                        <Unicode>liegen</Unicode>
                    </TextEquiv>
                </Word>
                <Word id="r_22_tl_8_w9" custom="readingOrder {index:8;}">
                    <Coords points="2186,679 2186,739 2299,739 2299,679"/>
                    <TextEquiv>
                        <Unicode>könne.</Unicode>
                    </TextEquiv>
                </Word>
                <TextEquiv>
                    <Unicode>ren und frey für den Bomben darinnen liegen könne.</Unicode>
                </TextEquiv>
            </TextLine>
            <TextLine id="r_22_tl_9" custom="readingOrder {index:8;}">
                <Coords points="1558,775 2020,773 2018,731 1685,735 1557,717"/>
                <Baseline points="1564,755 1609,755 1653,758 1698,761 1743,761 1788,764 1833,764 1877,761 1922,764 1967,764 2012,767 2021,764"/>
                <Word id="r_22_tl_9_w1" custom="readingOrder {index:0;}">
                    <Coords points="1558,717 1558,777 1731,777 1731,717"/>
                    <TextEquiv>
                        <Unicode>Pillau,</Unicode>
                    </TextEquiv>
                </Word>
                <Word id="r_22_tl_9_w2" custom="readingOrder {index:1;}">
                    <Coords points="1754,723 1754,783 1809,783 1809,723"/>
                    <TextEquiv>
                        <Unicode>den</Unicode>
                    </TextEquiv>
                </Word>
                <Word id="r_22_tl_9_w3" custom="readingOrder {index:2;}">
                    <Coords points="1844,721 1844,781 1882,781 1882,721"/>
                    <TextEquiv>
                        <Unicode>6.</Unicode>
                    </TextEquiv>
                </Word>
                <Word id="r_22_tl_9_w4" custom="readingOrder {index:3;}">
                    <Coords points="1911,724 1911,784 2011,784 2011,724"/>
                    <TextEquiv>
                        <Unicode>Nov.</Unicode>
                    </TextEquiv>
                </Word>
                <TextEquiv>
                    <Unicode>Pillau, den 6. Nov.</Unicode>
                </TextEquiv>
            </TextLine>
            <TextLine id="r_22_tl_10" custom="readingOrder {index:9;}">
                <Coords points="1327,822 2303,828 2272,776 1326,763"/>
                <Baseline points="1334,803 1379,797 1424,800 1468,803 1513,803 1558,806 1603,806 1648,809 1692,809 1737,812 1782,812 1827,812 1871,815 1916,815 1961,815 2006,815 2051,815 2095,818 2140,818 2185,821 2230,821 2274,821 2307,818"/>
                <Word id="r_22_tl_10_w1" custom="readingOrder {index:0;}">
                    <Coords points="1332,759 1332,819 1393,819 1393,759"/>
                    <TextEquiv>
                        <Unicode>Ich</Unicode>
                    </TextEquiv>
                </Word>
                <Word id="r_22_tl_10_w2" custom="readingOrder {index:1;}">
                    <Coords points="1421,762 1421,822 1493,822 1493,762"/>
                    <TextEquiv>
                        <Unicode>muß</Unicode>
                    </TextEquiv>
                </Word>
                <Word id="r_22_tl_10_w3" custom="readingOrder {index:2;}">
                    <Coords points="1521,766 1521,826 1615,826 1615,766"/>
                    <TextEquiv>
                        <Unicode>ihnen</Unicode>
                    </TextEquiv>
                </Word>
                <Word id="r_22_tl_10_w4" custom="readingOrder {index:3;}">
                    <Coords points="1643,769 1643,829 1699,829 1699,769"/>
                    <TextEquiv>
                        <Unicode>von</Unicode>
                    </TextEquiv>
                </Word>
                <Word id="r_22_tl_10_w5" custom="readingOrder {index:4;}">
                    <Coords points="1733,772 1733,832 1816,832 1816,772"/>
                    <TextEquiv>
                        <Unicode>einer</Unicode>
                    </TextEquiv>
                </Word>
                <Word id="r_22_tl_10_w6" custom="readingOrder {index:5;}">
                    <Coords points="1844,775 1844,835 2022,835 2022,775"/>
                    <TextEquiv>
                        <Unicode>Handlung</Unicode>
                    </TextEquiv>
                </Word>
                <Word id="r_22_tl_10_w7" custom="readingOrder {index:6;}">
                    <Coords points="2051,778 2051,838 2228,838 2228,778"/>
                    <TextEquiv>
                        <Unicode>Nachricht</Unicode>
                    </TextEquiv>
                </Word>
                <Word id="r_22_tl_10_w8" custom="readingOrder {index:7;}">
                    <Coords points="2251,780 2251,840 2300,840 2300,780"/>
                    <TextEquiv>
                        <Unicode>ge¬</Unicode>
                    </TextEquiv>
                </Word>
                <TextEquiv>
                    <Unicode>Ich muß ihnen von einer Handlung Nachricht ge¬</Unicode>
                </TextEquiv>
            </TextLine>
            <TextLine id="r_22_tl_11" custom="readingOrder {index:10;}">
                <Coords points="1283,856 2301,876 2281,828 1282,809"/>
                <Baseline points="1289,847 1334,850 1379,850 1424,853 1468,853 1513,853 1558,856 1603,853 1648,853 1692,859 1737,859 1782,862 1827,862 1871,862 1916,862 1961,859 2006,865 2051,865 2095,865 2140,868 2185,868 2230,868 2274,871 2304,871"/>
                <Word id="r_22_tl_11_w1" custom="readingOrder {index:0;}">
                    <Coords points="1282,809 1282,869 1361,869 1361,809"/>
                    <TextEquiv>
                        <Unicode>ben,</Unicode>
                    </TextEquiv>
                </Word>
                <Word id="r_22_tl_11_w2" custom="readingOrder {index:1;}">
                    <Coords points="1388,812 1388,872 1435,872 1435,812"/>
                    <TextEquiv>
                        <Unicode>die</Unicode>
                    </TextEquiv>
                </Word>
                <Word id="r_22_tl_11_w3" custom="readingOrder {index:2;}">
                    <Coords points="1462,813 1462,873 1525,873 1525,813"/>
                    <TextEquiv>
                        <Unicode>voll</Unicode>
                    </TextEquiv>
                </Word>
                <Word id="r_22_tl_11_w4" custom="readingOrder {index:3;}">
                    <Coords points="1547,814 1547,874 1604,874 1604,814"/>
                    <TextEquiv>
                        <Unicode>von</Unicode>
                    </TextEquiv>
                </Word>
                <Word id="r_22_tl_11_w5" custom="readingOrder {index:4;}">
                    <Coords points="1637,819 1637,879 1827,879 1827,819"/>
                    <TextEquiv>
                        <Unicode>Großmuth</Unicode>
                    </TextEquiv>
                </Word>
                <Word id="r_22_tl_11_w6" custom="readingOrder {index:5;}">
                    <Coords points="1854,822 1854,882 1917,882 1917,822"/>
                    <TextEquiv>
                        <Unicode>und</Unicode>
                    </TextEquiv>
                </Word>
                <Word id="r_22_tl_11_w7" custom="readingOrder {index:6;}">
                    <Coords points="1949,825 1949,885 2214,885 2214,825"/>
                    <TextEquiv>
                        <Unicode>Menschenliebe</Unicode>
                    </TextEquiv>
                </Word>
                <Word id="r_22_tl_11_w8" custom="readingOrder {index:7;}">
                    <Coords points="2246,830 2246,890 2299,890 2299,830"/>
                    <TextEquiv>
                        <Unicode>ist.</Unicode>
                    </TextEquiv>
                </Word>
                <TextEquiv>
                    <Unicode>ben, die voll von Großmuth und Menschenliebe ist.</Unicode>
                </TextEquiv>
            </TextLine>
            <TextLine id="r_22_tl_12" custom="readingOrder {index:11;}">
                <Coords points="1285,901 2208,938 2302,928 2301,876 1283,856"/>
                <Baseline points="1292,898 1337,898 1382,898 1427,901 1471,901 1516,904 1561,904 1606,904 1650,907 1695,907 1740,910 1785,910 1830,913 1874,913 1919,913 1964,913 2009,916 2054,916 2098,916 2143,916 2188,919 2233,916 2277,919 2304,919"/>
                <Word id="r_22_tl_12_w1" custom="readingOrder {index:0;}">
                    <Coords points="1283,858 1283,918 1357,918 1357,858"/>
                    <TextEquiv>
                        <Unicode>Den</Unicode>
                    </TextEquiv>
                </Word>
                <Word id="r_22_tl_12_w2" custom="readingOrder {index:1;}">
                    <Coords points="1394,861 1394,921 1499,921 1499,861"/>
                    <TextEquiv>
                        <Unicode>31sten</Unicode>
                    </TextEquiv>
                </Word>
                <Word id="r_22_tl_12_w3" custom="readingOrder {index:2;}">
                    <Coords points="1537,864 1537,924 1589,924 1589,864"/>
                    <TextEquiv>
                        <Unicode>des</Unicode>
                    </TextEquiv>
                </Word>
                <Word id="r_22_tl_12_w4" custom="readingOrder {index:3;}">
                    <Coords points="1622,868 1622,928 1823,928 1823,868"/>
                    <TextEquiv>
                        <Unicode>verwichnen</Unicode>
                    </TextEquiv>
                </Word>
                <Word id="r_22_tl_12_w5" custom="readingOrder {index:4;}">
                    <Coords points="1861,873 1861,933 2008,933 2008,873"/>
                    <TextEquiv>
                        <Unicode>Monats</Unicode>
                    </TextEquiv>
                </Word>
                <Word id="r_22_tl_12_w6" custom="readingOrder {index:5;}">
                    <Coords points="2041,876 2041,936 2114,936 2114,876"/>
                    <TextEquiv>
                        <Unicode>sahe</Unicode>
                    </TextEquiv>
                </Word>
                <Word id="r_22_tl_12_w7" custom="readingOrder {index:6;}">
                    <Coords points="2147,876 2147,936 2294,936 2294,876"/>
                    <TextEquiv>
                        <Unicode>Schiffer</Unicode>
                    </TextEquiv>
                </Word>
                <TextEquiv>
                    <Unicode>Den 31sten des verwichnen Monats sahe Schiffer</Unicode>
                </TextEquiv>
            </TextLine>
            <TextLine id="r_22_tl_13" custom="readingOrder {index:12;}">
                <Coords points="1282,967 2298,988 2297,933 1281,906"/>
                <Baseline points="1289,949 1334,949 1379,949 1424,952 1468,952 1513,955 1558,955 1603,955 1648,958 1692,958 1737,958 1782,961 1827,961 1871,961 1916,964 1961,964 2006,961 2051,967 2095,967 2140,967 2185,970 2230,967 2274,967 2301,967"/>
                <Word id="r_22_tl_13_w1" custom="readingOrder {index:0;}">
                    <Coords points="1281,909 1281,969 1441,969 1441,909"/>
                    <TextEquiv>
                        <Unicode>Mathias</Unicode>
                    </TextEquiv>
                </Word>
                <Word id="r_22_tl_13_w2" custom="readingOrder {index:1;}">
                    <Coords points="1472,915 1472,975 1716,975 1716,915"/>
                    <TextEquiv>
                        <Unicode>Holtermann,</Unicode>
                    </TextEquiv>
                </Word>
                <Word id="r_22_tl_13_w3" custom="readingOrder {index:2;}">
                    <Coords points="1742,920 1742,980 1798,980 1798,920"/>
                    <TextEquiv>
                        <Unicode>von</Unicode>
                    </TextEquiv>
                </Word>
                <Word id="r_22_tl_13_w4" custom="readingOrder {index:3;}">
                    <Coords points="1830,923 1830,983 1996,983 1996,923"/>
                    <TextEquiv>
                        <Unicode>Bergen,</Unicode>
                    </TextEquiv>
                </Word>
                <Word id="r_22_tl_13_w5" custom="readingOrder {index:4;}">
                    <Coords points="2027,925 2027,985 2053,985 2053,925"/>
                    <TextEquiv>
                        <Unicode>im</Unicode>
                    </TextEquiv>
                </Word>
                <Word id="r_22_tl_13_w6" custom="readingOrder {index:5;}">
                    <Coords points="2100,929 2100,989 2286,989 2286,929"/>
                    <TextEquiv>
                        <Unicode>Auslaufen</Unicode>
                    </TextEquiv>
                </Word>
                <TextEquiv>
                    <Unicode>Mathias Holtermann, von Bergen, im Auslaufen</Unicode>
                </TextEquiv>
            </TextLine>
            <TextLine id="r_22_tl_14" custom="readingOrder {index:13;}">
                <Coords points="1282,1008 2301,1029 2300,985 1282,967"/>
                <Baseline points="1289,994 1334,997 1379,997 1424,1003 1468,1003 1513,1003 1558,1003 1603,1006 1648,1006 1692,1009 1737,1009 1782,1009 1827,1009 1871,1009 1916,1012 1961,1012 2006,1012 2051,1015 2095,1015 2140,1018 2185,1018 2230,1018 2274,1018 2304,1015"/>
                <Word id="r_22_tl_14_w1" custom="readingOrder {index:0;}">
                    <Coords points="1282,955 1282,1015 1338,1015 1338,955"/>
                    <TextEquiv>
                        <Unicode>aus</Unicode>
                    </TextEquiv>
                </Word>
                <Word id="r_22_tl_14_w2" custom="readingOrder {index:1;}">
                    <Coords points="1365,963 1365,1023 1515,1023 1515,963"/>
                    <TextEquiv>
                        <Unicode>Pillau,</Unicode>
                    </TextEquiv>
                </Word>
                <Word id="r_22_tl_14_w3" custom="readingOrder {index:2;}">
                    <Coords points="1552,966 1552,1026 1738,1026 1738,966"/>
                    <TextEquiv>
                        <Unicode>ohngefehr</Unicode>
                    </TextEquiv>
                </Word>
                <Word id="r_22_tl_14_w4" custom="readingOrder {index:3;}">
                    <Coords points="1775,969 1775,1029 1842,1029 1842,969"/>
                    <TextEquiv>
                        <Unicode>eine</Unicode>
                    </TextEquiv>
                </Word>
                <Word id="r_22_tl_14_w5" custom="readingOrder {index:4;}">
                    <Coords points="1879,972 1879,1032 1977,1032 1977,972"/>
                    <TextEquiv>
                        <Unicode>halbe</Unicode>
                    </TextEquiv>
                </Word>
                <Word id="r_22_tl_14_w6" custom="readingOrder {index:5;}">
                    <Coords points="2009,975 2009,1035 2117,1035 2117,975"/>
                    <TextEquiv>
                        <Unicode>Meile</Unicode>
                    </TextEquiv>
                </Word>
                <Word id="r_22_tl_14_w7" custom="readingOrder {index:6;}">
                    <Coords points="2149,978 2149,1038 2205,1038 2205,978"/>
                    <TextEquiv>
                        <Unicode>von</Unicode>
                    </TextEquiv>
                </Word>
                <Word id="r_22_tl_14_w8" custom="readingOrder {index:7;}">
                    <Coords points="2242,978 2242,1038 2294,1038 2294,978"/>
                    <TextEquiv>
                        <Unicode>der</Unicode>
                    </TextEquiv>
                </Word>
                <TextEquiv>
                    <Unicode>aus Pillau, ohngefehr eine halbe Meile von der</Unicode>
                </TextEquiv>
            </TextLine>
            <TextLine id="r_22_tl_15" custom="readingOrder {index:14;}">
                <Coords points="1288,1062 2078,1088 2305,1076 2305,1040 1287,1010"/>
                <Baseline points="1295,1044 1340,1047 1385,1047 1430,1050 1474,1050 1519,1050 1564,1050 1609,1053 1653,1053 1698,1053 1743,1056 1788,1056 1833,1056 1877,1056 1922,1059 1967,1062 2012,1062 2057,1065 2101,1065 2146,1068 2191,1065 2236,1065 2280,1065 2307,1068"/>
                <Word id="r_22_tl_15_w1" custom="readingOrder {index:0;}">
                    <Coords points="1287,1007 1287,1067 1482,1067 1482,1007"/>
                    <TextEquiv>
                        <Unicode>Pillauschen</Unicode>
                    </TextEquiv>
                </Word>
                <Word id="r_22_tl_15_w2" custom="readingOrder {index:1;}">
                    <Coords points="1520,1012 1520,1072 1673,1072 1673,1012"/>
                    <TextEquiv>
                        <Unicode>Rheede,</Unicode>
                    </TextEquiv>
                </Word>
                <Word id="r_22_tl_15_w3" custom="readingOrder {index:2;}">
                    <Coords points="1700,1014 1700,1074 1741,1074 1741,1014"/>
                    <TextEquiv>
                        <Unicode>ein</Unicode>
                    </TextEquiv>
                </Word>
                <Word id="r_22_tl_15_w4" custom="readingOrder {index:3;}">
                    <Coords points="1779,1016 1779,1076 1901,1076 1901,1016"/>
                    <TextEquiv>
                        <Unicode>Schiff</Unicode>
                    </TextEquiv>
                </Word>
                <Word id="r_22_tl_15_w5" custom="readingOrder {index:4;}">
                    <Coords points="1922,1022 1922,1082 2086,1082 2086,1022"/>
                    <TextEquiv>
                        <Unicode>stranden,</Unicode>
                    </TextEquiv>
                </Word>
                <Word id="r_22_tl_15_w6" custom="readingOrder {index:5;}">
                    <Coords points="2118,1027 2118,1087 2165,1087 2165,1027"/>
                    <TextEquiv>
                        <Unicode>die</Unicode>
                    </TextEquiv>
                </Word>
                <Word id="r_22_tl_15_w7" custom="readingOrder {index:6;}">
                    <Coords points="2197,1025 2197,1085 2292,1085 2292,1025"/>
                    <TextEquiv>
                        <Unicode>Leute</Unicode>
                    </TextEquiv>
                </Word>
                <TextEquiv>
                    <Unicode>Pillauschen Rheede, ein Schiff stranden, die Leute</Unicode>
                </TextEquiv>
            </TextLine>
            <TextLine id="r_22_tl_16" custom="readingOrder {index:15;}">
                <Coords points="1286,1104 2226,1132 2298,1119 2298,1082 1285,1059"/>
                <Baseline points="1292,1092 1337,1095 1382,1095 1427,1095 1471,1098 1516,1098 1561,1098 1606,1101 1650,1101 1695,1104 1740,1104 1785,1104 1830,1104 1874,1107 1919,1107 1964,1107 2009,1110 2054,1110 2098,1110 2143,1110 2188,1113 2233,1113 2277,1113 2301,1107"/>
                <Word id="r_22_tl_16_w1" custom="readingOrder {index:0;}">
                    <Coords points="1284,1055 1284,1115 1397,1115 1397,1055"/>
                    <TextEquiv>
                        <Unicode>daraus</Unicode>
                    </TextEquiv>
                </Word>
                <Word id="r_22_tl_16_w2" custom="readingOrder {index:1;}">
                    <Coords points="1427,1058 1427,1118 1556,1118 1556,1058"/>
                    <TextEquiv>
                        <Unicode>hatten,</Unicode>
                    </TextEquiv>
                </Word>
                <Word id="r_22_tl_16_w3" custom="readingOrder {index:2;}">
                    <Coords points="1581,1060 1581,1120 1615,1120 1615,1060"/>
                    <TextEquiv>
                        <Unicode>um</Unicode>
                    </TextEquiv>
                </Word>
                <Word id="r_22_tl_16_w4" custom="readingOrder {index:3;}">
                    <Coords points="1655,1062 1655,1122 1703,1122 1703,1062"/>
                    <TextEquiv>
                        <Unicode>sich</Unicode>
                    </TextEquiv>
                </Word>
                <Word id="r_22_tl_16_w5" custom="readingOrder {index:4;}">
                    <Coords points="1729,1064 1729,1124 1782,1124 1782,1064"/>
                    <TextEquiv>
                        <Unicode>ihr</Unicode>
                    </TextEquiv>
                </Word>
                <Word id="r_22_tl_16_w6" custom="readingOrder {index:5;}">
                    <Coords points="1803,1065 1803,1125 1896,1125 1896,1065"/>
                    <TextEquiv>
                        <Unicode>Leben</Unicode>
                    </TextEquiv>
                </Word>
                <Word id="r_22_tl_16_w7" custom="readingOrder {index:6;}">
                    <Coords points="1917,1067 1917,1127 1946,1127 1946,1067"/>
                    <TextEquiv>
                        <Unicode>zu</Unicode>
                    </TextEquiv>
                </Word>
                <Word id="r_22_tl_16_w8" custom="readingOrder {index:7;}">
                    <Coords points="1971,1070 1971,1130 2089,1130 2089,1070"/>
                    <TextEquiv>
                        <Unicode>retten,</Unicode>
                    </TextEquiv>
                </Word>
                <Word id="r_22_tl_16_w9" custom="readingOrder {index:8;}">
                    <Coords points="2115,1070 2115,1130 2144,1130 2144,1070"/>
                    <TextEquiv>
                        <Unicode>es</Unicode>
                    </TextEquiv>
                </Word>
                <Word id="r_22_tl_16_w10" custom="readingOrder {index:9;}">
                    <Coords points="2174,1073 2174,1133 2291,1133 2291,1073"/>
                    <TextEquiv>
                        <Unicode>bereits</Unicode>
                    </TextEquiv>
                </Word>
                <TextEquiv>
                    <Unicode>daraus hatten, um sich ihr Leben zu retten, es bereits</Unicode>
                </TextEquiv>
            </TextLine>
            <TextLine id="r_22_tl_17" custom="readingOrder {index:16;}">
                <Coords points="1282,1165 2219,1176 2292,1168 2292,1126 1281,1103"/>
                <Baseline points="1289,1140 1334,1143 1379,1146 1424,1146 1468,1146 1513,1149 1558,1149 1603,1149 1648,1152 1692,1152 1737,1152 1782,1155 1827,1152 1871,1155 1916,1155 1961,1155 2006,1155 2051,1158 2095,1158 2140,1158 2185,1158 2230,1161 2274,1161 2295,1158"/>
                <Word id="r_22_tl_17_w1" custom="readingOrder {index:0;}">
                    <Coords points="1286,1104 1286,1164 1435,1164 1435,1104"/>
                    <TextEquiv>
                        <Unicode>verlassen</Unicode>
                    </TextEquiv>
                </Word>
                <Word id="r_22_tl_17_w2" custom="readingOrder {index:1;}">
                    <Coords points="1466,1107 1466,1167 1522,1167 1522,1107"/>
                    <TextEquiv>
                        <Unicode>und</Unicode>
                    </TextEquiv>
                </Word>
                <Word id="r_22_tl_17_w3" custom="readingOrder {index:2;}">
                    <Coords points="1549,1109 1549,1169 1594,1169 1594,1109"/>
                    <TextEquiv>
                        <Unicode>sich</Unicode>
                    </TextEquiv>
                </Word>
                <Word id="r_22_tl_17_w4" custom="readingOrder {index:3;}">
                    <Coords points="1626,1111 1626,1171 1651,1171 1651,1111"/>
                    <TextEquiv>
                        <Unicode>in</Unicode>
                    </TextEquiv>
                </Word>
                <Word id="r_22_tl_17_w5" custom="readingOrder {index:4;}">
                    <Coords points="1677,1112 1677,1172 1723,1172 1723,1112"/>
                    <TextEquiv>
                        <Unicode>ein</Unicode>
                    </TextEquiv>
                </Word>
                <Word id="r_22_tl_17_w6" custom="readingOrder {index:5;}">
                    <Coords points="1750,1114 1750,1174 1837,1174 1837,1114"/>
                    <TextEquiv>
                        <Unicode>Both</Unicode>
                    </TextEquiv>
                </Word>
                <Word id="r_22_tl_17_w7" custom="readingOrder {index:6;}">
                    <Coords points="1863,1115 1863,1175 2017,1175 2017,1115"/>
                    <TextEquiv>
                        <Unicode>begeben,</Unicode>
                    </TextEquiv>
                </Word>
                <Word id="r_22_tl_17_w8" custom="readingOrder {index:7;}">
                    <Coords points="2048,1118 2048,1178 2182,1178 2182,1118"/>
                    <TextEquiv>
                        <Unicode>welches</Unicode>
                    </TextEquiv>
                </Word>
                <Word id="r_22_tl_17_w9" custom="readingOrder {index:8;}">
                    <Coords points="2213,1121 2213,1181 2285,1181 2285,1121"/>
                    <TextEquiv>
                        <Unicode>aber</Unicode>
                    </TextEquiv>
                </Word>
                <TextEquiv>
                    <Unicode>verlassen und sich in ein Both begeben, welches aber</Unicode>
                </TextEquiv>
            </TextLine>
            <TextLine id="r_22_tl_18" custom="readingOrder {index:17;}">
                <Coords points="1292,1203 2209,1229 2298,1217 2297,1169 1291,1163"/>
                <Baseline points="1298,1191 1343,1194 1388,1194 1433,1194 1477,1197 1522,1197 1567,1200 1612,1200 1656,1200 1701,1203 1746,1206 1791,1206 1836,1206 1880,1206 1925,1206 1970,1203 2015,1206 2060,1206 2104,1209 2149,1209 2194,1209 2239,1209 2283,1209 2301,1212"/>
                <Word id="r_22_tl_18_w1" custom="readingOrder {index:0;}">
                    <Coords points="1291,1152 1291,1212 1342,1212 1342,1152"/>
                    <TextEquiv>
                        <Unicode>von</Unicode>
                    </TextEquiv>
                </Word>
                <Word id="r_22_tl_18_w2" custom="readingOrder {index:1;}">
                    <Coords points="1373,1154 1373,1214 1424,1214 1424,1154"/>
                    <TextEquiv>
                        <Unicode>den</Unicode>
                    </TextEquiv>
                </Word>
                <Word id="r_22_tl_18_w3" custom="readingOrder {index:2;}">
                    <Coords points="1456,1157 1456,1217 1579,1217 1579,1157"/>
                    <TextEquiv>
                        <Unicode>Wellen</Unicode>
                    </TextEquiv>
                </Word>
                <Word id="r_22_tl_18_w4" custom="readingOrder {index:3;}">
                    <Coords points="1606,1163 1606,1223 1796,1223 1796,1163"/>
                    <TextEquiv>
                        <Unicode>zerschlagen</Unicode>
                    </TextEquiv>
                </Word>
                <Word id="r_22_tl_18_w5" custom="readingOrder {index:4;}">
                    <Coords points="1828,1166 1828,1226 1951,1226 1951,1166"/>
                    <TextEquiv>
                        <Unicode>wurde,</Unicode>
                    </TextEquiv>
                </Word>
                <Word id="r_22_tl_18_w6" custom="readingOrder {index:5;}">
                    <Coords points="1982,1166 1982,1226 2054,1226 2054,1166"/>
                    <TextEquiv>
                        <Unicode>doch</Unicode>
                    </TextEquiv>
                </Word>
                <Word id="r_22_tl_18_w7" custom="readingOrder {index:6;}">
                    <Coords points="2086,1169 2086,1229 2214,1229 2214,1169"/>
                    <TextEquiv>
                        <Unicode>wurden</Unicode>
                    </TextEquiv>
                </Word>
                <Word id="r_22_tl_18_w8" custom="readingOrder {index:7;}">
                    <Coords points="2246,1169 2246,1229 2291,1229 2291,1169"/>
                    <TextEquiv>
                        <Unicode>die</Unicode>
                    </TextEquiv>
                </Word>
                <TextEquiv>
                    <Unicode>von den Wellen zerschlagen wurde, doch wurden die</Unicode>
                </TextEquiv>
            </TextLine>
            <TextLine id="r_22_tl_19" custom="readingOrder {index:18;}">
                <Coords points="1285,1248 2201,1279 2301,1269 2301,1225 1283,1199"/>
                <Baseline points="1292,1241 1337,1241 1382,1241 1427,1244 1471,1247 1516,1247 1561,1247 1606,1253 1650,1250 1695,1253 1740,1256 1785,1256 1830,1256 1874,1256 1919,1253 1964,1256 2009,1256 2054,1256 2098,1256 2143,1259 2188,1259 2233,1259 2277,1259 2304,1256"/>
                <Word id="r_22_tl_19_w1" custom="readingOrder {index:0;}">
                    <Coords points="1283,1201 1283,1261 1378,1261 1378,1201"/>
                    <TextEquiv>
                        <Unicode>Leute</Unicode>
                    </TextEquiv>
                </Word>
                <Word id="r_22_tl_19_w2" custom="readingOrder {index:1;}">
                    <Coords points="1400,1205 1400,1265 1490,1265 1490,1205"/>
                    <TextEquiv>
                        <Unicode>durch</Unicode>
                    </TextEquiv>
                </Word>
                <Word id="r_22_tl_19_w3" custom="readingOrder {index:2;}">
                    <Coords points="1523,1207 1523,1267 1570,1267 1570,1207"/>
                    <TextEquiv>
                        <Unicode>die</Unicode>
                    </TextEquiv>
                </Word>
                <Word id="r_22_tl_19_w4" custom="readingOrder {index:3;}">
                    <Coords points="1592,1211 1592,1271 1761,1271 1761,1211"/>
                    <TextEquiv>
                        <Unicode>besondere</Unicode>
                    </TextEquiv>
                </Word>
                <Word id="r_22_tl_19_w5" custom="readingOrder {index:4;}">
                    <Coords points="1789,1216 1789,1276 1883,1276 1883,1216"/>
                    <TextEquiv>
                        <Unicode>Hand</Unicode>
                    </TextEquiv>
                </Word>
                <Word id="r_22_tl_19_w6" custom="readingOrder {index:5;}">
                    <Coords points="1911,1216 1911,1276 2033,1276 2033,1216"/>
                    <TextEquiv>
                        <Unicode>Gottes</Unicode>
                    </TextEquiv>
                </Word>
                <Word id="r_22_tl_19_w7" custom="readingOrder {index:6;}">
                    <Coords points="2060,1218 2060,1278 2208,1278 2208,1218"/>
                    <TextEquiv>
                        <Unicode>lebendig</Unicode>
                    </TextEquiv>
                </Word>
                <Word id="r_22_tl_19_w8" custom="readingOrder {index:7;}">
                    <Coords points="2236,1219 2236,1279 2293,1279 2293,1219"/>
                    <TextEquiv>
                        <Unicode>ans</Unicode>
                    </TextEquiv>
                </Word>
                <TextEquiv>
                    <Unicode>Leute durch die besondere Hand Gottes lebendig ans</Unicode>
                </TextEquiv>
            </TextLine>
            <TextLine id="r_22_tl_20" custom="readingOrder {index:19;}">
                <Coords points="1282,1313 2301,1327 2301,1277 1281,1250"/>
                <Baseline points="1289,1292 1334,1295 1379,1295 1424,1295 1468,1295 1513,1298 1558,1301 1603,1301 1648,1301 1692,1304 1737,1307 1782,1307 1827,1307 1871,1307 1916,1307 1961,1307 2006,1310 2051,1310 2095,1310 2140,1310 2185,1310 2230,1310 2274,1310 2304,1307"/>
                <Word id="r_22_tl_20_w1" custom="readingOrder {index:0;}">
                    <Coords points="1282,1254 1282,1314 1361,1314 1361,1254"/>
                    <TextEquiv>
                        <Unicode>Ufer</Unicode>
                    </TextEquiv>
                </Word>
                <Word id="r_22_tl_20_w2" custom="readingOrder {index:1;}">
                    <Coords points="1384,1255 1384,1315 1565,1315 1565,1255"/>
                    <TextEquiv>
                        <Unicode>geworfen.</Unicode>
                    </TextEquiv>
                </Word>
                <Word id="r_22_tl_20_w3" custom="readingOrder {index:2;}">
                    <Coords points="1617,1263 1617,1323 1764,1323 1764,1263"/>
                    <TextEquiv>
                        <Unicode>Hierauf</Unicode>
                    </TextEquiv>
                </Word>
                <Word id="r_22_tl_20_w4" custom="readingOrder {index:3;}">
                    <Coords points="1787,1267 1787,1327 1889,1327 1889,1267"/>
                    <TextEquiv>
                        <Unicode>wagte</Unicode>
                    </TextEquiv>
                </Word>
                <Word id="r_22_tl_20_w5" custom="readingOrder {index:4;}">
                    <Coords points="1924,1267 1924,1327 1952,1327 1952,1267"/>
                    <TextEquiv>
                        <Unicode>es</Unicode>
                    </TextEquiv>
                </Word>
                <Word id="r_22_tl_20_w6" custom="readingOrder {index:5;}">
                    <Coords points="1986,1270 1986,1330 2133,1330 2133,1270"/>
                    <TextEquiv>
                        <Unicode>Schiffer</Unicode>
                    </TextEquiv>
                </Word>
                <Word id="r_22_tl_20_w7" custom="readingOrder {index:6;}">
                    <Coords points="2162,1270 2162,1330 2298,1330 2298,1270"/>
                    <TextEquiv>
                        <Unicode>Holter¬</Unicode>
                    </TextEquiv>
                </Word>
                <TextEquiv>
                    <Unicode>Ufer geworfen. Hierauf wagte es Schiffer Holter¬</Unicode>
                </TextEquiv>
            </TextLine>
            <TextLine id="r_22_tl_21" custom="readingOrder {index:20;}">
                <Coords points="1282,1349 2300,1378 2298,1326 2246,1318 1282,1313"/>
                <Baseline points="1289,1343 1334,1346 1379,1343 1424,1346 1468,1349 1513,1349 1558,1349 1603,1349 1648,1349 1692,1352 1737,1355 1782,1358 1827,1358 1871,1355 1916,1358 1961,1358 2006,1361 2051,1358 2095,1361 2140,1361 2185,1361 2230,1364 2274,1361 2301,1361"/>
                <Word id="r_22_tl_21_w1" custom="readingOrder {index:0;}">
                    <Coords points="1282,1305 1282,1365 1406,1365 1406,1305"/>
                    <TextEquiv>
                        <Unicode>mann,</Unicode>
                    </TextEquiv>
                </Word>
                <Word id="r_22_tl_21_w2" custom="readingOrder {index:1;}">
                    <Coords points="1429,1308 1429,1368 1493,1368 1493,1308"/>
                    <TextEquiv>
                        <Unicode>und</Unicode>
                    </TextEquiv>
                </Word>
                <Word id="r_22_tl_21_w3" custom="readingOrder {index:2;}">
                    <Coords points="1516,1309 1516,1369 1591,1369 1591,1309"/>
                    <TextEquiv>
                        <Unicode>stieg</Unicode>
                    </TextEquiv>
                </Word>
                <Word id="r_22_tl_21_w4" custom="readingOrder {index:3;}">
                    <Coords points="1614,1309 1614,1369 1640,1369 1640,1309"/>
                    <TextEquiv>
                        <Unicode>in</Unicode>
                    </TextEquiv>
                </Word>
                <Word id="r_22_tl_21_w5" custom="readingOrder {index:4;}">
                    <Coords points="1673,1317 1673,1377 1885,1377 1885,1317"/>
                    <TextEquiv>
                        <Unicode>Gesellschaft</Unicode>
                    </TextEquiv>
                </Word>
                <Word id="r_22_tl_21_w6" custom="readingOrder {index:5;}">
                    <Coords points="1907,1317 1907,1377 1917,1377 1917,1317"/>
                    <TextEquiv>
                        <Unicode>5</Unicode>
                    </TextEquiv>
                </Word>
                <Word id="r_22_tl_21_w7" custom="readingOrder {index:6;}">
                    <Coords points="1956,1319 1956,1379 2009,1379 2009,1319"/>
                    <TextEquiv>
                        <Unicode>von</Unicode>
                    </TextEquiv>
                </Word>
                <Word id="r_22_tl_21_w8" custom="readingOrder {index:7;}">
                    <Coords points="2043,1320 2043,1380 2140,1380 2140,1320"/>
                    <TextEquiv>
                        <Unicode>seinen</Unicode>
                    </TextEquiv>
                </Word>
                <Word id="r_22_tl_21_w9" custom="readingOrder {index:8;}">
                    <Coords points="2179,1323 2179,1383 2287,1383 2287,1323"/>
                    <TextEquiv>
                        <Unicode>Leuten</Unicode>
                    </TextEquiv>
                </Word>
                <TextEquiv>
                    <Unicode>mann, und stieg in Gesellschaft 5 von seinen Leuten</Unicode>
                </TextEquiv>
            </TextLine>
            <TextLine id="r_22_tl_22" custom="readingOrder {index:21;}">
                <Coords points="1285,1404 2298,1419 2298,1382 2166,1370 1285,1362"/>
                <Baseline points="1292,1394 1337,1397 1382,1397 1427,1400 1471,1400 1516,1400 1561,1400 1606,1400 1650,1403 1695,1403 1740,1403 1785,1406 1830,1409 1874,1409 1919,1409 1964,1409 2009,1409 2054,1409 2098,1412 2143,1409 2188,1409 2233,1412 2277,1412 2301,1409"/>
                <Word id="r_22_tl_22_w1" custom="readingOrder {index:0;}">
                    <Coords points="1285,1355 1285,1415 1344,1415 1344,1355"/>
                    <TextEquiv>
                        <Unicode>mit</Unicode>
                    </TextEquiv>
                </Word>
                <Word id="r_22_tl_22_w2" custom="readingOrder {index:1;}">
                    <Coords points="1367,1357 1367,1417 1415,1417 1415,1357"/>
                    <TextEquiv>
                        <Unicode>der</Unicode>
                    </TextEquiv>
                </Word>
                <Word id="r_22_tl_22_w3" custom="readingOrder {index:2;}">
                    <Coords points="1443,1360 1443,1420 1556,1420 1556,1360"/>
                    <TextEquiv>
                        <Unicode>grösten</Unicode>
                    </TextEquiv>
                </Word>
                <Word id="r_22_tl_22_w4" custom="readingOrder {index:3;}">
                    <Coords points="1589,1363 1589,1423 1828,1423 1828,1363"/>
                    <TextEquiv>
                        <Unicode>Lebensgefahr</Unicode>
                    </TextEquiv>
                </Word>
                <Word id="r_22_tl_22_w5" custom="readingOrder {index:4;}">
                    <Coords points="1856,1369 1856,1429 1882,1429 1882,1369"/>
                    <TextEquiv>
                        <Unicode>in</Unicode>
                    </TextEquiv>
                </Word>
                <Word id="r_22_tl_22_w6" custom="readingOrder {index:5;}">
                    <Coords points="1910,1369 1910,1429 1970,1429 1970,1369"/>
                    <TextEquiv>
                        <Unicode>sein</Unicode>
                    </TextEquiv>
                </Word>
                <Word id="r_22_tl_22_w7" custom="readingOrder {index:6;}">
                    <Coords points="2003,1369 2003,1429 2116,1429 2116,1369"/>
                    <TextEquiv>
                        <Unicode>Both,</Unicode>
                    </TextEquiv>
                </Word>
                <Word id="r_22_tl_22_w8" custom="readingOrder {index:7;}">
                    <Coords points="2144,1369 2144,1429 2230,1429 2230,1369"/>
                    <TextEquiv>
                        <Unicode>setzte</Unicode>
                    </TextEquiv>
                </Word>
                <Word id="r_22_tl_22_w9" custom="readingOrder {index:8;}">
                    <Coords points="2253,1372 2253,1432 2284,1432 2284,1372"/>
                    <TextEquiv>
                        <Unicode>an</Unicode>
                    </TextEquiv>
                </Word>
                <TextEquiv>
                    <Unicode>mit der grösten Lebensgefahr in sein Both, setzte an</Unicode>
                </TextEquiv>
            </TextLine>
            <TextLine id="r_22_tl_23" custom="readingOrder {index:22;}">
                <Coords points="1283,1470 2294,1473 2278,1417 1282,1404"/>
                <Baseline points="1289,1444 1334,1444 1379,1444 1424,1447 1468,1450 1513,1450 1558,1447 1603,1450 1648,1450 1692,1453 1737,1453 1782,1456 1827,1456 1871,1456 1916,1456 1961,1456 2006,1459 2051,1459 2095,1462 2140,1462 2185,1459 2230,1459 2274,1459 2298,1459"/>
                <Word id="r_22_tl_23_w1" custom="readingOrder {index:0;}">
                    <Coords points="1282,1404 1282,1464 1336,1464 1336,1404"/>
                    <TextEquiv>
                        <Unicode>das</Unicode>
                    </TextEquiv>
                </Word>
                <Word id="r_22_tl_23_w2" custom="readingOrder {index:1;}">
                    <Coords points="1363,1408 1363,1468 1519,1468 1519,1408"/>
                    <TextEquiv>
                        <Unicode>verlaßne</Unicode>
                    </TextEquiv>
                </Word>
                <Word id="r_22_tl_23_w3" custom="readingOrder {index:2;}">
                    <Coords points="1542,1410 1542,1470 1671,1470 1671,1410"/>
                    <TextEquiv>
                        <Unicode>Schiff,</Unicode>
                    </TextEquiv>
                </Word>
                <Word id="r_22_tl_23_w4" custom="readingOrder {index:3;}">
                    <Coords points="1693,1413 1693,1473 1752,1473 1752,1413"/>
                    <TextEquiv>
                        <Unicode>und</Unicode>
                    </TextEquiv>
                </Word>
                <Word id="r_22_tl_23_w5" custom="readingOrder {index:4;}">
                    <Coords points="1779,1416 1779,1476 1903,1476 1903,1416"/>
                    <TextEquiv>
                        <Unicode>brachte</Unicode>
                    </TextEquiv>
                </Word>
                <Word id="r_22_tl_23_w6" custom="readingOrder {index:5;}">
                    <Coords points="1925,1417 1925,1477 2038,1477 2038,1417"/>
                    <TextEquiv>
                        <Unicode>solches</Unicode>
                    </TextEquiv>
                </Word>
                <Word id="r_22_tl_23_w7" custom="readingOrder {index:6;}">
                    <Coords points="2060,1422 2060,1482 2206,1482 2206,1422"/>
                    <TextEquiv>
                        <Unicode>glücklich</Unicode>
                    </TextEquiv>
                </Word>
                <Word id="r_22_tl_23_w8" custom="readingOrder {index:7;}">
                    <Coords points="2228,1419 2228,1479 2292,1479 2292,1419"/>
                    <TextEquiv>
                        <Unicode>mit</Unicode>
                    </TextEquiv>
                </Word>
                <TextEquiv>
                    <Unicode>das verlaßne Schiff, und brachte solches glücklich mit</Unicode>
                </TextEquiv>
            </TextLine>
            <TextLine id="r_22_tl_24" custom="readingOrder {index:23;}">
                <Coords points="1281,1511 2292,1521 2239,1467 1279,1473"/>
                <Baseline points="1286,1492 1331,1495 1376,1495 1421,1498 1465,1501 1510,1501 1555,1498 1600,1501 1645,1501 1689,1501 1734,1504 1779,1504 1824,1507 1868,1507 1913,1504 1958,1507 2003,1507 2048,1510 2092,1507 2137,1510 2182,1510 2227,1510 2271,1510 2295,1510"/>
                <Word id="r_22_tl_24_w1" custom="readingOrder {index:0;}">
                    <Coords points="1279,1454 1279,1514 1358,1514 1358,1454"/>
                    <TextEquiv>
                        <Unicode>allen</Unicode>
                    </TextEquiv>
                </Word>
                <Word id="r_22_tl_24_w2" custom="readingOrder {index:1;}">
                    <Coords points="1390,1459 1390,1519 1490,1519 1490,1459"/>
                    <TextEquiv>
                        <Unicode>seinen</Unicode>
                    </TextEquiv>
                </Word>
                <Word id="r_22_tl_24_w3" custom="readingOrder {index:2;}">
                    <Coords points="1517,1460 1517,1520 1670,1520 1670,1460"/>
                    <TextEquiv>
                        <Unicode>Zubehör</Unicode>
                    </TextEquiv>
                </Word>
                <Word id="r_22_tl_24_w4" custom="readingOrder {index:3;}">
                    <Coords points="1692,1464 1692,1524 1776,1524 1776,1464"/>
                    <TextEquiv>
                        <Unicode>ohne</Unicode>
                    </TextEquiv>
                </Word>
                <Word id="r_22_tl_24_w5" custom="readingOrder {index:4;}">
                    <Coords points="1804,1467 1804,1527 1882,1527 1882,1467"/>
                    <TextEquiv>
                        <Unicode>allen</Unicode>
                    </TextEquiv>
                </Word>
                <Word id="r_22_tl_24_w6" custom="readingOrder {index:5;}">
                    <Coords points="1920,1467 1920,1527 2073,1527 2073,1467"/>
                    <TextEquiv>
                        <Unicode>Schaden</Unicode>
                    </TextEquiv>
                </Word>
                <Word id="r_22_tl_24_w7" custom="readingOrder {index:6;}">
                    <Coords points="2110,1470 2110,1530 2173,1530 2173,1470"/>
                    <TextEquiv>
                        <Unicode>und</Unicode>
                    </TextEquiv>
                </Word>
                <Word id="r_22_tl_24_w8" custom="readingOrder {index:7;}">
                    <Coords points="2206,1470 2206,1530 2290,1530 2290,1470"/>
                    <TextEquiv>
                        <Unicode>ohne</Unicode>
                    </TextEquiv>
                </Word>
                <TextEquiv>
                    <Unicode>allen seinen Zubehör ohne allen Schaden und ohne</Unicode>
                </TextEquiv>
            </TextLine>
            <TextLine id="r_22_tl_25" custom="readingOrder {index:24;}">
                <Coords points="1283,1567 2289,1578 2252,1524 1282,1511"/>
                <Baseline points="1289,1546 1334,1543 1379,1546 1424,1546 1468,1549 1513,1549 1558,1549 1603,1549 1648,1552 1692,1552 1737,1552 1782,1555 1827,1555 1871,1558 1916,1558 1961,1558 2006,1555 2051,1558 2095,1558 2140,1558 2185,1558 2230,1558 2274,1561 2292,1558"/>
                <Word id="r_22_tl_25_w1" custom="readingOrder {index:0;}">
                    <Coords points="1282,1504 1282,1564 1336,1564 1336,1504"/>
                    <TextEquiv>
                        <Unicode>daß</Unicode>
                    </TextEquiv>
                </Word>
                <Word id="r_22_tl_25_w2" custom="readingOrder {index:1;}">
                    <Coords points="1369,1506 1369,1566 1411,1566 1411,1506"/>
                    <TextEquiv>
                        <Unicode>die</Unicode>
                    </TextEquiv>
                </Word>
                <Word id="r_22_tl_25_w3" custom="readingOrder {index:2;}">
                    <Coords points="1433,1509 1433,1569 1557,1569 1557,1509"/>
                    <TextEquiv>
                        <Unicode>Lootsen</Unicode>
                    </TextEquiv>
                </Word>
                <Word id="r_22_tl_25_w4" custom="readingOrder {index:3;}">
                    <Coords points="1585,1509 1585,1569 1638,1569 1638,1509"/>
                    <TextEquiv>
                        <Unicode>ihm</Unicode>
                    </TextEquiv>
                </Word>
                <Word id="r_22_tl_25_w5" custom="readingOrder {index:4;}">
                    <Coords points="1676,1512 1676,1572 1708,1572 1708,1512"/>
                    <TextEquiv>
                        <Unicode>zu</Unicode>
                    </TextEquiv>
                </Word>
                <Word id="r_22_tl_25_w6" custom="readingOrder {index:5;}">
                    <Coords points="1741,1515 1741,1575 1844,1575 1844,1515"/>
                    <TextEquiv>
                        <Unicode>Hülfe</Unicode>
                    </TextEquiv>
                </Word>
                <Word id="r_22_tl_25_w7" custom="readingOrder {index:6;}">
                    <Coords points="1866,1518 1866,1578 1995,1578 1995,1518"/>
                    <TextEquiv>
                        <Unicode>kamen,</Unicode>
                    </TextEquiv>
                </Word>
                <Word id="r_22_tl_25_w8" custom="readingOrder {index:7;}">
                    <Coords points="2023,1517 2023,1577 2049,1577 2049,1517"/>
                    <TextEquiv>
                        <Unicode>in</Unicode>
                    </TextEquiv>
                </Word>
                <Word id="r_22_tl_25_w9" custom="readingOrder {index:8;}">
                    <Coords points="2082,1518 2082,1578 2195,1578 2195,1518"/>
                    <TextEquiv>
                        <Unicode>Pillau</Unicode>
                    </TextEquiv>
                </Word>
                <Word id="r_22_tl_25_w10" custom="readingOrder {index:9;}">
                    <Coords points="2228,1520 2228,1580 2292,1580 2292,1520"/>
                    <TextEquiv>
                        <Unicode>ein,</Unicode>
                    </TextEquiv>
                </Word>
                <TextEquiv>
                    <Unicode>daß die Lootsen ihm zu Hülfe kamen, in Pillau ein,</Unicode>
                </TextEquiv>
            </TextLine>
            <TextLine id="r_22_tl_26" custom="readingOrder {index:25;}">
                <Coords points="1276,1603 2136,1628 2294,1620 2294,1581 1274,1568"/>
                <Baseline points="1283,1594 1328,1594 1373,1594 1418,1597 1462,1597 1507,1600 1552,1600 1597,1597 1642,1600 1686,1603 1731,1603 1776,1606 1821,1606 1865,1606 1910,1606 1955,1606 2000,1606 2045,1606 2089,1606 2134,1609 2179,1609 2224,1609 2269,1609 2298,1606"/>
                <Word id="r_22_tl_26_w1" custom="readingOrder {index:0;}">
                    <Coords points="1280,1554 1280,1614 1339,1614 1339,1554"/>
                    <TextEquiv>
                        <Unicode>und</Unicode>
                    </TextEquiv>
                </Word>
                <Word id="r_22_tl_26_w2" custom="readingOrder {index:1;}">
                    <Coords points="1361,1555 1361,1615 1415,1615 1415,1555"/>
                    <TextEquiv>
                        <Unicode>gab</Unicode>
                    </TextEquiv>
                </Word>
                <Word id="r_22_tl_26_w3" custom="readingOrder {index:2;}">
                    <Coords points="1449,1559 1449,1619 1562,1619 1562,1559"/>
                    <TextEquiv>
                        <Unicode>solches</Unicode>
                    </TextEquiv>
                </Word>
                <Word id="r_22_tl_26_w4" custom="readingOrder {index:3;}">
                    <Coords points="1590,1559 1590,1619 1687,1619 1687,1559"/>
                    <TextEquiv>
                        <Unicode>seinem</Unicode>
                    </TextEquiv>
                </Word>
                <Word id="r_22_tl_26_w5" custom="readingOrder {index:4;}">
                    <Coords points="1731,1566 1731,1626 1889,1626 1889,1566"/>
                    <TextEquiv>
                        <Unicode>Besitzer,</Unicode>
                    </TextEquiv>
                </Word>
                <Word id="r_22_tl_26_w6" custom="readingOrder {index:5;}">
                    <Coords points="1911,1566 1911,1626 2030,1626 2030,1566"/>
                    <TextEquiv>
                        <Unicode>David</Unicode>
                    </TextEquiv>
                </Word>
                <Word id="r_22_tl_26_w7" custom="readingOrder {index:6;}">
                    <Coords points="2047,1567 2047,1627 2177,1627 2177,1567"/>
                    <TextEquiv>
                        <Unicode>Hansen</Unicode>
                    </TextEquiv>
                </Word>
                <Word id="r_22_tl_26_w8" custom="readingOrder {index:7;}">
                    <Coords points="2200,1569 2200,1629 2297,1629 2297,1569"/>
                    <TextEquiv>
                        <Unicode>Nett=</Unicode>
                    </TextEquiv>
                </Word>
                <TextEquiv>
                    <Unicode>und gab solches seinem Besitzer, David Hansen Nett=</Unicode>
                </TextEquiv>
            </TextLine>
            <TextLine id="r_22_tl_27" custom="readingOrder {index:26;}">
                <Coords points="1279,1658 2241,1675 2292,1672 2292,1625 1278,1603"/>
                <Baseline points="1286,1645 1331,1645 1376,1645 1421,1645 1465,1645 1510,1648 1555,1648 1600,1650 1645,1650 1689,1650 1734,1653 1779,1653 1824,1653 1868,1653 1913,1653 1958,1653 2003,1653 2048,1656 2092,1656 2137,1656 2182,1659 2227,1656 2271,1659 2295,1656"/>
                <Word id="r_22_tl_27_w1" custom="readingOrder {index:0;}">
                    <Coords points="1277,1605 1277,1665 1326,1665 1326,1605"/>
                    <TextEquiv>
                        <Unicode>ler</Unicode>
                    </TextEquiv>
                </Word>
                <Word id="r_22_tl_27_w2" custom="readingOrder {index:1;}">
                    <Coords points="1346,1605 1346,1665 1404,1665 1404,1605"/>
                    <TextEquiv>
                        <Unicode>von</Unicode>
                    </TextEquiv>
                </Word>
                <Word id="r_22_tl_27_w3" custom="readingOrder {index:2;}">
                    <Coords points="1440,1608 1440,1668 1690,1668 1690,1608"/>
                    <TextEquiv>
                        <Unicode>Sonderburg,</Unicode>
                    </TextEquiv>
                </Word>
                <Word id="r_22_tl_27_w4" custom="readingOrder {index:3;}">
                    <Coords points="1720,1613 1720,1673 1931,1673 1931,1613"/>
                    <TextEquiv>
                        <Unicode>ohnerachtet</Unicode>
                    </TextEquiv>
                </Word>
                <Word id="r_22_tl_27_w5" custom="readingOrder {index:4;}">
                    <Coords points="1956,1613 1956,1673 1985,1673 1985,1613"/>
                    <TextEquiv>
                        <Unicode>er</Unicode>
                    </TextEquiv>
                </Word>
                <Word id="r_22_tl_27_w6" custom="readingOrder {index:5;}">
                    <Coords points="2021,1616 2021,1676 2113,1676 2113,1616"/>
                    <TextEquiv>
                        <Unicode>dafür</Unicode>
                    </TextEquiv>
                </Word>
                <Word id="r_22_tl_27_w7" custom="readingOrder {index:6;}">
                    <Coords points="2143,1617 2143,1677 2187,1677 2187,1617"/>
                    <TextEquiv>
                        <Unicode>ein</Unicode>
                    </TextEquiv>
                </Word>
                <Word id="r_22_tl_27_w8" custom="readingOrder {index:7;}">
                    <Coords points="2227,1618 2227,1678 2295,1678 2295,1618"/>
                    <TextEquiv>
                        <Unicode>An¬</Unicode>
                    </TextEquiv>
                </Word>
                <TextEquiv>
                    <Unicode>ler von Sonderburg, ohnerachtet er dafür ein An¬</Unicode>
                </TextEquiv>
            </TextLine>
            <TextLine id="r_22_tl_28" custom="readingOrder {index:27;}">
                <Coords points="1286,1711 2302,1712 2270,1664 1285,1657"/>
                <Baseline points="1292,1695 1337,1692 1382,1695 1427,1692 1471,1695 1516,1695 1561,1698 1606,1698 1650,1698 1695,1701 1740,1701 1785,1698 1830,1701 1874,1701 1919,1701 1964,1701 2009,1704 2054,1704 2098,1704 2143,1704 2188,1707 2233,1707 2277,1707 2304,1704"/>
                <Word id="r_22_tl_28_w1" custom="readingOrder {index:0;}">
                    <Coords points="1280,1654 1280,1714 1454,1714 1454,1654"/>
                    <TextEquiv>
                        <Unicode>sehnliches</Unicode>
                    </TextEquiv>
                </Word>
                <Word id="r_22_tl_28_w2" custom="readingOrder {index:1;}">
                    <Coords points="1482,1655 1482,1715 1571,1715 1571,1655"/>
                    <TextEquiv>
                        <Unicode>hätte</Unicode>
                    </TextEquiv>
                </Word>
                <Word id="r_22_tl_28_w3" custom="readingOrder {index:2;}">
                    <Coords points="1593,1658 1593,1718 1731,1718 1731,1658"/>
                    <TextEquiv>
                        <Unicode>erhalten</Unicode>
                    </TextEquiv>
                </Word>
                <Word id="r_22_tl_28_w4" custom="readingOrder {index:3;}">
                    <Coords points="1763,1661 1763,1721 1901,1721 1901,1661"/>
                    <TextEquiv>
                        <Unicode>können,</Unicode>
                    </TextEquiv>
                </Word>
                <Word id="r_22_tl_28_w5" custom="readingOrder {index:4;}">
                    <Coords points="1928,1664 1928,1724 2172,1724 2172,1664"/>
                    <TextEquiv>
                        <Unicode>ohnentgeltlich</Unicode>
                    </TextEquiv>
                </Word>
                <Word id="r_22_tl_28_w6" custom="readingOrder {index:5;}">
                    <Coords points="2205,1667 2205,1727 2300,1727 2300,1667"/>
                    <TextEquiv>
                        <Unicode>groß¬</Unicode>
                    </TextEquiv>
                </Word>
                <TextEquiv>
                    <Unicode>sehnliches hätte erhalten können, ohnentgeltlich groß¬</Unicode>
                </TextEquiv>
            </TextLine>
            <TextLine id="r_22_tl_29" custom="readingOrder {index:28;}">
                <Coords points="1276,1745 1732,1750 1785,1782 2057,1753 2204,1789 2300,1762 2289,1715 1276,1707"/>
                <Baseline points="1283,1737 1328,1737 1373,1740 1418,1740 1462,1740 1507,1743 1552,1743 1597,1746 1642,1743 1686,1746 1731,1749 1776,1746 1821,1746 1865,1749 1910,1749 1955,1749 2000,1749 2045,1752 2089,1752 2134,1752 2179,1755 2224,1755 2269,1758 2301,1758"/>
                <Word id="r_22_tl_29_w1" custom="readingOrder {index:0;}">
                    <Coords points="1281,1697 1281,1757 1404,1757 1404,1697"/>
                    <TextEquiv>
                        <Unicode>müthig</Unicode>
                    </TextEquiv>
                </Word>
                <Word id="r_22_tl_29_w2" custom="readingOrder {index:1;}">
                    <Coords points="1437,1702 1437,1762 1555,1762 1555,1702"/>
                    <TextEquiv>
                        <Unicode>wieder</Unicode>
                    </TextEquiv>
                </Word>
                <Word id="r_22_tl_29_w3" custom="readingOrder {index:2;}">
                    <Coords points="1577,1703 1577,1763 1706,1763 1706,1703"/>
                    <TextEquiv>
                        <Unicode>zurück.</Unicode>
                    </TextEquiv>
                </Word>
                <Word id="r_22_tl_29_w4" custom="readingOrder {index:3;}">
                    <Coords points="1779,1706 1779,1766 1862,1766 1862,1706"/>
                    <TextEquiv>
                        <Unicode>Das</Unicode>
                    </TextEquiv>
                </Word>
                <Word id="r_22_tl_29_w5" custom="readingOrder {index:4;}">
                    <Coords points="1899,1709 1899,1769 2044,1769 2044,1709"/>
                    <TextEquiv>
                        <Unicode>errettete</Unicode>
                    </TextEquiv>
                </Word>
                <Word id="r_22_tl_29_w6" custom="readingOrder {index:5;}">
                    <Coords points="2075,1712 2075,1772 2194,1772 2194,1712"/>
                    <TextEquiv>
                        <Unicode>Schiff</Unicode>
                    </TextEquiv>
                </Word>
                <Word id="r_22_tl_29_w7" custom="readingOrder {index:6;}">
                    <Coords points="2221,1717 2221,1777 2288,1777 2288,1717"/>
                    <TextEquiv>
                        <Unicode>hieß</Unicode>
                    </TextEquiv>
                </Word>
                <TextEquiv>
                    <Unicode>müthig wieder zurück. Das errettete Schiff hieß</Unicode>
                </TextEquiv>
            </TextLine>
            <TextLine id="r_22_tl_30" custom="readingOrder {index:29;}">
                <Coords points="1281,1821 1335,1815 1371,1825 1392,1816 1501,1810 1500,1762 1479,1764 1447,1750 1403,1758 1391,1749 1326,1759 1303,1746 1278,1745"/>
                <Baseline points="1286,1779 1331,1782 1376,1782 1421,1782 1465,1785 1504,1788"/>
                <Word id="r_22_tl_30_w1" custom="readingOrder {index:0;}">
                    <Coords points="1285,1742 1285,1802 1492,1802 1492,1742"/>
                    <TextEquiv>
                        <Unicode>Catharina.</Unicode>
                    </TextEquiv>
                </Word>
                <TextEquiv>
                    <Unicode>Catharina.</Unicode>
                </TextEquiv>
            </TextLine>
            <TextEquiv>
                <Unicode></Unicode>
            </TextEquiv>
        </TextRegion>
        <TextRegion id="r_46" custom="readingOrder {index:2;}">
            <Coords points="2334,1897 2334,2465 1261,2465 1264,1897"/>
            <TextLine id="r_46_tl_1" custom="readingOrder {index:0;}">
                <Coords points="1593,1955 1658,1943 1712,1964 1751,1944 1826,1963 1854,1944 1991,1961 1990,1907 1948,1896 1826,1896 1776,1870 1592,1899"/>
                <Baseline points="1600,1940 1645,1937 1689,1940 1734,1940 1779,1940 1824,1940 1868,1940 1913,1943 1958,1943 1994,1946"/>
                <Word id="r_46_tl_1_w1" custom="readingOrder {index:0;}">
                    <Coords points="1594,1900 1594,1960 1993,1960 1993,1900"/>
                    <TextEquiv>
                        <Unicode>AVERTISSEMENT.</Unicode>
                    </TextEquiv>
                </Word>
                <TextEquiv>
                    <Unicode>AVERTISSEMENT.</Unicode>
                </TextEquiv>
            </TextLine>
            <TextLine id="r_46_tl_2" custom="readingOrder {index:1;}">
                <Coords points="1321,1991 2143,2018 2285,2009 2294,1972 2189,1943 2093,1969 1320,1943"/>
                <Baseline points="1328,1979 1373,1982 1418,1985 1462,1985 1507,1988 1552,1988 1597,1988 1642,1991 1686,1991 1731,1991 1776,1994 1821,1997 1865,1991 1910,1997 1955,1997 2000,1994 2045,1994 2089,1994 2134,1997 2179,1997 2224,1997 2269,2000 2298,1994"/>
                <Word id="r_46_tl_2_w1" custom="readingOrder {index:0;}">
                    <Coords points="1326,1941 1326,2001 1403,2001 1403,1941"/>
                    <TextEquiv>
                        <Unicode>Bey</Unicode>
                    </TextEquiv>
                </Word>
                <Word id="r_46_tl_2_w2" custom="readingOrder {index:1;}">
                    <Coords points="1437,1945 1437,2005 1486,2005 1486,1945"/>
                    <TextEquiv>
                        <Unicode>dem</Unicode>
                    </TextEquiv>
                </Word>
                <Word id="r_46_tl_2_w3" custom="readingOrder {index:2;}">
                    <Coords points="1537,1949 1537,2009 1697,2009 1697,1949"/>
                    <TextEquiv>
                        <Unicode>Verleger</Unicode>
                    </TextEquiv>
                </Word>
                <Word id="r_46_tl_2_w4" custom="readingOrder {index:3;}">
                    <Coords points="1731,1954 1731,2014 1825,2014 1825,1954"/>
                    <TextEquiv>
                        <Unicode>dieser</Unicode>
                    </TextEquiv>
                </Word>
                <Word id="r_46_tl_2_w5" custom="readingOrder {index:4;}">
                    <Coords points="1859,1957 1859,2017 1997,2017 1997,1957"/>
                    <TextEquiv>
                        <Unicode>Zeitung</Unicode>
                    </TextEquiv>
                </Word>
                <Word id="r_46_tl_2_w6" custom="readingOrder {index:5;}">
                    <Coords points="2031,1954 2031,2014 2069,2014 2069,1954"/>
                    <TextEquiv>
                        <Unicode>ist</Unicode>
                    </TextEquiv>
                </Word>
                <Word id="r_46_tl_2_w7" custom="readingOrder {index:6;}">
                    <Coords points="2098,1955 2098,2015 2124,2015 2124,1955"/>
                    <TextEquiv>
                        <Unicode>zu</Unicode>
                    </TextEquiv>
                </Word>
                <Word id="r_46_tl_2_w8" custom="readingOrder {index:7;}">
                    <Coords points="2159,1957 2159,2017 2297,2017 2297,1957"/>
                    <TextEquiv>
                        <Unicode>haben:</Unicode>
                    </TextEquiv>
                </Word>
                <TextEquiv>
                    <Unicode>Bey dem Verleger dieser Zeitung ist zu haben:</Unicode>
                </TextEquiv>
            </TextLine>
            <TextLine id="r_46_tl_3" custom="readingOrder {index:2;}">
                <Coords points="1273,2048 2292,2057 2292,2020 2204,2007 1273,1987"/>
                <Baseline points="1280,2033 1325,2033 1370,2036 1415,2036 1459,2036 1504,2036 1549,2036 1594,2039 1639,2039 1683,2039 1728,2042 1773,2042 1818,2042 1862,2042 1907,2042 1952,2042 1997,2045 2042,2045 2086,2042 2131,2045 2176,2045 2221,2045 2266,2048 2295,2051"/>
                <Word id="r_46_tl_3_w1" custom="readingOrder {index:0;}">
                    <Coords points="1273,1995 1273,2055 1448,2055 1448,1995"/>
                    <TextEquiv>
                        <Unicode>Melanges</Unicode>
                    </TextEquiv>
                </Word>
                <Word id="r_46_tl_3_w2" custom="readingOrder {index:1;}">
                    <Coords points="1474,1996 1474,2056 1509,2056 1509,1996"/>
                    <TextEquiv>
                        <Unicode>de</Unicode>
                    </TextEquiv>
                </Word>
                <Word id="r_46_tl_3_w3" custom="readingOrder {index:2;}">
                    <Coords points="1529,1999 1529,2059 1730,2059 1730,1999"/>
                    <TextEquiv>
                        <Unicode>litterature,</Unicode>
                    </TextEquiv>
                </Word>
                <Word id="r_46_tl_3_w4" custom="readingOrder {index:3;}">
                    <Coords points="1756,2002 1756,2062 1932,2062 1932,2002"/>
                    <TextEquiv>
                        <Unicode>d'histoire</Unicode>
                    </TextEquiv>
                </Word>
                <Word id="r_46_tl_3_w5" custom="readingOrder {index:4;}">
                    <Coords points="1953,2003 1953,2063 1983,2063 1983,2003"/>
                    <TextEquiv>
                        <Unicode>de</Unicode>
                    </TextEquiv>
                </Word>
                <Word id="r_46_tl_3_w6" custom="readingOrder {index:5;}">
                    <Coords points="2004,2003 2004,2063 2215,2063 2215,2003"/>
                    <TextEquiv>
                        <Unicode>philosophie</Unicode>
                    </TextEquiv>
                </Word>
                <Word id="r_46_tl_3_w7" custom="readingOrder {index:6;}">
                    <Coords points="2235,2007 2235,2067 2285,2067 2285,2007"/>
                    <TextEquiv>
                        <Unicode>par</Unicode>
                    </TextEquiv>
                </Word>
                <TextEquiv>
                    <Unicode>Melanges de litterature, d'histoire de philosophie par</Unicode>
                </TextEquiv>
            </TextLine>
            <TextLine id="r_46_tl_4" custom="readingOrder {index:3;}">
                <Coords points="1279,2108 2289,2110 2271,2060 1279,2051"/>
                <Baseline points="1286,2083 1331,2083 1376,2083 1421,2086 1465,2086 1510,2086 1555,2086 1600,2089 1645,2089 1689,2089 1734,2089 1779,2092 1824,2092 1868,2095 1913,2092 1958,2092 2003,2092 2048,2095 2092,2095 2137,2095 2182,2098 2227,2098 2271,2098 2292,2098"/>
                <Word id="r_46_tl_4_w1" custom="readingOrder {index:0;}">
                    <Coords points="1279,2043 1279,2103 1343,2103 1343,2043"/>
                    <TextEquiv>
                        <Unicode>Mr.</Unicode>
                    </TextEquiv>
                </Word>
                <Word id="r_46_tl_4_w2" custom="readingOrder {index:1;}">
                    <Coords points="1359,2043 1359,2103 1369,2103 1369,2043"/>
                    <TextEquiv>
                        <Unicode>d</Unicode>
                    </TextEquiv>
                </Word>
                <Word id="r_46_tl_4_w3" custom="readingOrder {index:2;}">
                    <Coords points="1399,2046 1399,2106 1591,2106 1591,2046"/>
                    <TextEquiv>
                        <Unicode>Alembert,</Unicode>
                    </TextEquiv>
                </Word>
                <Word id="r_46_tl_4_w4" custom="readingOrder {index:3;}">
                    <Coords points="1612,2049 1612,2109 1621,2109 1621,2049"/>
                    <TextEquiv>
                        <Unicode>4</Unicode>
                    </TextEquiv>
                </Word>
                <Word id="r_46_tl_4_w5" custom="readingOrder {index:4;}">
                    <Coords points="1652,2049 1652,2109 1732,2109 1732,2049"/>
                    <TextEquiv>
                        <Unicode>Vol.</Unicode>
                    </TextEquiv>
                </Word>
                <Word id="r_46_tl_4_w6" custom="readingOrder {index:5;}">
                    <Coords points="1748,2051 1748,2111 1798,2111 1798,2051"/>
                    <TextEquiv>
                        <Unicode>gr.</Unicode>
                    </TextEquiv>
                </Word>
                <Word id="r_46_tl_4_w7" custom="readingOrder {index:6;}">
                    <Coords points="1814,2053 1814,2113 1874,2113 1874,2053"/>
                    <TextEquiv>
                        <Unicode>12,</Unicode>
                    </TextEquiv>
                </Word>
                <Word id="r_46_tl_4_w8" custom="readingOrder {index:7;}">
                    <Coords points="1904,2052 1904,2112 2015,2112 2015,2052"/>
                    <TextEquiv>
                        <Unicode>Amst.</Unicode>
                    </TextEquiv>
                </Word>
                <Word id="r_46_tl_4_w9" custom="readingOrder {index:8;}">
                    <Coords points="2041,2055 2041,2115 2081,2115 2081,2055"/>
                    <TextEquiv>
                        <Unicode>12</Unicode>
                    </TextEquiv>
                </Word>
                <Word id="r_46_tl_4_w10" custom="readingOrder {index:9;}">
                    <Coords points="2106,2055 2106,2115 2141,2115 2141,2055"/>
                    <TextEquiv>
                        <Unicode>fl.</Unicode>
                    </TextEquiv>
                </Word>
                <Word id="r_46_tl_4_w11" custom="readingOrder {index:10;}">
                    <Coords points="2202,2058 2202,2118 2282,2118 2282,2058"/>
                    <TextEquiv>
                        <Unicode>Juge</Unicode>
                    </TextEquiv>
                </Word>
                <TextEquiv>
                    <Unicode>Mr. d Alembert, 4 Vol. gr. 12, Amst. 12 fl. Juge</Unicode>
                </TextEquiv>
            </TextLine>
            <TextLine id="r_46_tl_5" custom="readingOrder {index:4;}">
                <Coords points="1288,2152 2252,2173 2294,2125 1287,2106"/>
                <Baseline points="1295,2134 1340,2131 1385,2131 1430,2134 1474,2134 1519,2131 1564,2134 1609,2137 1653,2137 1698,2137 1743,2140 1788,2140 1833,2143 1877,2143 1922,2143 1967,2143 2012,2143 2057,2143 2101,2143 2146,2146 2191,2146 2236,2146 2280,2149 2298,2149"/>
                <Word id="r_46_tl_5_w1" custom="readingOrder {index:0;}">
                    <Coords points="1282,2091 1282,2151 1410,2151 1410,2091"/>
                    <TextEquiv>
                        <Unicode>prevenu</Unicode>
                    </TextEquiv>
                </Word>
                <Word id="r_46_tl_5_w2" custom="readingOrder {index:1;}">
                    <Coords points="1452,2093 1452,2153 1508,2153 1508,2093"/>
                    <TextEquiv>
                        <Unicode>par</Unicode>
                    </TextEquiv>
                </Word>
                <Word id="r_46_tl_5_w3" custom="readingOrder {index:2;}">
                    <Coords points="1544,2095 1544,2155 1622,2155 1622,2095"/>
                    <TextEquiv>
                        <Unicode>Md.</Unicode>
                    </TextEquiv>
                </Word>
                <Word id="r_46_tl_5_w4" custom="readingOrder {index:3;}">
                    <Coords points="1648,2097 1648,2157 1683,2157 1683,2097"/>
                    <TextEquiv>
                        <Unicode>de</Unicode>
                    </TextEquiv>
                </Word>
                <Word id="r_46_tl_5_w5" custom="readingOrder {index:4;}">
                    <Coords points="1715,2099 1715,2159 1761,2159 1761,2099"/>
                    <TextEquiv>
                        <Unicode>V.</Unicode>
                    </TextEquiv>
                </Word>
                <Word id="r_46_tl_5_w6" custom="readingOrder {index:5;}">
                    <Coords points="1777,2101 1777,2161 1838,2161 1838,2101"/>
                    <TextEquiv>
                        <Unicode>12,</Unicode>
                    </TextEquiv>
                </Word>
                <Word id="r_46_tl_5_w7" custom="readingOrder {index:6;}">
                    <Coords points="1875,2103 1875,2163 1889,2163 1889,2103"/>
                    <TextEquiv>
                        <Unicode>5</Unicode>
                    </TextEquiv>
                </Word>
                <Word id="r_46_tl_5_w8" custom="readingOrder {index:7;}">
                    <Coords points="1931,2103 1931,2163 2019,2163 2019,2103"/>
                    <TextEquiv>
                        <Unicode>part.</Unicode>
                    </TextEquiv>
                </Word>
                <Word id="r_46_tl_5_w9" custom="readingOrder {index:8;}">
                    <Coords points="2056,2103 2056,2163 2070,2163 2070,2103"/>
                    <TextEquiv>
                        <Unicode>2</Unicode>
                    </TextEquiv>
                </Word>
                <Word id="r_46_tl_5_w10" custom="readingOrder {index:9;}">
                    <Coords points="2107,2104 2107,2164 2143,2164 2143,2104"/>
                    <TextEquiv>
                        <Unicode>fl.</Unicode>
                    </TextEquiv>
                </Word>
                <Word id="r_46_tl_5_w11" custom="readingOrder {index:10;}">
                    <Coords points="2169,2106 2169,2166 2204,2166 2204,2106"/>
                    <TextEquiv>
                        <Unicode>20</Unicode>
                    </TextEquiv>
                </Word>
                <Word id="r_46_tl_5_w12" custom="readingOrder {index:11;}">
                    <Coords points="2236,2107 2236,2167 2287,2167 2287,2107"/>
                    <TextEquiv>
                        <Unicode>gr.</Unicode>
                    </TextEquiv>
                </Word>
                <TextEquiv>
                    <Unicode>prevenu par Md. de V. 12, 5 part. 2 fl. 20 gr.</Unicode>
                </TextEquiv>
            </TextLine>
            <TextLine id="r_46_tl_6" custom="readingOrder {index:5;}">
                <Coords points="1270,2196 2262,2222 2289,2161 1269,2149"/>
                <Baseline points="1277,2179 1322,2179 1367,2182 1412,2182 1456,2182 1501,2182 1546,2185 1591,2185 1636,2182 1680,2185 1725,2188 1770,2188 1815,2188 1859,2191 1904,2191 1949,2191 1994,2191 2039,2194 2083,2194 2128,2194 2173,2194 2218,2194 2263,2197 2292,2203"/>
                <Word id="r_46_tl_6_w1" custom="readingOrder {index:0;}">
                    <Coords points="1274,2140 1274,2200 1423,2200 1423,2140"/>
                    <TextEquiv>
                        <Unicode>Amours</Unicode>
                    </TextEquiv>
                </Word>
                <Word id="r_46_tl_6_w2" custom="readingOrder {index:1;}">
                    <Coords points="1450,2144 1450,2204 1620,2204 1620,2144"/>
                    <TextEquiv>
                        <Unicode>d'Ismene</Unicode>
                    </TextEquiv>
                </Word>
                <Word id="r_46_tl_6_w3" custom="readingOrder {index:2;}">
                    <Coords points="1652,2144 1652,2204 1682,2204 1682,2144"/>
                    <TextEquiv>
                        <Unicode>et</Unicode>
                    </TextEquiv>
                </Word>
                <Word id="r_46_tl_6_w4" custom="readingOrder {index:3;}">
                    <Coords points="1703,2148 1703,2208 1925,2208 1925,2148"/>
                    <TextEquiv>
                        <Unicode>d'Ismenias,</Unicode>
                    </TextEquiv>
                </Word>
                <Word id="r_46_tl_6_w5" custom="readingOrder {index:4;}">
                    <Coords points="1957,2151 1957,2211 1998,2211 1998,2151"/>
                    <TextEquiv>
                        <Unicode>12</Unicode>
                    </TextEquiv>
                </Word>
                <Word id="r_46_tl_6_w6" custom="readingOrder {index:5;}">
                    <Coords points="2024,2154 2024,2214 2085,2214 2085,2154"/>
                    <TextEquiv>
                        <Unicode>fig.</Unicode>
                    </TextEquiv>
                </Word>
                <Word id="r_46_tl_6_w7" custom="readingOrder {index:6;}">
                    <Coords points="2128,2154 2128,2214 2153,2214 2153,2154"/>
                    <TextEquiv>
                        <Unicode>la</Unicode>
                    </TextEquiv>
                </Word>
                <Word id="r_46_tl_6_w8" custom="readingOrder {index:7;}">
                    <Coords points="2179,2155 2179,2215 2287,2215 2287,2155"/>
                    <TextEquiv>
                        <Unicode>Haye,</Unicode>
                    </TextEquiv>
                </Word>
                <TextEquiv>
                    <Unicode>Amours d'Ismene et d'Ismenias, 12 fig. la Haye,</Unicode>
                </TextEquiv>
            </TextLine>
            <TextLine id="r_46_tl_7" custom="readingOrder {index:6;}">
                <Coords points="1273,2249 2176,2266 2285,2248 2285,2214 1272,2198"/>
                <Baseline points="1280,2230 1325,2230 1370,2233 1415,2233 1459,2233 1504,2233 1549,2233 1594,2236 1639,2233 1683,2233 1728,2236 1773,2236 1818,2239 1862,2239 1907,2242 1952,2242 1997,2242 2042,2242 2086,2242 2131,2245 2176,2245 2221,2245 2266,2245 2289,2245"/>
                <Word id="r_46_tl_7_w1" custom="readingOrder {index:0;}">
                    <Coords points="1277,2190 1277,2250 1292,2250 1292,2190"/>
                    <TextEquiv>
                        <Unicode>1</Unicode>
                    </TextEquiv>
                </Word>
                <Word id="r_46_tl_7_w2" custom="readingOrder {index:1;}">
                    <Coords points="1320,2190 1320,2250 1350,2250 1350,2190"/>
                    <TextEquiv>
                        <Unicode>fl.</Unicode>
                    </TextEquiv>
                </Word>
                <Word id="r_46_tl_7_w3" custom="readingOrder {index:2;}">
                    <Coords points="1367,2193 1367,2253 1403,2253 1403,2193"/>
                    <TextEquiv>
                        <Unicode>24</Unicode>
                    </TextEquiv>
                </Word>
                <Word id="r_46_tl_7_w4" custom="readingOrder {index:3;}">
                    <Coords points="1436,2193 1436,2253 1488,2253 1488,2193"/>
                    <TextEquiv>
                        <Unicode>gr.</Unicode>
                    </TextEquiv>
                </Word>
                <Word id="r_46_tl_7_w5" custom="readingOrder {index:4;}">
                    <Coords points="1536,2194 1536,2254 1689,2254 1689,2194"/>
                    <TextEquiv>
                        <Unicode>Langage</Unicode>
                    </TextEquiv>
                </Word>
                <Word id="r_46_tl_7_w6" custom="readingOrder {index:5;}">
                    <Coords points="1712,2195 1712,2255 1743,2255 1743,2195"/>
                    <TextEquiv>
                        <Unicode>de</Unicode>
                    </TextEquiv>
                </Word>
                <Word id="r_46_tl_7_w7" custom="readingOrder {index:6;}">
                    <Coords points="1770,2196 1770,2256 1795,2256 1795,2196"/>
                    <TextEquiv>
                        <Unicode>la</Unicode>
                    </TextEquiv>
                </Word>
                <Word id="r_46_tl_7_w8" custom="readingOrder {index:7;}">
                    <Coords points="1817,2199 1817,2259 1917,2259 1917,2199"/>
                    <TextEquiv>
                        <Unicode>raison</Unicode>
                    </TextEquiv>
                </Word>
                <Word id="r_46_tl_7_w9" custom="readingOrder {index:8;}">
                    <Coords points="1950,2202 1950,2262 2002,2262 2002,2202"/>
                    <TextEquiv>
                        <Unicode>par</Unicode>
                    </TextEquiv>
                </Word>
                <Word id="r_46_tl_7_w10" custom="readingOrder {index:9;}">
                    <Coords points="2024,2202 2024,2262 2050,2262 2050,2202"/>
                    <TextEquiv>
                        <Unicode>la</Unicode>
                    </TextEquiv>
                </Word>
                <Word id="r_46_tl_7_w11" custom="readingOrder {index:10;}">
                    <Coords points="2077,2205 2077,2265 2188,2265 2188,2205"/>
                    <TextEquiv>
                        <Unicode>Marq.</Unicode>
                    </TextEquiv>
                </Word>
                <Word id="r_46_tl_7_w12" custom="readingOrder {index:11;}">
                    <Coords points="2209,2205 2209,2265 2288,2265 2288,2205"/>
                    <TextEquiv>
                        <Unicode>Car-</Unicode>
                    </TextEquiv>
                </Word>
                <TextEquiv>
                    <Unicode>1 fl. 24 gr. Langage de la raison par la Marq. Car-</Unicode>
                </TextEquiv>
            </TextLine>
            <TextLine id="r_46_tl_8" custom="readingOrder {index:7;}">
                <Coords points="1268,2292 2292,2301 2250,2253 1266,2249"/>
                <Baseline points="1274,2277 1319,2277 1364,2277 1409,2280 1453,2283 1498,2280 1543,2283 1588,2283 1633,2283 1677,2283 1722,2289 1767,2289 1812,2289 1857,2289 1901,2289 1946,2289 1991,2289 2036,2292 2080,2292 2125,2292 2170,2295 2215,2292 2260,2292 2295,2292"/>
                <Word id="r_46_tl_8_w1" custom="readingOrder {index:0;}">
                    <Coords points="1266,2237 1266,2297 1425,2297 1425,2237"/>
                    <TextEquiv>
                        <Unicode>raccioli,</Unicode>
                    </TextEquiv>
                </Word>
                <Word id="r_46_tl_8_w2" custom="readingOrder {index:1;}">
                    <Coords points="1452,2241 1452,2301 1506,2301 1506,2241"/>
                    <TextEquiv>
                        <Unicode>gr.</Unicode>
                    </TextEquiv>
                </Word>
                <Word id="r_46_tl_8_w3" custom="readingOrder {index:2;}">
                    <Coords points="1522,2243 1522,2303 1585,2303 1585,2243"/>
                    <TextEquiv>
                        <Unicode>12.</Unicode>
                    </TextEquiv>
                </Word>
                <Word id="r_46_tl_8_w4" custom="readingOrder {index:3;}">
                    <Coords points="1607,2243 1607,2303 1703,2303 1703,2243"/>
                    <TextEquiv>
                        <Unicode>Liege</Unicode>
                    </TextEquiv>
                </Word>
                <Word id="r_46_tl_8_w5" custom="readingOrder {index:4;}">
                    <Coords points="1730,2249 1730,2309 1815,2309 1815,2249"/>
                    <TextEquiv>
                        <Unicode>763,</Unicode>
                    </TextEquiv>
                </Word>
                <Word id="r_46_tl_8_w6" custom="readingOrder {index:5;}">
                    <Coords points="1842,2249 1842,2309 1857,2309 1857,2249"/>
                    <TextEquiv>
                        <Unicode>1</Unicode>
                    </TextEquiv>
                </Word>
                <Word id="r_46_tl_8_w7" custom="readingOrder {index:6;}">
                    <Coords points="1885,2249 1885,2309 1916,2309 1916,2249"/>
                    <TextEquiv>
                        <Unicode>fl.</Unicode>
                    </TextEquiv>
                </Word>
                <Word id="r_46_tl_8_w8" custom="readingOrder {index:7;}">
                    <Coords points="1938,2249 1938,2309 1975,2309 1975,2249"/>
                    <TextEquiv>
                        <Unicode>15</Unicode>
                    </TextEquiv>
                </Word>
                <Word id="r_46_tl_8_w9" custom="readingOrder {index:8;}">
                    <Coords points="2002,2251 2002,2311 2049,2311 2049,2251"/>
                    <TextEquiv>
                        <Unicode>gr.</Unicode>
                    </TextEquiv>
                </Word>
                <Word id="r_46_tl_8_w10" custom="readingOrder {index:9;}">
                    <Coords points="2104,2254 2104,2314 2215,2314 2215,2254"/>
                    <TextEquiv>
                        <Unicode>Esprit</Unicode>
                    </TextEquiv>
                </Word>
                <Word id="r_46_tl_8_w11" custom="readingOrder {index:10;}">
                    <Coords points="2237,2252 2237,2312 2284,2312 2284,2252"/>
                    <TextEquiv>
                        <Unicode>des</Unicode>
                    </TextEquiv>
                </Word>
                <TextEquiv>
                    <Unicode>raccioli, gr. 12. Liege 763, 1 fl. 15 gr. Esprit des</Unicode>
                </TextEquiv>
            </TextLine>
            <TextLine id="r_46_tl_9" custom="readingOrder {index:8;}">
                <Coords points="1272,2336 2187,2358 2285,2349 2284,2303 1270,2293"/>
                <Baseline points="1277,2325 1322,2328 1367,2328 1412,2328 1456,2328 1501,2328 1546,2328 1591,2331 1636,2334 1680,2334 1725,2334 1770,2334 1815,2337 1859,2337 1904,2337 1949,2337 1994,2337 2039,2340 2083,2340 2128,2340 2173,2340 2218,2340 2263,2340 2289,2337"/>
                <Word id="r_46_tl_9_w1" custom="readingOrder {index:0;}">
                    <Coords points="1275,2288 1275,2348 1480,2348 1480,2288"/>
                    <TextEquiv>
                        <Unicode>Monarques</Unicode>
                    </TextEquiv>
                </Word>
                <Word id="r_46_tl_9_w2" custom="readingOrder {index:1;}">
                    <Coords points="1512,2293 1512,2353 1743,2353 1743,2293"/>
                    <TextEquiv>
                        <Unicode>philosophes,</Unicode>
                    </TextEquiv>
                </Word>
                <Word id="r_46_tl_9_w3" custom="readingOrder {index:2;}">
                    <Coords points="1774,2297 1774,2357 1882,2357 1882,2297"/>
                    <TextEquiv>
                        <Unicode>Marc.</Unicode>
                    </TextEquiv>
                </Word>
                <Word id="r_46_tl_9_w4" custom="readingOrder {index:3;}">
                    <Coords points="1903,2297 1903,2357 2036,2357 2036,2297"/>
                    <TextEquiv>
                        <Unicode>Aurele,</Unicode>
                    </TextEquiv>
                </Word>
                <Word id="r_46_tl_9_w5" custom="readingOrder {index:4;}">
                    <Coords points="2057,2300 2057,2360 2185,2360 2185,2300"/>
                    <TextEquiv>
                        <Unicode>Julien,</Unicode>
                    </TextEquiv>
                </Word>
                <Word id="r_46_tl_9_w6" custom="readingOrder {index:5;}">
                    <Coords points="2206,2300 2206,2360 2278,2360 2278,2300"/>
                    <TextEquiv>
                        <Unicode>Sta-</Unicode>
                    </TextEquiv>
                </Word>
                <TextEquiv>
                    <Unicode>Monarques philosophes, Marc. Aurele, Julien, Sta-</Unicode>
                </TextEquiv>
            </TextLine>
            <TextLine id="r_46_tl_10" custom="readingOrder {index:9;}">
                <Coords points="1274,2386 2292,2395 2267,2348 1273,2345"/>
                <Baseline points="1280,2373 1325,2376 1370,2376 1415,2376 1459,2376 1504,2379 1549,2379 1594,2379 1639,2382 1683,2382 1728,2385 1773,2385 1818,2385 1862,2388 1907,2385 1952,2388 1997,2388 2042,2391 2086,2391 2131,2391 2176,2391 2221,2391 2266,2391 2295,2391"/>
                <Word id="r_46_tl_10_w1" custom="readingOrder {index:0;}">
                    <Coords points="1273,2335 1273,2395 1370,2395 1370,2335"/>
                    <TextEquiv>
                        <Unicode>nislas</Unicode>
                    </TextEquiv>
                </Word>
                <Word id="r_46_tl_10_w2" custom="readingOrder {index:1;}">
                    <Coords points="1391,2336 1391,2396 1422,2396 1422,2336"/>
                    <TextEquiv>
                        <Unicode>et</Unicode>
                    </TextEquiv>
                </Word>
                <Word id="r_46_tl_10_w3" custom="readingOrder {index:2;}">
                    <Coords points="1443,2339 1443,2399 1602,2399 1602,2339"/>
                    <TextEquiv>
                        <Unicode>Frederic,</Unicode>
                    </TextEquiv>
                </Word>
                <Word id="r_46_tl_10_w4" custom="readingOrder {index:3;}">
                    <Coords points="1629,2342 1629,2402 1691,2402 1691,2342"/>
                    <TextEquiv>
                        <Unicode>12,</Unicode>
                    </TextEquiv>
                </Word>
                <Word id="r_46_tl_10_w5" custom="readingOrder {index:4;}">
                    <Coords points="1717,2345 1717,2405 1805,2405 1805,2345"/>
                    <TextEquiv>
                        <Unicode>Paris</Unicode>
                    </TextEquiv>
                </Word>
                <Word id="r_46_tl_10_w6" custom="readingOrder {index:5;}">
                    <Coords points="1826,2347 1826,2407 1913,2407 1913,2347"/>
                    <TextEquiv>
                        <Unicode>764,</Unicode>
                    </TextEquiv>
                </Word>
                <Word id="r_46_tl_10_w7" custom="readingOrder {index:6;}">
                    <Coords points="1939,2347 1939,2407 1955,2407 1955,2347"/>
                    <TextEquiv>
                        <Unicode>1</Unicode>
                    </TextEquiv>
                </Word>
                <Word id="r_46_tl_10_w8" custom="readingOrder {index:7;}">
                    <Coords points="1981,2348 1981,2408 2016,2408 2016,2348"/>
                    <TextEquiv>
                        <Unicode>fl.</Unicode>
                    </TextEquiv>
                </Word>
                <Word id="r_46_tl_10_w9" custom="readingOrder {index:8;}">
                    <Coords points="2032,2351 2032,2411 2073,2411 2073,2351"/>
                    <TextEquiv>
                        <Unicode>24</Unicode>
                    </TextEquiv>
                </Word>
                <Word id="r_46_tl_10_w10" custom="readingOrder {index:9;}">
                    <Coords points="2099,2351 2099,2411 2151,2411 2151,2351"/>
                    <TextEquiv>
                        <Unicode>gr.</Unicode>
                    </TextEquiv>
                </Word>
                <Word id="r_46_tl_10_w11" custom="readingOrder {index:10;}">
                    <Coords points="2203,2351 2203,2411 2285,2411 2285,2351"/>
                    <TextEquiv>
                        <Unicode>Phi¬</Unicode>
                    </TextEquiv>
                </Word>
                <TextEquiv>
                    <Unicode>nislas et Frederic, 12, Paris 764, 1 fl. 24 gr. Phi¬</Unicode>
                </TextEquiv>
            </TextLine>
            <TextLine id="r_46_tl_11" custom="readingOrder {index:10;}">
                <Coords points="1272,2443 1872,2462 1952,2445 1951,2401 1270,2388"/>
                <Baseline points="1277,2427 1322,2430 1367,2430 1412,2430 1456,2430 1501,2430 1546,2427 1591,2430 1636,2430 1680,2433 1725,2436 1770,2439 1815,2445 1859,2442 1904,2439 1949,2439 1955,2439"/>
                <Word id="r_46_tl_11_w1" custom="readingOrder {index:0;}">
                    <Coords points="1271,2390 1271,2450 1392,2450 1392,2390"/>
                    <TextEquiv>
                        <Unicode>lomele</Unicode>
                    </TextEquiv>
                </Word>
                <Word id="r_46_tl_11_w2" custom="readingOrder {index:1;}">
                    <Coords points="1415,2390 1415,2450 1425,2450 1425,2390"/>
                    <TextEquiv>
                        <Unicode>à</Unicode>
                    </TextEquiv>
                </Word>
                <Word id="r_46_tl_11_w3" custom="readingOrder {index:2;}">
                    <Coords points="1448,2389 1448,2449 1571,2449 1571,2389"/>
                    <TextEquiv>
                        <Unicode>progné</Unicode>
                    </TextEquiv>
                </Word>
                <Word id="r_46_tl_11_w4" custom="readingOrder {index:3;}">
                    <Coords points="1593,2392 1593,2452 1755,2452 1755,2392"/>
                    <TextEquiv>
                        <Unicode>Heroide,</Unicode>
                    </TextEquiv>
                </Word>
                <Word id="r_46_tl_11_w5" custom="readingOrder {index:4;}">
                    <Coords points="1783,2403 1783,2463 1821,2463 1821,2403"/>
                    <TextEquiv>
                        <Unicode>8,</Unicode>
                    </TextEquiv>
                </Word>
                <Word id="r_46_tl_11_w6" custom="readingOrder {index:5;}">
                    <Coords points="1844,2402 1844,2462 1860,2462 1860,2402"/>
                    <TextEquiv>
                        <Unicode>9</Unicode>
                    </TextEquiv>
                </Word>
                <Word id="r_46_tl_11_w7" custom="readingOrder {index:6;}">
                    <Coords points="1889,2399 1889,2459 1938,2459 1938,2399"/>
                    <TextEquiv>
                        <Unicode>gr.</Unicode>
                    </TextEquiv>
                </Word>
                <TextEquiv>
                    <Unicode>lomele à progné Heroide, 8, 9 gr.</Unicode>
                </TextEquiv>
            </TextLine>
            <TextEquiv>
                <Unicode></Unicode>
            </TextEquiv>
        </TextRegion>
        <TextRegion id="r_58" custom="readingOrder {index:3;}">
            <Coords points="2334,2465 2334,2804 1259,2804 1261,2465"/>
            <TextLine id="r_58_tl_1" custom="readingOrder {index:0;}">
                <Coords points="1279,2532 1743,2563 2044,2538 2257,2576 2283,2502 1278,2480"/>
                <Baseline points="1286,2522 1331,2522 1376,2525 1421,2525 1465,2522 1510,2522 1555,2522 1600,2522 1645,2525 1689,2528 1734,2528 1779,2534 1824,2534 1868,2534 1913,2534 1958,2534 2003,2531 2048,2534 2092,2537 2137,2540 2182,2537 2227,2540 2271,2540 2286,2543"/>
                <Word id="r_58_tl_1_w1" custom="readingOrder {index:0;}">
                    <Coords points="1282,2483 1282,2543 1613,2543 1613,2483"/>
                    <TextEquiv>
                        <Unicode>Wechsel-Cours</Unicode>
                    </TextEquiv>
                </Word>
                <Word id="r_58_tl_1_w2" custom="readingOrder {index:1;}">
                    <Coords points="1643,2485 1643,2545 1656,2545 1656,2485"/>
                    <TextEquiv>
                        <Unicode>&amp;</Unicode>
                    </TextEquiv>
                </Word>
                <Word id="r_58_tl_1_w3" custom="readingOrder {index:2;}">
                    <Coords points="1708,2494 1708,2554 1859,2554 1859,2494"/>
                    <TextEquiv>
                        <Unicode>Species</Unicode>
                    </TextEquiv>
                </Word>
                <Word id="r_58_tl_1_w4" custom="readingOrder {index:3;}">
                    <Coords points="1881,2494 1881,2554 1924,2554 1924,2494"/>
                    <TextEquiv>
                        <Unicode>d.</Unicode>
                    </TextEquiv>
                </Word>
                <Word id="r_58_tl_1_w5" custom="readingOrder {index:4;}">
                    <Coords points="1946,2493 1946,2553 1988,2553 1988,2493"/>
                    <TextEquiv>
                        <Unicode>8.</Unicode>
                    </TextEquiv>
                </Word>
                <Word id="r_58_tl_1_w6" custom="readingOrder {index:5;}">
                    <Coords points="2018,2495 2018,2555 2133,2555 2133,2495"/>
                    <TextEquiv>
                        <Unicode>Nov.</Unicode>
                    </TextEquiv>
                </Word>
                <Word id="r_58_tl_1_w7" custom="readingOrder {index:6;}">
                    <Coords points="2156,2499 2156,2559 2277,2559 2277,2499"/>
                    <TextEquiv>
                        <Unicode>1764.</Unicode>
                    </TextEquiv>
                </Word>
                <TextEquiv>
                    <Unicode>Wechsel-Cours &amp; Species d. 8. Nov. 1764.</Unicode>
                </TextEquiv>
            </TextLine>
            <TextLine id="r_58_tl_2" custom="readingOrder {index:1;}">
                <Coords points="1273,2589 1769,2617 1917,2587 2126,2624 2163,2615 2162,2555 1799,2569 1272,2530"/>
                <Baseline points="1280,2576 1325,2576 1370,2576 1415,2579 1459,2579 1504,2582 1549,2576 1594,2579 1639,2579 1683,2585 1728,2585 1773,2588 1818,2585 1862,2582 1907,2585 1952,2585 1997,2585 2042,2588 2086,2591 2131,2594 2167,2594"/>
                <Word id="r_58_tl_2_w1" custom="readingOrder {index:0;}">
                    <Coords points="1273,2536 1273,2596 1461,2596 1461,2536"/>
                    <TextEquiv>
                        <Unicode>Amsterdam</Unicode>
                    </TextEquiv>
                </Word>
                <Word id="r_58_tl_2_w2" custom="readingOrder {index:1;}">
                    <Coords points="1498,2539 1498,2599 1545,2599 1545,2539"/>
                    <TextEquiv>
                        <Unicode>41</Unicode>
                    </TextEquiv>
                </Word>
                <Word id="r_58_tl_2_w3" custom="readingOrder {index:2;}">
                    <Coords points="1563,2539 1563,2599 1651,2599 1651,2539"/>
                    <TextEquiv>
                        <Unicode>Tage</Unicode>
                    </TextEquiv>
                </Word>
                <Word id="r_58_tl_2_w4" custom="readingOrder {index:3;}">
                    <Coords points="1670,2545 1670,2605 1805,2605 1805,2545"/>
                    <TextEquiv>
                        <Unicode>303gr.</Unicode>
                    </TextEquiv>
                </Word>
                <Word id="r_58_tl_2_w5" custom="readingOrder {index:4;}">
                    <Coords points="1859,2543 1859,2603 1899,2603 1899,2543"/>
                    <TextEquiv>
                        <Unicode>71</Unicode>
                    </TextEquiv>
                </Word>
                <Word id="r_58_tl_2_w6" custom="readingOrder {index:5;}">
                    <Coords points="1924,2545 1924,2605 2011,2605 2011,2545"/>
                    <TextEquiv>
                        <Unicode>Tage</Unicode>
                    </TextEquiv>
                </Word>
                <Word id="r_58_tl_2_w7" custom="readingOrder {index:6;}">
                    <Coords points="2030,2549 2030,2609 2095,2609 2095,2549"/>
                    <TextEquiv>
                        <Unicode>301</Unicode>
                    </TextEquiv>
                </Word>
                <Word id="r_58_tl_2_w8" custom="readingOrder {index:7;}">
                    <Coords points="2113,2554 2113,2614 2165,2614 2165,2554"/>
                    <TextEquiv>
                        <Unicode>gr.</Unicode>
                    </TextEquiv>
                </Word>
                <TextEquiv>
                    <Unicode>Amsterdam 41 Tage 303gr. 71 Tage 301 gr.</Unicode>
                </TextEquiv>
            </TextLine>
            <TextLine id="r_58_tl_3" custom="readingOrder {index:2;}">
                <Coords points="1277,2643 1406,2637 1454,2668 1517,2637 1672,2657 1729,2642 1728,2587 1677,2605 1559,2583 1505,2600 1435,2592 1419,2608 1373,2587 1343,2605 1276,2587"/>
                <Baseline points="1283,2627 1328,2627 1373,2627 1418,2627 1462,2627 1507,2624 1552,2627 1597,2627 1642,2633 1686,2633 1731,2639"/>
                <Word id="r_58_tl_3_w1" custom="readingOrder {index:0;}">
                    <Coords points="1272,2587 1272,2647 1445,2647 1445,2587"/>
                    <TextEquiv>
                        <Unicode>Hamburg</Unicode>
                    </TextEquiv>
                </Word>
                <Word id="r_58_tl_3_w2" custom="readingOrder {index:1;}">
                    <Coords points="1477,2585 1477,2645 1488,2645 1488,2585"/>
                    <TextEquiv>
                        <Unicode>3</Unicode>
                    </TextEquiv>
                </Word>
                <Word id="r_58_tl_3_w3" custom="readingOrder {index:2;}">
                    <Coords points="1520,2586 1520,2646 1570,2646 1570,2586"/>
                    <TextEquiv>
                        <Unicode>W.</Unicode>
                    </TextEquiv>
                </Word>
                <Word id="r_58_tl_3_w4" custom="readingOrder {index:3;}">
                    <Coords points="1589,2590 1589,2650 1651,2650 1651,2590"/>
                    <TextEquiv>
                        <Unicode>131</Unicode>
                    </TextEquiv>
                </Word>
                <Word id="r_58_tl_3_w5" custom="readingOrder {index:4;}">
                    <Coords points="1676,2595 1676,2655 1731,2655 1731,2595"/>
                    <TextEquiv>
                        <Unicode>gr.</Unicode>
                    </TextEquiv>
                </Word>
                <TextEquiv>
                    <Unicode>Hamburg 3 W. 131 gr.</Unicode>
                </TextEquiv>
            </TextLine>
            <TextLine id="r_58_tl_4" custom="readingOrder {index:3;}">
                <Coords points="1826,2659 1854,2660 1895,2640 2066,2662 2092,2655 2092,2615 2039,2607 2027,2615 2016,2604 1969,2611 1937,2605 1917,2587 1898,2600 1870,2604 1852,2591 1825,2604"/>
                <Baseline points="1833,2636 1877,2633 1922,2630 1967,2633 2012,2636 2057,2639 2095,2639"/>
                <Word id="r_58_tl_4_w1" custom="readingOrder {index:0;}">
                    <Coords points="1832,2595 1832,2655 1843,2655 1843,2595"/>
                    <TextEquiv>
                        <Unicode>6</Unicode>
                    </TextEquiv>
                </Word>
                <Word id="r_58_tl_4_w2" custom="readingOrder {index:1;}">
                    <Coords points="1874,2591 1874,2651 1927,2651 1927,2591"/>
                    <TextEquiv>
                        <Unicode>W.</Unicode>
                    </TextEquiv>
                </Word>
                <Word id="r_58_tl_4_w3" custom="readingOrder {index:2;}">
                    <Coords points="1951,2593 1951,2653 2011,2653 2011,2593"/>
                    <TextEquiv>
                        <Unicode>130</Unicode>
                    </TextEquiv>
                </Word>
                <Word id="r_58_tl_4_w4" custom="readingOrder {index:3;}">
                    <Coords points="2029,2599 2029,2659 2088,2659 2088,2599"/>
                    <TextEquiv>
                        <Unicode>gr.</Unicode>
                    </TextEquiv>
                </Word>
                <TextEquiv>
                    <Unicode>6 W. 130 gr.</Unicode>
                </TextEquiv>
            </TextLine>
            <TextLine id="r_58_tl_5" custom="readingOrder {index:4;}">
                <Coords points="1270,2682 1303,2682 1313,2687 1323,2682 1347,2688 1352,2694 1383,2683 1392,2685 1391,2642 1379,2642 1369,2635 1352,2638 1347,2633 1342,2638 1335,2633 1320,2646 1308,2639 1298,2638 1291,2644 1269,2639"/>
                <Baseline points="1277,2672 1322,2675 1367,2675 1394,2675"/>
                <Word id="r_58_tl_5_w1" custom="readingOrder {index:0;}">
                    <Coords points="1269,2635 1269,2695 1379,2695 1379,2635"/>
                    <TextEquiv>
                        <Unicode>Berlin</Unicode>
                    </TextEquiv>
                </Word>
                <TextEquiv>
                    <Unicode>Berlin</Unicode>
                </TextEquiv>
            </TextLine>
            <TextLine id="r_58_tl_6" custom="readingOrder {index:5;}">
                <Coords points="1760,2701 1773,2707 1808,2692 1837,2701 1851,2694 1865,2704 1891,2694 1925,2707 1937,2703 1937,2644 1882,2642 1868,2655 1842,2661 1808,2647 1760,2646"/>
                <Baseline points="1767,2683 1812,2683 1857,2683 1901,2683 1940,2686"/>
                <Word id="r_58_tl_6_w1" custom="readingOrder {index:0;}">
                    <Coords points="1767,2643 1767,2703 1917,2703 1917,2643"/>
                    <TextEquiv>
                        <Unicode>Dantzig</Unicode>
                    </TextEquiv>
                </Word>
                <TextEquiv>
                    <Unicode>Dantzig</Unicode>
                </TextEquiv>
            </TextLine>
            <TextLine id="r_58_tl_7" custom="readingOrder {index:6;}">
                <Coords points="2005,2694 2033,2704 2073,2692 2099,2710 2153,2695 2163,2703 2176,2700 2176,2638 2157,2635 2125,2650 2087,2657 2082,2652 2066,2662 2005,2657"/>
                <Baseline points="2012,2686 2057,2686 2101,2686 2146,2686 2179,2686"/>
                <Word id="r_58_tl_7_w1" custom="readingOrder {index:0;}">
                    <Coords points="2011,2646 2011,2706 2064,2706 2064,2646"/>
                    <TextEquiv>
                        <Unicode>pr.</Unicode>
                    </TextEquiv>
                </Word>
                <Word id="r_58_tl_7_w2" custom="readingOrder {index:1;}">
                    <Coords points="2081,2646 2081,2706 2162,2706 2162,2646"/>
                    <TextEquiv>
                        <Unicode>Cto.</Unicode>
                    </TextEquiv>
                </Word>
                <TextEquiv>
                    <Unicode>pr. Cto.</Unicode>
                </TextEquiv>
            </TextLine>
            <TextLine id="r_58_tl_8" custom="readingOrder {index:7;}">
                <Coords points="1273,2736 1519,2735 1659,2757 1695,2745 1694,2701 1671,2704 1601,2662 1563,2690 1410,2704 1272,2683"/>
                <Baseline points="1280,2725 1325,2725 1370,2725 1415,2725 1459,2725 1504,2725 1549,2725 1594,2728 1639,2731 1683,2737 1698,2737"/>
                <Word id="r_58_tl_8_w1" custom="readingOrder {index:0;}">
                    <Coords points="1274,2685 1274,2745 1412,2745 1412,2685"/>
                    <TextEquiv>
                        <Unicode>Ducaten</Unicode>
                    </TextEquiv>
                </Word>
                <Word id="r_58_tl_8_w2" custom="readingOrder {index:1;}">
                    <Coords points="1437,2685 1437,2745 1509,2745 1509,2685"/>
                    <TextEquiv>
                        <Unicode>neue</Unicode>
                    </TextEquiv>
                </Word>
                <Word id="r_58_tl_8_w3" custom="readingOrder {index:2;}">
                    <Coords points="1534,2685 1534,2745 1539,2745 1539,2685"/>
                    <TextEquiv>
                        <Unicode>9</Unicode>
                    </TextEquiv>
                </Word>
                <Word id="r_58_tl_8_w4" custom="readingOrder {index:3;}">
                    <Coords points="1571,2687 1571,2747 1600,2747 1600,2687"/>
                    <TextEquiv>
                        <Unicode>fl.</Unicode>
                    </TextEquiv>
                </Word>
                <Word id="r_58_tl_8_w5" custom="readingOrder {index:4;}">
                    <Coords points="1613,2689 1613,2749 1625,2749 1625,2689"/>
                    <TextEquiv>
                        <Unicode>3</Unicode>
                    </TextEquiv>
                </Word>
                <Word id="r_58_tl_8_w6" custom="readingOrder {index:5;}">
                    <Coords points="1643,2695 1643,2755 1697,2755 1697,2695"/>
                    <TextEquiv>
                        <Unicode>gr.</Unicode>
                    </TextEquiv>
                </Word>
                <TextEquiv>
                    <Unicode>Ducaten neue 9 fl. 3 gr.</Unicode>
                </TextEquiv>
            </TextLine>
            <TextLine id="r_58_tl_9" custom="readingOrder {index:8;}">
                <Coords points="1850,2734 2004,2743 2021,2756 2073,2740 2093,2757 2205,2756 2263,2743 2262,2707 2099,2710 2055,2692 2022,2704 1970,2682 1934,2712 1900,2695 1848,2701"/>
                <Baseline points="1857,2731 1901,2731 1946,2731 1991,2731 2036,2734 2080,2734 2125,2737 2170,2740 2215,2740 2260,2740 2266,2740"/>
                <Word id="r_58_tl_9_w1" custom="readingOrder {index:0;}">
                    <Coords points="1849,2691 1849,2751 1979,2751 1979,2691"/>
                    <TextEquiv>
                        <Unicode>Alberts</Unicode>
                    </TextEquiv>
                </Word>
                <Word id="r_58_tl_9_w2" custom="readingOrder {index:1;}">
                    <Coords points="1998,2694 1998,2754 2094,2754 2094,2694"/>
                    <TextEquiv>
                        <Unicode>Taler</Unicode>
                    </TextEquiv>
                </Word>
                <Word id="r_58_tl_9_w3" custom="readingOrder {index:2;}">
                    <Coords points="2117,2698 2117,2758 2174,2758 2174,2698"/>
                    <TextEquiv>
                        <Unicode>129</Unicode>
                    </TextEquiv>
                </Word>
                <Word id="r_58_tl_9_w4" custom="readingOrder {index:3;}">
                    <Coords points="2203,2700 2203,2760 2254,2760 2254,2700"/>
                    <TextEquiv>
                        <Unicode>gr.</Unicode>
                    </TextEquiv>
                </Word>
                <TextEquiv>
                    <Unicode>Alberts Taler 129 gr.</Unicode>
                </TextEquiv>
            </TextLine>
            <TextLine id="r_58_tl_10" custom="readingOrder {index:9;}">
                <Coords points="1270,2790 1392,2784 1462,2797 1478,2787 1504,2796 1554,2788 1553,2748 1526,2740 1489,2751 1375,2732 1356,2745 1326,2731 1269,2736"/>
                <Baseline points="1277,2773 1322,2776 1367,2776 1412,2776 1456,2776 1501,2779 1546,2782 1558,2782"/>
                <Word id="r_58_tl_10_w1" custom="readingOrder {index:0;}">
                    <Coords points="1270,2736 1270,2796 1387,2796 1387,2736"/>
                    <TextEquiv>
                        <Unicode>Rubel</Unicode>
                    </TextEquiv>
                </Word>
                <Word id="r_58_tl_10_w2" custom="readingOrder {index:1;}">
                    <Coords points="1405,2736 1405,2796 1469,2796 1469,2736"/>
                    <TextEquiv>
                        <Unicode>111</Unicode>
                    </TextEquiv>
                </Word>
                <Word id="r_58_tl_10_w3" custom="readingOrder {index:2;}">
                    <Coords points="1493,2740 1493,2800 1545,2800 1545,2740"/>
                    <TextEquiv>
                        <Unicode>gr.</Unicode>
                    </TextEquiv>
                </Word>
                <TextEquiv>
                    <Unicode>Rubel 111 gr.</Unicode>
                </TextEquiv>
            </TextLine>
            <TextLine id="r_58_tl_11" custom="readingOrder {index:10;}">
                <Coords points="1751,2793 2281,2793 2281,2764 2246,2745 2140,2760 2074,2740 2021,2756 1959,2738 1751,2752"/>
                <Baseline points="1758,2779 1803,2779 1848,2779 1892,2782 1937,2785 1982,2785 2027,2785 2071,2788 2116,2788 2161,2785 2206,2785 2251,2782 2283,2779"/>
                <Word id="r_58_tl_11_w1" custom="readingOrder {index:0;}">
                    <Coords points="1756,2739 1756,2799 1809,2799 1809,2739"/>
                    <TextEquiv>
                        <Unicode>Alt</Unicode>
                    </TextEquiv>
                </Word>
                <Word id="r_58_tl_11_w2" custom="readingOrder {index:1;}">
                    <Coords points="1820,2742 1820,2802 1964,2802 1964,2742"/>
                    <TextEquiv>
                        <Unicode>Polnisch</Unicode>
                    </TextEquiv>
                </Word>
                <Word id="r_58_tl_11_w3" custom="readingOrder {index:2;}">
                    <Coords points="1991,2745 1991,2805 2060,2805 2060,2745"/>
                    <TextEquiv>
                        <Unicode>Geld</Unicode>
                    </TextEquiv>
                </Word>
                <Word id="r_58_tl_11_w4" custom="readingOrder {index:3;}">
                    <Coords points="2087,2748 2087,2808 2118,2808 2118,2748"/>
                    <TextEquiv>
                        <Unicode>11</Unicode>
                    </TextEquiv>
                </Word>
                <Word id="r_58_tl_11_w5" custom="readingOrder {index:4;}">
                    <Coords points="2140,2745 2140,2805 2194,2805 2194,2745"/>
                    <TextEquiv>
                        <Unicode>pr.</Unicode>
                    </TextEquiv>
                </Word>
                <Word id="r_58_tl_11_w6" custom="readingOrder {index:5;}">
                    <Coords points="2205,2742 2205,2802 2279,2802 2279,2742"/>
                    <TextEquiv>
                        <Unicode>Cto.</Unicode>
                    </TextEquiv>
                </Word>
                <TextEquiv>
                    <Unicode>Alt Polnisch Geld 11 pr. Cto.</Unicode>
                </TextEquiv>
            </TextLine>
            <TextEquiv>
                <Unicode></Unicode>
            </TextEquiv>
        </TextRegion>
        <TextRegion id="r_59" custom="readingOrder {index:4;}">
            <Coords points="2334,2804 2334,3000 1258,3000 1259,2804"/>
            <TextLine id="r_59_tl_1" custom="readingOrder {index:0;}">
                <Coords points="1266,2856 2285,2860 2276,2786 1266,2791"/>
                <Baseline points="1274,2839 1319,2839 1364,2836 1409,2833 1453,2833 1498,2836 1543,2836 1588,2839 1633,2842 1677,2842 1722,2839 1767,2839 1812,2842 1857,2842 1901,2845 1946,2845 1991,2845 2036,2845 2080,2845 2125,2845 2170,2845 2215,2845 2260,2845 2289,2842"/>
                <Word id="r_59_tl_1_w1" custom="readingOrder {index:0;}">
                    <Coords points="1270,2799 1270,2859 1365,2859 1365,2799"/>
                    <TextEquiv>
                        <Unicode>Diese</Unicode>
                    </TextEquiv>
                </Word>
                <Word id="r_59_tl_1_w2" custom="readingOrder {index:1;}">
                    <Coords points="1381,2793 1381,2853 1521,2853 1521,2793"/>
                    <TextEquiv>
                        <Unicode>Gelehrte</Unicode>
                    </TextEquiv>
                </Word>
                <Word id="r_59_tl_1_w3" custom="readingOrder {index:2;}">
                    <Coords points="1545,2797 1545,2857 1595,2857 1595,2797"/>
                    <TextEquiv>
                        <Unicode>und</Unicode>
                    </TextEquiv>
                </Word>
                <Word id="r_59_tl_1_w4" custom="readingOrder {index:3;}">
                    <Coords points="1618,2800 1618,2860 1781,2860 1781,2800"/>
                    <TextEquiv>
                        <Unicode>Politische</Unicode>
                    </TextEquiv>
                </Word>
                <Word id="r_59_tl_1_w5" custom="readingOrder {index:4;}">
                    <Coords points="1804,2802 1804,2862 1930,2862 1930,2802"/>
                    <TextEquiv>
                        <Unicode>Zeitung</Unicode>
                    </TextEquiv>
                </Word>
                <Word id="r_59_tl_1_w6" custom="readingOrder {index:5;}">
                    <Coords points="1953,2805 1953,2865 2026,2865 2026,2805"/>
                    <TextEquiv>
                        <Unicode>wird</Unicode>
                    </TextEquiv>
                </Word>
                <Word id="r_59_tl_1_w7" custom="readingOrder {index:6;}">
                    <Coords points="2049,2805 2049,2865 2101,2865 2101,2805"/>
                    <TextEquiv>
                        <Unicode>des</Unicode>
                    </TextEquiv>
                </Word>
                <Word id="r_59_tl_1_w8" custom="readingOrder {index:7;}">
                    <Coords points="2124,2805 2124,2865 2278,2865 2278,2805"/>
                    <TextEquiv>
                        <Unicode>Montags</Unicode>
                    </TextEquiv>
                </Word>
                <TextEquiv>
                    <Unicode>Diese Gelehrte und Politische Zeitung wird des Montags</Unicode>
                </TextEquiv>
            </TextLine>
            <TextLine id="r_59_tl_2" custom="readingOrder {index:1;}">
                <Coords points="1357,2893 2182,2901 2180,2849 1427,2839 1357,2862"/>
                <Baseline points="1364,2878 1409,2881 1453,2881 1498,2881 1543,2884 1588,2884 1633,2884 1677,2884 1722,2884 1767,2884 1812,2884 1857,2887 1901,2887 1946,2889 1991,2889 2036,2889 2080,2887 2125,2887 2170,2887 2185,2887"/>
                <Word id="r_59_tl_2_w1" custom="readingOrder {index:0;}">
                    <Coords points="1368,2840 1368,2900 1425,2900 1425,2840"/>
                    <TextEquiv>
                        <Unicode>und</Unicode>
                    </TextEquiv>
                </Word>
                <Word id="r_59_tl_2_w2" custom="readingOrder {index:1;}">
                    <Coords points="1458,2843 1458,2903 1606,2903 1606,2843"/>
                    <TextEquiv>
                        <Unicode>Freytags</Unicode>
                    </TextEquiv>
                </Word>
                <Word id="r_59_tl_2_w3" custom="readingOrder {index:2;}">
                    <Coords points="1628,2844 1628,2904 1648,2904 1648,2844"/>
                    <TextEquiv>
                        <Unicode>in</Unicode>
                    </TextEquiv>
                </Word>
                <Word id="r_59_tl_2_w4" custom="readingOrder {index:3;}">
                    <Coords points="1675,2844 1675,2904 1723,2904 1723,2844"/>
                    <TextEquiv>
                        <Unicode>dem</Unicode>
                    </TextEquiv>
                </Word>
                <Word id="r_59_tl_2_w5" custom="readingOrder {index:4;}">
                    <Coords points="1761,2847 1761,2907 1957,2907 1957,2847"/>
                    <TextEquiv>
                        <Unicode>Kanterschen</Unicode>
                    </TextEquiv>
                </Word>
                <Word id="r_59_tl_2_w6" custom="readingOrder {index:5;}">
                    <Coords points="1989,2847 1989,2907 2164,2907 2164,2847"/>
                    <TextEquiv>
                        <Unicode>Buchladen</Unicode>
                    </TextEquiv>
                </Word>
                <TextEquiv>
                    <Unicode>und Freytags in dem Kanterschen Buchladen</Unicode>
                </TextEquiv>
            </TextLine>
            <TextLine id="r_59_tl_3" custom="readingOrder {index:2;}">
                <Coords points="1651,2963 1683,2950 1760,2961 1811,2958 1841,2945 1891,2950 1890,2901 1873,2893 1846,2900 1813,2888 1747,2904 1733,2892 1715,2900 1679,2892 1650,2900"/>
                <Baseline points="1659,2925 1704,2928 1749,2928 1794,2928 1839,2931 1883,2931 1895,2931"/>
                <Word id="r_59_tl_3_w1" custom="readingOrder {index:0;}">
                    <Coords points="1660,2888 1660,2948 1884,2948 1884,2888"/>
                    <TextEquiv>
                        <Unicode>ausgegeben.</Unicode>
                    </TextEquiv>
                </Word>
                <TextEquiv>
                    <Unicode>ausgegeben.</Unicode>
                </TextEquiv>
            </TextLine>
            <TextEquiv>
                <Unicode></Unicode>
            </TextEquiv>
        </TextRegion>
    </Page>
</PcGts>
