2479 3508
607 332 873 392 Beschluß

429 395 487 455 des
522 395 592 455 letzt
622 392 867 452 abgebrochnen
903 389 1066 449 Artikels.

297 464 361 524 VI.
384 467 513 527 Stück.
562 460 761 520 "Bedenken
789 462 863 522 über
891 462 939 522 die
961 464 1252 524 Versteinerungen

266 518 335 578 'und
361 518 446 578 deren
472 514 683 574 Erzeugung,
705 512 875 572 besonders
901 512 926 572 in
962 514 1117 574 Liefland.

1185 512 1259 572 Bey

251 569 421 629 Chemnitz
442 566 467 626 in
499 566 638 626 Sachsen
670 564 746 624 fand
768 563 840 623 man
877 561 990 621 1751.
1022 563 1103 623 einen
1141 563 1259 623 ganzen

248 616 474 676 versteinerten
500 616 631 676 Baum.
683 613 758 673 Der
784 613 915 673 harzige
936 610 1097 670 nordliche
1123 610 1274 670 Lerchen¬

254 666 328 726 baum
374 666 459 726 giebt
480 664 651 724 besonders
676 661 767 721 solche
793 661 1109 721 Versteinerungen.
1165 661 1265 721 Viele

253 715 436 775 dergleichen
470 713 530 773 sind
553 714 580 774 in
614 712 747 772 hiesiger
771 712 904 772 Gegend
932 710 965 770 im
1010 709 1260 769 Kalkberge

253 764 305 824 bey
334 763 543 823 Kirchholm.
591 762 642 822 Im
689 760 950 820 Nitauschen
992 760 1178 820 Kirchspiel
1202 759 1265 819 sind

254 813 320 873 viel
341 810 579 870 versteinernde
595 810 739 870 Wasser.
786 809 858 869 Die
879 810 982 870 Düna
1009 807 1101 867 wirft
1122 804 1266 864 Stalack¬

243 861 351 921 titen,
377 860 631 920 Pectiniten
668 860 729 920 und
766 861 994 921 Chamiten
1031 861 1113 921 aus.
1176 855 1268 915 Ver¬

248 912 380 972 steinert
405 912 490 972 Holz
527 909 635 969 findet
661 909 708 969 sich
746 909 799 969 bey
830 909 1146 969 Gravenheide
1177 906 1261 966 nahe

256 960 292 1020 an
330 960 445 1020 Riga.

303 1008 379 1068 VII.
408 1007 534 1067 Stück.
584 1003 766 1063 "Beschluß
806 1001 855 1061 der
894 1002 1043 1062 Materie
1071 1001 1126 1061 des
1159 1001 1253 1061 IVten

250 1055 441 1115 „Stücks.

508 1052 657 1112 Bayer
688 1052 717 1112 in
752 1052 851 1112 seiner
882 1049 971 1109 Diss.
991 1049 1021 1109 de
1046 1051 1145 1111 numo
1176 1049 1269 1109 Rho¬

255 1103 306 1163 dio
334 1106 498 1166 erweiset,
527 1100 686 1160 Eridanus
709 1100 748 1160 sey
777 1100 821 1160 die
851 1100 1003 1160 Duna,
1032 1100 1094 1160 und
1117 1099 1258 1159 Phaeton

252 1155 295 1215 ein
334 1151 768 1211 Bernsteinhändler
802 1148 834 1208 am
889 1148 1046 1208 Strande
1079 1147 1127 1207 der
1155 1146 1263 1206 Ostsee

251 1207 411 1267 gewesen.
463 1207 514 1267 Im
555 1201 705 1261 lettischen
736 1201 860 1261 kömmt
886 1198 979 1258 unter
1005 1198 1103 1258 vielen
1145 1196 1258 1256 andern

259 1258 315 1318 von
347 1258 479 1318 5Ao
511 1256 548 1316 ich
574 1255 706 1315 schicke,
725 1252 863 1312 stelleht
883 1251 938 1311 von
970 1252 1108 1312 vouog,
1128 1246 1265 1306 Nohma

254 1315 310 1375 das
348 1315 524 1375 Gesetz,
564 1314 626 1374 von
658 1316 854 1376 „αmerog,
886 1312 980 1372 Kaps
1013 1312 1081 1372 eine
1113 1306 1270 1366 Grube

251 1368 330 1428 oder
357 1366 477 1426 Grab
504 1368 583 1428 her.
631 1370 720 1430 Man
758 1372 842 1432 leitet
869 1370 921 1430 den
958 1369 1084 1429 Namen
1111 1366 1269 1426 Scythen,

256 1419 341 1479 nicht
371 1419 428 1479 mit
457 1419 630 1479 Bayern
671 1419 722 1479 von
758 1422 924 1482 guro,
948 1420 1097 1480 Leder,
1127 1416 1253 1476 sondern

249 1478 308 1538 von
341 1476 395 1536 dem
449 1479 937 1539 slavonisch=rußischen
976 1470 1100 1530 Wort
1127 1470 1262 1530 Thschit

256 1527 297 1587 ein
333 1527 486 1587 Schild
516 1527 592 1587 her.
640 1527 722 1587 Das
759 1527 882 1587 Meer,
906 1526 935 1586 so
966 1524 1036 1584 jetzt
1066 1524 1118 1584 auf
1143 1521 1254 1581 lettisch

256 1576 348 1636 Juhre
378 1579 498 1639 heißt,
534 1578 608 1638 hieß
644 1578 799 1638 vielleicht
835 1576 944 1636 ehedem
997 1575 1112 1635 Kure,
1159 1572 1257 1632 daher

251 1626 481 1686 Kurland,
506 1628 562 1688 das
594 1625 780 1685 kurische
813 1625 924 1685 Haf.

300 1669 397 1729 VIII.
425 1673 548 1733 Stück.
598 1670 797 1730 ”Urkunden
824 1673 883 1733 aus
911 1670 959 1730 dem
1008 1664 1132 1724 Codice
1154 1664 1262 1724 diplo¬

248 1718 354 1778 "mat.
369 1718 513 1778 Polon.”
553 1720 576 1780 so
606 1715 653 1775 die
678 1716 867 1776 Geschichte
896 1715 953 1775 von
988 1709 1132 1769 Liefland
1167 1709 1273 1769 erläu¬

249 1766 341 1826 tern,
368 1763 616 1823 auszugsweise
705 1759 782 1819 Die
803 1757 963 1817 allererste
984 1754 1134 1814 Urkunde
1156 1748 1191 1808 ist
1218 1750 1259 1810 ein

250 1811 397 1871 Breve
442 1814 507 1874 von
557 1808 880 1868 Innocentius
919 1803 991 1863 III.
1019 1800 1138 1860 1199.

1184 1798 1265 1858 Der

256 1856 362 1916 Pabst
392 1858 551 1918 ermahnt
576 1855 623 1915 die
653 1855 937 1915 Niedersachsen,
967 1852 1020 1912 dem
1068 1849 1209 1909 Bischof
1234 1846 1262 1906 in

249 1909 387 1969 Liefland
411 1909 505 1969 gegen
533 1908 583 1968 die
601 1906 722 1966 Heiden
757 1906 784 1966 zu
812 1906 940 1966 helfen.
991 1903 1079 1963 Man
1119 1900 1196 1960 geht
1219 1900 1263 1960 21

243 1960 475 2020 Urkunden
518 1957 626 2017 durch.
678 1957 750 2017 Die
772 1955 900 2015 Namen
937 1953 998 2013 sind
1031 1951 1061 2011 in
1093 1951 1253 2011 denselben

253 2008 297 2068 oft
320 2007 385 2067 sehr
414 2008 607 2068 verschieden
647 2005 707 2065 und
741 2005 984 2065 verstümmelt,
1013 2002 1140 2062 welches
1179 2001 1262 2061 nicht

247 2055 310 2115 irre
332 2057 453 2117 machen
485 2055 575 2115 muß.
650 2054 729 2114 Aus
756 2055 808 2115 den
846 2052 1073 2112 Documenten
1111 2049 1264 2109 bestätigt

253 2107 298 2167 sich
332 2106 536 2166 Grubers
570 2103 780 2163 Meynung,
809 2103 859 2163 der
894 2103 1075 2163 Bischof
1110 2099 1267 2159 Albert

254 2157 293 2217 sey
327 2154 366 2214 ein
400 2156 513 2216 Herr
547 2154 606 2214 von
640 2155 853 2215 Apeldern
887 2154 933 2214 dem
980 2151 1166 2211 Geschlecht
1187 2148 1253 2208 nach

255 2202 417 2262 gewesen.

298 2252 365 2312 IX.
377 2251 501 2311 Stück.
553 2251 774 2311 "Bengels
808 2249 973 2309 verkürzte
996 2246 1177 2306 Erklärung
1206 2244 1256 2304 der

250 2300 495 2360 "Offenbarung
532 2297 585 2357 des
616 2298 669 2358 H.
694 2300 873 2360 Johannis
909 2300 933 2360 in
964 2300 1064 2360 Frag=
1089 2296 1149 2356 und
1185 2294 1268 2354 Ant¬

275 2348 421 2408 worten.
502 2345 621 2405 Dieses
649 2345 751 2405 Blatt
768 2348 800 2408 ist
822 2348 1038 2408 eingeschickt.
1098 2345 1173 2405 Der
1196 2344 1265 2404 Au¬

251 2401 303 2461 tor
325 2402 419 2462 führt
441 2398 504 2458 eine
536 2396 635 2456 etwas
673 2396 788 2456 dunkle
815 2396 1031 2456 überspannte
1058 2393 1257 2453 Schreibart

248 2452 311 2512 mit
333 2449 508 2509 seltsamern
540 2446 763 2506 Ausdrücken,
780 2446 806 2506 z.
822 2446 864 2506 E.
881 2446 934 2506 das
961 2446 1056 2506 Lamm
1093 2443 1130 2503 ist
1152 2443 1263 2503 gleich=

252 2503 300 2563 sam
350 2502 403 2562 das
437 2497 583 2557 Centrum
627 2494 681 2554 der
709 2494 964 2554 Offenbarung,
992 2495 1040 2555 die
1067 2494 1257 2554 Peripherie

250 2548 316 2608 aber
344 2550 467 2610 machen
495 2548 550 2608 alle
573 2545 724 2605 sichtbare
747 2542 807 2602 und
841 2545 1036 2605 unsichtbare
1059 2542 1260 2602 Geschöpfe.

250 2599 432 2659 Bisweilen
472 2599 566 2659 gehet
594 2596 621 2656 es
656 2594 666 2654 a
695 2591 805 2651 centro
839 2589 872 2649 ad
906 2593 1156 2653 Peripheriam,
1190 2592 1262 2652 bis=

251 2647 356 2707 weilen
387 2646 396 2706 a
422 2643 613 2703 peripheria
638 2643 668 2703 ad
694 2640 864 2700 centrum,
890 2641 960 2701 man
991 2643 1071 2703 hört
1097 2642 1187 2702 sogar
1218 2641 1257 2701 et=

247 2696 314 2756 was
343 2694 394 2754 von
428 2694 479 2754 der
496 2694 643 2754 Liturgie
661 2693 717 2753 der
746 2686 915 2746 Oberwelt
939 2690 1023 2750 Cap.
1041 2691 1102 2751 18,
1120 2691 1255 2751 20.21.

249 2746 347 2806 stellen
377 2745 416 2805 ein
446 2742 612 2802 besondres
647 2738 814 2798 reizendes
849 2736 907 2796 und
942 2739 1178 2799 unerwartetes
1208 2737 1251 2797 Si¬

240 2795 426 2855 multaneum
474 2795 527 2855 vor
554 2793 585 2853 u.
607 2794 633 2854 s.
650 2796 676 2856 f.
735 2787 814 2847 Der
841 2787 904 2847 Hr.
926 2787 1085 2847 Verfasser
1113 2790 1186 2850 weiß
1219 2790 1245 2850 zu

237 2847 381 2907 denken,
404 2846 482 2906 aber
505 2845 532 2905 er
555 2847 694 2907 affectirt
712 2844 739 2904 im
784 2839 973 2899 Ausdruck,
1002 2841 1063 2901 und
1092 2841 1141 2901 der
1164 2838 1247 2898 Witz

243 2898 282 2958 ist
302 2897 464 2957 scheckigt.

1349 328 1400 388 X.
1424 329 1552 389 Stück.
1604 327 1685 387 "Ein
1727 333 1807 393 altes
1843 333 1970 393 Küchen
2006 332 2052 392 A.
2076 330 2133 390 B.
2157 331 2203 391 C.
2233 336 2319 396 unter

1300 370 1381 430 „den
1420 377 1669 437 Handschriften
1707 384 1756 444 des
1789 383 1973 443 ehmaligen
2012 378 2250 438 Stadtphysici
2273 386 2326 446 D.

1321 428 1559 488 Zacharias
1593 431 1825 491 Stopens.
1909 434 2003 494 Man
2032 434 2125 494 führt
2143 430 2248 490 hiebey
2276 431 2325 491 zu¬

1303 476 1395 536 gleich
1427 478 1483 538 aus
1515 476 1701 536 Ceumerns
1727 479 1908 539 Theatrid.
1934 482 2006 542 Liv.
2032 482 2089 542 das
2126 481 2187 541 alte
2224 482 2327 542 Tra¬

1300 527 1489 587 ctament
1522 525 1580 585 für
1607 530 1659 590 den
1697 530 1876 590 Bischof
1914 533 1987 593 von
2030 530 2178 590 Reval
2210 530 2320 590 1591.

1304 577 1370 637 an,
1397 578 1422 638 in
1458 578 1597 638 Zeiten,
1629 579 1660 639 da
1696 579 1768 639 man
1804 580 1871 640 noch
1908 580 2062 640 Bischöse
2088 580 2150 640 mit
2177 580 2325 640 Hering,

1306 625 1485 685 gesalzenem
1523 625 1644 685 Lachs,
1671 628 1861 688 Sehlhund
1888 629 1946 689 mit
1968 631 2205 691 Tuchendung,
2232 629 2321 689 (eine

1305 673 1366 733 Art
1393 673 1449 733 von
1486 676 1630 736 Tunke,
1672 678 1723 738 die
1749 679 1800 739 itzt
1827 679 2038 739 unerklärlich
2065 679 2137 739 ist,)
2164 681 2225 741 und
2262 676 2323 736 mit

1305 721 1400 781 dem,
1426 722 1491 782 was
1527 725 1582 785 des
1614 727 1745 787 vorigen
1776 727 1886 787 Tages
1928 727 2206 787 übergeblieben,
2237 730 2327 790 herr¬

1305 770 1359 830 lich
1387 772 1580 832 bewirthete

1697 772 1715 832 O
1757 775 1935 835 tempora!
1959 777 1976 837 o
2005 775 2119 835 mores
2128 775 2142 835 !

1613 818 1847 878 „Fortsetzung
1880 825 1934 885 des
1972 825 2146 885 vorigen."

1351 819 1414 879 XI.
1444 820 1573 880 Stück.

2235 822 2310 882 Bey

1309 870 1525 930 Gelegenheit
1559 872 1612 932 des
1645 876 1845 936 Backwerks
1884 876 2029 936 kommen
2068 873 2322 933 Neujahrs¬

1303 918 1443 978 kuchen
1479 920 1564 980 vor,
1590 921 1700 981 welche
1731 924 1776 984 die
1797 921 1972 981 Franzosen
2003 924 2144 984 Oublies
2175 923 2320 983 nennen.

1305 968 1480 1028 Vielleicht
1502 969 1560 1029 hat
1582 969 1651 1029 man
1683 969 1730 1029 die
1757 971 2007 1031 Vergessenheit
2039 974 2086 1034 des
2119 972 2235 1032 Uebels
2273 974 2326 1034 da¬

1299 1013 1357 1073 mit
1376 1018 1521 1078 belehren
1555 1016 1695 1076 wollen,
1719 1018 1782 1078 wie
1811 1019 1917 1079 Bock
1946 1017 1975 1077 im
2014 1019 2115 1079 Idiot.
2135 1020 2236 1080 Pruss.
2256 1022 2308 1082 von

1309 1061 1358 1121 den
1394 1064 1686 1124 Mohnsansen
1727 1067 1777 1127 zur
1803 1064 1979 1124 Fastenzeit
2000 1067 2231 1127 muthmaßet,
2257 1070 2312 1130 daß

1305 1111 1370 1171 man
1401 1112 1491 1172 durch
1517 1112 1567 1172 den
1598 1115 1709 1175 Mohn
1740 1118 1846 1178 lehren
1877 1115 2023 1175 wollen,
2054 1115 2110 1175 das
2141 1115 2251 1175 Fleisch
2282 1115 2312 1175 in

1307 1160 1400 1220 dieser
1429 1163 1500 1223 Zeit
1517 1163 1544 1223 zu
1573 1166 1755 1226 vergessen.
1806 1167 1944 1227 (Sollte
1967 1162 2110 1222 Oublies
2138 1163 2226 1223 nicht
2249 1163 2310 1223 von

1303 1210 1352 1270 dem
1393 1212 1595 1272 lateinischen
1626 1213 1721 1273 Wort
1742 1213 1908 1273 Oblaten,
1934 1213 1994 1273 wie
2020 1213 2085 1273 man
2116 1213 2161 1273 die
2182 1213 2307 1273 Hostien

1300 1261 1376 1321 auch
1408 1261 1593 1321 benennet,
1624 1267 1809 1327 entstanden
1846 1264 1979 1324 seyn?)

2027 1264 2148 1324 Beyde
2182 1264 2314 1324 Stucke

1304 1312 1406 1372 sollten
1434 1312 1487 1372 fur
1505 1315 1607 1375 artige
1635 1315 1819 1375 Köchinnen
1846 1315 1938 1375 seyn,
1955 1317 2025 1377 doch
2053 1318 2101 1378 der
2124 1315 2312 1375 Geschmack

1304 1363 1414 1423 ändert
1437 1363 1487 1423 sich
1515 1363 1571 1423 wie
1594 1363 1643 1423 die
1666 1366 1788 1426 Mode.
1829 1368 1878 1428 Es
1901 1366 1967 1426 war
1996 1369 2056 1429 dieß
2091 1366 2152 1426 also
2175 1365 2319 1425 Küchen¬

1303 1410 1395 1470 latein
1423 1413 1516 1473 unter
1538 1413 1695 1473 gelehrten
1729 1414 1925 1474 Gerichten.

1348 1458 1434 1518 XII.
1457 1461 1586 1521 Stuck.
1640 1459 1759 1519 "Erste
1793 1464 1992 1524 Fortsetzung
2031 1464 2085 1524 der
2123 1461 2307 1521 verkürzten

1301 1509 1555 1569 "Bengelischen
1596 1512 1782 1572 Erklärung
1823 1512 1875 1572 der
1904 1515 2130 1575 Offenbarung
2177 1509 2315 1569 Johan¬

1315 1557 1403 1617 'nis.

1479 1557 1554 1617 Der
1576 1562 1744 1622 Verfasser
1767 1561 1870 1621 greift
1892 1563 1941 1623 die
1969 1561 2305 1621 Materialisten

1300 1606 1361 1666 und
1393 1609 1666 1669 Freydenker
1697 1610 1733 1670 im
1785 1610 1899 1670 Tode
1930 1610 1992 1670 an.
2039 1608 2084 1668 Er
2111 1608 2239 1668 schreibt
2261 1609 2317 1669 un¬

1301 1655 1345 1715 ter
1370 1655 1517 1715 andern:
1548 1655 1601 1715 der
1626 1655 1695 1715 Hr.
1715 1655 1768 1715 von
1803 1658 2064 1718 Fontenelle
2095 1656 2173 1716 wird
2203 1658 2232 1718 ja
2262 1657 2320 1717 sei¬

1301 1698 1358 1758 ner
1382 1697 1593 1757 Markgräfin
1627 1697 1862 1757 nimmermehr
1886 1701 2097 1761 beygebracht
2121 1703 2240 1763 haben,
2255 1703 2312 1763 daß

1302 1739 1332 1799 es
1359 1739 1474 1799 droben
1514 1739 1540 1799 in
1576 1740 1624 1800 den
1656 1742 1846 1802 Mäschinen
1877 1745 1969 1805 solche
1993 1745 2156 1805 Practicos
2183 1745 2231 1805 vel
2253 1748 2310 1808 non

1308 1787 1451 1847 bullatos
1470 1789 1573 1849 gäbe,
1598 1790 1645 1850 die
1676 1792 1736 1852 mit
1767 1793 1814 1853 dem
1863 1796 2092 1856 unsterblichen
2124 1796 2201 1856 Rest
2226 1799 2310 1859 ihrer

1298 1840 1509 1900 organisirten
1543 1840 1698 1900 Materie
1728 1843 1799 1903 eben
1839 1843 1860 1903 so
1894 1846 1955 1906 gut
1984 1844 2033 1904 den
2067 1846 2212 1906 Landes=
2235 1847 2306 1907 oder

1302 1891 1542 1951 Sternkindern
1570 1894 1717 1954 jeglichen
1750 1897 1832 1957 Orts
1865 1897 1925 1957 und
1947 1897 2034 1957 ihren
2067 1897 2241 1957 siebenmal
2264 1900 2318 1960 sie¬

1303 1942 1354 2002 ben
1385 1942 1519 2002 Sinnen
1556 1945 1586 2005 zu
1618 1945 1834 2005 entwischen,
1865 1946 2061 2006 necessitiret
2087 1948 2226 2008 wären,
2257 1948 2303 2008 als

1300 1988 1358 2048 wie
1380 1990 1475 2050 unsre
1497 1993 1787 2053 Menschenkinder
1815 1996 1894 2056 schon
1931 1996 2053 2056 einmal
2085 1996 2143 2056 aus
2171 1996 2313 2056 Wollust

1302 2038 1445 2098 quoique
1467 2040 1488 2100 la
1515 2038 1695 2098 bagonette
1717 2043 1749 2103 au
1776 2043 1860 2103 bout
1888 2043 1919 2103 du
1951 2043 2042 2103 fusil,
2063 2045 2249 2105 künftighin
2276 2046 2302 2106 zu

1304 2088 1414 2148 sterben
1445 2091 1656 2151 intentionirt
1677 2091 1768 2151 seyn,
1794 2094 1868 2154 weil
1890 2094 1924 2154 sie
1950 2097 2131 2157 nunmehro
2157 2094 2207 2154 den
2238 2094 2303 2154 Tod

1295 2136 1393 2196 theils
1422 2136 1471 2196 für
1499 2138 1543 2198 ein
1577 2139 1847 2199 philosophisches
1870 2145 2091 2205 Heimwehe,
2119 2145 2218 2205 theils
2252 2144 2301 2204 für

1297 2187 1343 2247 ein
1367 2184 1656 2244 demantelement
1685 2190 1741 2250 von
1779 2191 1862 2251 einem
1905 2193 2064 2253 Planeten
2102 2193 2134 2253 en
2172 2193 2303 2253 Masque

1298 2237 1354 2297 zum
1401 2236 1555 2296 andern,
1581 2237 1627 2297 bis
1664 2237 1694 2297 in
1731 2240 1787 2300 den
1829 2240 1962 2300 Saturn
1999 2240 2138 2300 hinein,
2174 2243 2210 2303 da
2247 2243 2298 2303 der

1303 2285 1504 2345 Brandwein
1530 2285 1550 2345 so
1570 2285 1641 2345 hart
1662 2289 1797 2349 gefriert
1814 2291 1853 2351 als
1879 2288 1969 2348 unsre
1991 2291 2217 2351 Diamanten,
2233 2291 2308 2351 aus¬

1300 2336 1408 2396 fündig
1434 2336 1573 2396 gemacht
1595 2336 1687 2396 haben
1714 2339 1822 2399 wollen
1843 2337 1884 2397 rc.
1911 2338 2122 2398 Ueberhaupt
2143 2342 2179 2402 ist
2195 2342 2220 2402 er
2242 2343 2298 2403 kein

1298 2387 1422 2447 Freund
1446 2387 1499 2447 der
1518 2387 1760 2447 Philosophie.
1809 2386 1915 2446 "Mit
1933 2387 2081 2447 Gunsten
2117 2392 2212 2452 aber,
2236 2393 2306 2453 sagt

1314 2435 1372 2495 er,
1399 2435 1494 2495 lieben
1527 2435 1686 2495 Brüder,
1713 2437 1760 2497 die
1787 2437 1920 2497 Großen
1957 2435 2053 2495 dieser
2075 2437 2170 2497 Welt
2197 2440 2297 2500 wissen

1318 2485 1388 2545 sehr
1405 2487 1486 2547 gut,
1514 2485 1573 2545 daß
1601 2482 1682 2542 nicht
1704 2487 1748 2547 die
1770 2488 1966 2548 Vernunft,
1999 2488 2129 2548 sondern
2168 2489 2216 2549 der
2238 2491 2308 2551 De¬

1314 2535 1367 2595 gen
1400 2536 1463 2596 und
1491 2535 1538 2595 die
1566 2533 1709 2593 Schrift
1726 2536 1774 2596 die
1796 2539 1891 2599 Welt
1908 2535 2078 2595 regieren.

2185 2539 2304 2599 Leib¬

1293 2584 1452 2644 nitzens
1479 2581 1654 2641 Gedanken
1680 2582 1736 2642 von
1768 2587 1819 2647 der
1845 2584 2087 2644 Auswickelung
2124 2588 2201 2648 beym
2243 2589 2304 2649 To¬

1293 2635 1328 2695 de
1350 2635 1411 2695 und
1437 2634 1494 2694 sein
1530 2632 1773 2692 bannissement
1794 2635 1825 2695 de
1852 2635 1877 2695 la
1903 2633 1995 2693 morr
2017 2634 2074 2694 sind
2110 2637 2156 2697 ihm
2208 2641 2306 2701 zuwi=

1290 2683 1363 2743 der.
1411 2679 1564 2739 "Warum
1608 2681 1686 2741 sollte
1702 2684 1766 2744 nun
1787 2683 1940 2743 sterben
1973 2682 2057 2742 nicht
2079 2685 2104 2745 so
2131 2688 2195 2748 viel
2216 2688 2300 2748 seyn,

1309 2730 1451 2790 schreibt
1473 2730 1520 2790 er,
1531 2730 1572 2790 als
1599 2732 1652 2792 ins
1673 2733 1916 2793 Kindbette
1943 2732 2143 2792 kommen?”
2207 2733 2291 2793 Aber

1293 2781 1401 2841 warum
1453 2781 1530 2841 mein
1568 2781 1655 2841 Herr
1682 2784 1894 2844 Verkürzer!
1941 2784 2018 2844 diese
2049 2784 2132 2844 viele
2164 2778 2303 2838 Dehors

1290 2835 1343 2895 bey
1379 2829 1425 2889 der
1450 2830 1680 2890 Offenbarung
1705 2838 1906 2898 Johannis,
1930 2838 1982 2898 die
2019 2838 2078 2898 wir
2108 2838 2137 2898 im
2179 2832 2290 2892 kurzen

1288 2884 1372 2944 sehen
1409 2880 1534 2940 sollen?
