2479 3508
162 312 309 372 Orphei,
334 314 416 374 quae
447 306 558 366 extant
577 303 605 363 ex
636 297 825 357 recensions
861 294 890 354 et
914 295 944 355 c.
962 295 997 355 n.
1021 294 1180 354 Gesneri,

170 366 219 426 gr.
231 368 269 428 8,
292 369 308 429 4
337 362 375 422 fl.
392 358 431 418 15
459 354 509 414 gr.

213 412 342 472 Plitts,
361 405 425 465 zwo
455 398 656 458 Predigten,
680 395 733 455 bey
763 392 809 452 der
834 395 1005 455 römischen
1029 392 1176 452 Königs¬

163 462 254 522 wahl
274 458 440 518 gehalten,
465 447 501 507 15
533 446 581 506 gr.
637 445 742 505 Dess.
761 446 895 506 Beweis
922 446 976 506 daß
1008 443 1050 503 die
1075 440 1167 500 Lehre

159 512 210 572 der
239 503 470 563 evangelischen
500 496 613 556 Kirche
642 494 687 554 die
722 494 817 554 rechte
853 494 909 554 vom
961 492 1170 552 Abenbmahl

163 562 226 622 sey,
250 557 290 617 8,
313 554 353 614 12
377 551 434 611 gr.
481 545 665 605 Plutarch,
689 544 740 604 der
764 545 937 605 brittische,
967 544 1035 604 2ter
1053 542 1168 602 Band,

162 609 211 669 gr.
227 605 270 665 8,
293 602 308 662 3
336 601 369 661 fl.
418 594 499 654 Pray
527 592 635 652 anales
652 590 755 650 regum
799 589 1005 649 hungariae,
1033 589 1103 649 pars
1126 589 1174 649 II.

160 651 230 711 fol.
252 649 268 709 9
296 649 333 709 fl.
377 643 560 703 Schäffers
582 643 760 703 Nachricht
777 640 830 700 und
853 643 966 703 Probe
983 642 1036 702 von
1064 641 1150 701 einem

167 700 302 760 gewissen
337 694 615 754 Insectenwerke,
644 691 660 751 1
684 691 723 751 fl.
740 691 774 751 15
797 693 848 753 gr.
894 691 1086 751 Schrebers
1104 688 1165 748 zwo

164 748 333 808 Schriften
377 743 429 803 von
478 742 530 802 der
557 742 743 802 Geschichte
776 742 839 802 und
877 740 1180 800 Nothwendigkeit

903 789 1077 849 Schriften
1116 788 1170 848 der

166 798 215 858 der
243 790 673 850 Cameralwissenschaften,
696 789 739 849 8,
768 790 784 850 1
806 794 844 854 fl.

160 849 274 909 fürstl.
293 845 487 905 anhaltschen
518 840 675 900 deutschen
706 840 937 900 Gesellschaft,
980 843 998 903 2
1041 840 1180 900 Stücke,

1212 294 1252 354 24
1276 294 1333 354 gr.
1380 291 1513 351 Stahls
1542 291 1675 351 Beweis
1704 295 1757 355 von
1792 295 1843 355 den
1873 297 2024 357 Salzen,
2047 300 2099 360 daß
2128 300 2214 360 solche

1204 340 1259 400 aus
1295 342 1380 402 einer
1401 342 1507 402 zarten
1538 342 1623 402 Erde
1649 342 1704 402 mit
1725 342 1851 402 Wasser
1872 344 2079 404 verbunden,
2110 351 2221 411 entste¬

1204 392 1283 452 hen,
1307 390 1346 450 8,
1369 392 1483 452 Halle,
1507 391 1523 451 1
1553 392 1592 452 fl.
1616 392 1655 452 15
1673 394 1730 454 gr.
1776 392 1924 452 Störck,
1953 395 2009 455 vom
2044 396 2215 456 Gebrauch

1211 440 1260 500 der
1283 437 1512 497 Lichtbluhm,
1535 440 1579 500 8,
1602 440 1646 500 27
1669 440 1724 500 gr.

1258 488 1387 548 Versuch
1419 489 1506 549 eines
1528 488 1611 548 ganz
1632 488 1730 548 neuen
1757 490 2130 550 unwiedersprechlichen
2152 495 2224 555 Be¬

1206 539 1316 599 weises
1339 540 1388 600 daß
1411 539 1454 599 die
1471 539 1565 599 Lehre
1576 539 1648 599 Jesu
1670 539 1714 599 die
1737 541 1847 601 seligste
1858 540 2035 600 Wahrheit
2052 539 2106 599 sey.
2118 545 2217 605 12gr.

1205 589 1400 649 Voltairens
1437 586 1653 646 Abhandlung
1695 587 1751 647 von
1788 586 1839 646 der
1871 589 2221 649 Religionsdulbung,

1205 641 1247 701 8,
1268 640 1305 700 24
1337 640 1389 700 gr.
1442 637 1621 697 Vorschlag
1653 636 1716 696 und
1743 636 1906 696 Entwurf
1933 637 2022 697 einer
2054 640 2223 700 allgemei¬

1211 688 1267 748 nen
1296 688 1669 748 Bucher=Manufactur
1692 688 1714 748 in
1748 688 1804 748 und
1833 688 1883 748 für
1907 688 2143 748 Deutschland,
2178 694 2217 754 8,

1210 739 1250 799 24
1277 736 1333 796 gr.

1262 786 1335 846 Die
1358 784 1415 844 7te
1443 784 1647 844 Fortsetzung
1682 786 1778 846 seines
1813 786 1971 846 Catalogi
2000 784 2073 844 wird
2108 786 2136 846 in
2170 790 2209 850 14

1218 837 1320 897 Tagen
1349 837 1377 897 zu
1407 837 1510 897 haben
1539 837 1630 897 seyn.

346 1004 673 1064 Donaustrom,
707 1002 768 1062 vom
813 1001 851 1061 6.
880 1001 979 1061 Nov.

214 1055 283 1115 Die
307 1057 532 1117 Vermählung
562 1052 613 1112 des
637 1052 747 1112 Röm.
765 1052 891 1112 Königs
921 1052 1019 1112 Maj.
1037 1052 1100 1112 mit
1118 1051 1170 1111 der

167 1109 347 1169 Prinzessin
376 1106 522 1166 Josepha
545 1100 692 1160 Antonia
715 1100 771 1160 von
800 1103 935 1163 Bayern
958 1103 1098 1163 Königl.
1110 1103 1177 1163 Ho¬

156 1160 231 1220 heit
260 1157 370 1217 dürfte
405 1153 532 1213 ehstens
574 1148 863 1208 bekanntgemacht
893 1152 1043 1212 werden.
1101 1151 1176 1211 Ge¬

168 1205 275 1265 dachte
288 1203 468 1263 Prinzessin
499 1200 534 1260 ist
559 1196 642 1256 nebst
661 1196 708 1256 des
733 1198 937 1258 Churfürsten
962 1203 1070 1263 Jhres
1088 1198 1178 1258 Hrn.

163 1252 319 1312 Brudern
360 1250 506 1310 Durchl.
527 1246 580 1306 den
619 1243 727 1303 21sten
762 1246 884 1306 Octob.
909 1247 967 1307 aus
1002 1249 1169 1309 München

165 1304 195 1364 zu
222 1297 460 1357 Straubingen
487 1294 683 1354 angelangt.
731 1294 818 1354 Eben
850 1294 979 1354 daselbst
1000 1294 1098 1354 haben
1130 1294 1176 1354 sich

165 1351 216 1411 des
242 1348 350 1408 Röm.
371 1345 499 1405 Königs
531 1342 628 1402 Maj.
644 1343 696 1403 den
727 1342 794 1402 2ten
820 1344 917 1404 Nov.
933 1342 1097 1402 incognito
1119 1339 1180 1399 ein¬

164 1399 338 1459 gefunden.
388 1390 436 1450 Es
469 1393 513 1453 ist
540 1393 610 1453 auch
649 1391 698 1451 die
737 1390 790 1450 auf
818 1391 872 1451 der
900 1393 997 1453 Reise
1026 1389 1177 1449 begrifne

166 1446 347 1506 Prinzessin
388 1440 564 1500 Charlotte
604 1441 660 1501 von
707 1441 906 1501 Lothringen
946 1440 1082 1500 daselbst
1117 1437 1185 1497 ein¬

165 1498 341 1558 getroffen.

437 1539 607 1599 Paris,
645 1539 703 1599 den
741 1537 778 1597 2.
805 1537 906 1597 Nov.

213 1592 281 1652 Die
303 1592 535 1652 Vermählung
562 1590 614 1650 des
641 1587 783 1647 Prinzen
815 1587 872 1647 von
905 1587 1010 1647 Solre
1042 1584 1100 1644 mit
1121 1584 1168 1644 der

166 1646 348 1706 Prinzessin
376 1643 516 1703 Augusta
543 1640 602 1700 von
635 1640 727 1700 Salm
765 1637 802 1697 ist
819 1637 872 1697 den
900 1634 1002 1694 29sten
1040 1634 1088 1694 des
1121 1631 1174 1691 vo=

160 1700 252 1760 rigen
279 1697 423 1757 Monats
450 1694 611 1754 vollzogen
642 1691 787 1751 worden.
839 1688 917 1748 Der
943 1688 1098 1748 bekannte
1114 1685 1181 1745 Hr.

170 1749 368 1809 Gudowitz,
391 1748 627 1808 Cammerherr
650 1745 705 1805 des
738 1744 936 1804 verstorbnen
970 1740 1091 1800 Kayser
1114 1738 1179 1798 Pe¬

164 1803 211 1863 ter
233 1802 285 1862 des
312 1799 412 1859 3ten,
439 1798 502 1858 und
535 1798 576 1858 ein
609 1793 746 1853 Favorit
773 1796 921 1856 desselben
958 1793 1100 1853 befindet
1122 1793 1174 1853 sich

167 1843 306 1903 allhier,
335 1840 395 1900 und
419 1840 455 1900 ist
474 1839 660 1899 gesonnen,
684 1834 832 1894 hieselbst
852 1834 949 1894 seinen
977 1832 1176 1892 Wohnplatz

162 1888 425 1948 aufzuschlagen.
493 1882 570 1942 Der
602 1879 772 1939 berühmte
804 1876 989 1936 Capuciner
1016 1876 1067 1936 P.
1089 1876 1181 1936 Nor¬

163 1942 231 2002 bert
259 1936 401 1996 befindet
429 1933 476 1993 sich
513 1930 688 1990 gleichfalls
726 1927 862 1987 allhier,
890 1923 953 1983 und
985 1921 1054 1981 man
1097 1923 1181 1983 sagt,

166 1996 221 2056 daß
249 1990 276 2050 er
304 1987 353 2047 sich
387 1984 448 2044 aus
470 1979 586 2039 Furcht
615 1978 669 2038 für
698 1978 747 2038 die
770 1975 914 2035 Jesuiten
953 1972 1063 2032 hieher
1091 1971 1179 2031 bege¬

165 2042 249 2102 ben,
276 2037 381 2097 wegen
409 2031 508 2091 seiner
530 2028 630 2088 wider
652 2028 688 2088 sie
710 2025 1016 2085 herausgegebenen
1043 2020 1174 2080 Schrift

167 2093 226 2153 von
259 2088 308 2148 den
346 2082 557 2142 Gebräuchen
595 2079 692 2139 dieser
720 2076 948 2136 ehrwürdigen
986 2073 1110 2133 Herren
1143 2071 1170 2131 in

173 2139 356 2199 Malabar.

398 2178 602 2238 London,
629 2178 682 2238 vom
736 2178 800 2238 19.
822 2177 950 2237 Octob.

214 2236 302 2296 Man
330 2234 385 2294 hat
408 2231 463 2291 von
497 2229 619 2289 Jrland
642 2226 824 2286 Nachricht
841 2226 1013 2286 erhalten,
1041 2223 1096 2283 daß
1130 2221 1179 2281 ge=

165 2290 344 2350 genwärtig
374 2281 483 2341 20000
513 2276 617 2336 Fässer
641 2274 779 2334 gesalzen
809 2276 1023 2336 Rindfleisch,
1047 2273 1104 2333 für
1128 2273 1174 2333 die

168 2339 343 2399 Franzosen
375 2330 430 2390 von
462 2326 569 2386 dorten
607 2324 631 2384 im
676 2324 845 2384 Abschiffen
883 2326 907 2386 im
946 2323 1070 2383 Begrif
1096 2321 1177 2381 sind,

170 2390 230 2450 aus
259 2385 385 2445 welcher
408 2378 540 2438 Ursache
563 2372 612 2432 der
635 2375 751 2435 hiesige
774 2375 840 2435 Hof
862 2375 911 2435 für
940 2374 994 2434 gut
1012 2372 1166 2432 befunden

171 2437 253 2497 hat,
282 2435 370 2495 einen
399 2428 547 2488 Beschlag
576 2422 636 2482 auf
665 2423 719 2483 alle
742 2426 869 2486 Schiffe
898 2423 930 2483 zu
964 2420 1080 2480 legen,
1103 2420 1180 2480 wel=

166 2487 218 2547 che
240 2485 266 2545 in
287 2483 408 2543 Irland
435 2473 613 2533 Proviant
630 2471 683 2531 für
715 2473 835 2533 fremde
862 2470 1025 2530 Nationen
1068 2467 1178 2527 laden,

169 2533 304 2593 dagegen
337 2530 374 2590 ist
402 2527 493 2587 ihnen
532 2521 683 2581 erlaubt,
721 2524 796 2584 solch
829 2521 1002 2581 Proviant
1040 2516 1164 2576 zollfrei

170 2585 239 2645 nach
267 2581 418 2641 England
445 2573 580 2633 herüber
602 2569 628 2629 zu
661 2573 823 2633 bringen,
856 2572 931 2632 weil
953 2569 974 2629 in
1007 2568 1158 2628 England

166 2632 304 2692 obgleich
330 2629 385 2689 bey
411 2626 499 2686 einem
537 2620 706 2680 Ueberfluß
739 2625 814 2685 aller
833 2623 952 2683 Dinge
978 2619 1047 2679 eine
1073 2617 1172 2677 große

172 2680 348 2740 Theurung
376 2676 431 2736 ist.
476 2670 553 2730 Die
575 2667 807 2727 Lebensmittel
830 2673 885 2733 sind
907 2670 979 2730 eben
1008 2664 1173 2724 sotheuer,

170 2739 215 2799 als
238 2728 397 2788 während
426 2722 476 2782 des
499 2718 618 2778 letztern
647 2720 806 2780 Krieges.
857 2721 930 2781 Die
959 2718 1084 2778 Kohlen
1113 2718 1168 2778 sind

166 2787 254 2847 nicht
271 2775 453 2835 wohlfeiler
476 2772 520 2832 als
549 2769 692 2829 damals,
715 2771 903 2831 ungeachtet
926 2771 991 2831 man
1020 2769 1074 2829 von
1108 2766 1157 2826 dem

170 2835 377 2895 vorhandnen
407 2823 603 2883 Ueberflusse
627 2820 697 2880 eine
721 2823 923 2883 wohlfeilere
959 2823 1029 2883 Zeit
1060 2817 1177 2877 erwar¬

165 2888 209 2948 ten
241 2884 353 2944 sollte,
373 2875 474 2935 daher
506 2872 543 2932 ist
575 2868 670 2928 dieses
702 2868 821 2928 Mittel
847 2870 903 2930 vor
930 2873 979 2933 die
999 2870 1092 2930 Hand
1125 2867 1181 2927 ge¬

172 2942 316 3002 nommen
344 2930 495 2990 worden.
544 2924 619 2984 Die
641 2921 784 2981 Einfuhr
813 2922 867 2982 von
902 2930 1053 2990 Butter,
1074 2924 1177 2984 gesal=

1209 1001 1297 1061 zenem
1347 1001 1457 1061 Rind=
1491 1001 1551 1061 und
1585 1001 1850 1061 Schweinfleisch
1890 998 1944 1058 aus
1978 998 2105 1058 Irland
2139 998 2210 1058 nach

1211 1052 1357 1112 England
1385 1052 1510 1112 zollfrey
1543 1052 1575 1112 zu
1608 1055 1766 1115 machen,
1799 1052 1836 1112 um
1875 1050 1907 1110 zu
1935 1049 2054 1109 sehen,
2077 1048 2109 1108 ob
2142 1048 2206 1108 man

1211 1103 1299 1163 nicht
1321 1103 1381 1163 auf
1410 1103 1503 1163 solche
1532 1100 1636 1160 Weise
1670 1103 1719 1163 den
1753 1103 1852 1163 hohen
1881 1100 1979 1160 Preis
2013 1100 2063 1160 der
2085 1097 2223 1157 Lebens¬

1214 1154 1316 1214 mittel
1338 1154 1363 1214 in
1389 1154 1543 1214 England
1564 1151 1764 1211 erniedrigen
1791 1149 1908 1209 könne.
1981 1142 2042 1202 Da
2074 1145 2125 1205 des
2151 1147 2217 1207 Kö¬

1214 1202 1301 1262 niges
1327 1201 1425 1261 Maj.
1441 1200 1497 1260 auf
1524 1198 1564 1258 ein
1591 1198 1616 1258 im
1658 1198 1787 1258 Namen
1818 1196 1869 1256 der
1891 1193 2112 1253 Admiralität
2128 1196 2221 1256 über¬

1210 1252 1328 1312 gebnes
1358 1246 1549 1306 Memorial
1569 1243 1672 1303 wegen
1707 1244 1795 1304 eines
1826 1243 1874 1303 für
1914 1243 1958 1303 die
1993 1243 2209 1303 abgedankten

1209 1297 1353 1357 betagten
1389 1294 1533 1354 Königl.
1560 1292 1766 1352 Schifbauer
1797 1291 1828 1351 zu
1864 1290 2070 1350 beforgenden
2102 1291 2220 1351 Unter¬

1214 1345 1298 1405 halts
1326 1344 1357 1404 zu
1385 1342 1522 1402 befehlen
1556 1342 1688 1402 geruhet
1710 1342 1827 1402 haben,
1854 1341 1907 1401 daß
1940 1341 1987 1401 der
2009 1339 2061 1399 von
2100 1342 2147 1402 der
2163 1341 2227 1401 Ad¬

1210 1393 1378 1453 miralität
1400 1393 1663 1453 vorgeschlagnen
1696 1391 1853 1451 Methode
1880 1387 2001 1447 zufolge
2028 1390 2070 1450 ein
2097 1390 2207 1450 Mann

1211 1442 1272 1502 aus
1293 1440 1360 1500 50,
1387 1440 1515 1500 welcher
1541 1440 1567 1500 in
1593 1440 1701 1500 irgend
1733 1440 1815 1500 einem
1857 1437 2135 1497 Schiffbauplatze
2162 1440 2223 1500 die¬

1209 1491 1253 1551 ses
1282 1491 1493 1551 Königreichs
1522 1491 1555 1551 30
1589 1491 1678 1551 Jahr
1701 1491 1846 1551 gedienet
1869 1488 1946 1548 hat,
1975 1488 2047 1548 eine
2064 1488 2220 1548 jährliche

1217 1539 1353 1599 Pension
1380 1539 1438 1599 von
1470 1539 1501 1599 20
1533 1539 1596 1599 Pf.
1618 1541 1733 1601 Sterl.
1760 1539 1801 1599 als
1834 1539 1901 1599 eine
1923 1538 2128 1598 Belohnung
2160 1539 2212 1599 für

1218 1590 1294 1650 seine
1317 1590 1399 1650 treue
1422 1589 1560 1649 Dienste
1583 1590 1732 1650 genießen
1765 1589 1842 1649 soll;
1870 1589 1898 1649 so
1926 1589 1959 1649 ist
1982 1587 2075 1647 dieser
2092 1587 2219 1647 Befehl

1210 1640 1276 1700 nach
1310 1639 1365 1699 den
1399 1640 1615 1700 sämmtlichen
1649 1640 1793 1700 Königl.
1821 1639 1954 1699 Plätzen
1994 1637 2215 1697 ausgefertigt

1211 1691 1371 1751 worden,
1394 1693 1454 1753 und
1482 1692 1531 1752 die
1554 1693 1675 1753 Freude
1703 1694 1796 1754 unter
1825 1691 1874 1751 den
1908 1691 2145 1751 Arbeitsleuten
2179 1691 2217 1751 ist

1213 1746 1503 1806 unbeschreiblich.

1509 1799 1664 1859 Brest,
1691 1799 1749 1859 den
1782 1799 1846 1859 18.
1873 1798 1956 1858 Oct.

1266 1837 1341 1897 Der
1363 1840 1686 1900 Schiffslieutenant
1708 1840 1794 1900 Herr
1816 1839 1869 1899 von
1891 1840 2063 1900 Goimpy,
2085 1842 2144 1902 hat
2161 1841 2214 1901 das

1209 1882 1417 1942 Commando
1454 1882 1545 1942 einer
1573 1882 1691 1942 kleinen
1728 1882 1882 1942 Fregatte
1910 1885 2133 1945 bekommen,
2174 1888 2224 1948 die

1208 1927 1380 1987 auslaufen
1415 1926 1483 1986 soll,
1508 1926 1542 1986 um
1587 1929 1655 1989 eine
1675 1929 1754 1989 neue
1784 1930 1837 1990 von
1867 1930 1921 1990 dem
1971 1930 2078 1990 Herrn
2113 1933 2225 1993 Ferdi¬

1211 1977 1291 2037 nand
1317 1975 1442 2035 Breton
1479 1978 1665 2038 verfertigte
1686 1978 1888 2038 Pendaluhr
1904 1978 1934 2038 zu
1954 1978 2126 2038 probiren.
2147 1982 2217 2042 Der

1211 2025 1350 2085 Versuch
1381 2025 1453 2085 wird
1485 2025 1568 2085 nicht
1589 2027 1681 2087 lange
1703 2027 1831 2087 währen
1863 2025 2003 2085 dürfen,
2034 2028 2127 2088 indem
2174 2033 2220 2093 die

1214 2076 1361 2136 Fregatte
1383 2076 1441 2136 nur
1468 2075 1525 2135 auf
1543 2073 1552 2133 6
1585 2076 1722 2136 Wochen
1754 2077 1987 2137 Lebensmittel
2008 2079 2209 2139 mitnimmt.

1402 2127 1706 2187 Petersburg,
1729 2129 1784 2189 den
1817 2127 1883 2187 25.
1906 2127 2027 2187 Octob.

1258 2172 1365 2232 Heute
1389 2176 1620 2236 Nachmittags
1649 2178 1688 2238 um
1723 2178 1739 2238 2
1768 2178 1836 2238 Uhr
1865 2178 1994 2238 erhielte
2029 2178 2079 2238 der
2103 2178 2221 2238 Türki¬

1215 2227 1271 2287 sche
1294 2226 1498 2286 Abgesandte
1527 2229 1697 2289 Derwisch
1727 2229 1885 2289 Mehmed
1909 2228 2061 2288 Effendi,
2096 2228 2226 2288 Tefter¬

1214 2276 1266 2336 dar
1293 2273 1345 2333 vom
1388 2276 1456 2336 2ten
1488 2279 1604 2339 Range
1631 2279 1688 2339 und
1715 2282 1873 2342 Mitglied
1900 2279 1926 2339 im
1963 2279 2052 2339 Rath
2090 2279 2137 2339 der
2164 2279 2221 2339 Ot=

1211 2324 1438 2384 tomannischen
1467 2327 1591 2387 Pforte
1615 2330 1671 2390 bey
1700 2332 1785 2392 Ihro
1819 2330 1978 2390 Kayserl.
2001 2330 2103 2390 Maj.
2132 2330 2217 2390 seine

1215 2375 1389 2435 öffentliche
1412 2378 1581 2438 Audienz,
1610 2381 1660 2441 bey
1694 2381 1824 2441 welcher
1853 2381 1898 2441 Er
1926 2381 2095 2441 folgendes
2130 2381 2219 2441 Sul=

1211 2426 1365 2486 tanisches
1393 2426 1569 2486 Schreiben
1603 2432 1768 2492 übergab:

1265 2479 1378 2539 „Mein
1420 2494 1824 2554 allerdurchläuchtigster,
1845 2488 2141 2548 großmächtigster,
2168 2488 2215 2548 ge¬

1210 2545 1406 2605 waltigster,
1430 2551 1644 2611 allergrößter
1679 2552 1789 2612 Herr,
1819 2545 1946 2605 Sultan
1987 2545 2044 2605 der
2074 2545 2218 2605 Länder,

1208 2608 1333 2668 Kayser
1358 2610 1406 2670 der
1430 2612 1575 2672 Meere,
1600 2614 1707 2674 Hüter
1738 2611 1792 2671 des
1823 2610 1961 2670 heiligen
1992 2608 2220 2668 Jerusalems,

1211 2668 1335 2728 Sultan
1375 2668 1437 2728 und
1471 2675 1573 2735 Sohn
1613 2673 1697 2733 eines
1726 2668 1912 2728 Sultans,
1947 2670 2116 2730 Monarch
2150 2670 2212 2730 und

1207 2730 1308 2790 Sohn
1351 2733 1435 2793 eines
1478 2736 1713 2796 Monarchen,
1750 2730 1877 2790 Sultan
1926 2730 2197 2790 Mustafa=Chan

1209 2790 1309 2850 Sohn
1351 2794 1403 2854 des
1440 2802 1569 2862 Sultan
1611 2793 1925 2853 Achmed=Chans,
1961 2793 2049 2853 eines
2085 2793 2214 2853 Sohns

1207 2858 1255 2918 des
1281 2860 1410 2920 Sultan
1442 2858 1800 2918 Mahomed=Chans,
1831 2858 1887 2918 hat
1919 2855 2041 2915 zufolge
2079 2854 2128 2914 der
2160 2857 2221 2917 mit

1208 2924 1287 2984 Ew.
1321 2928 1481 2988 Kayserl.
1509 2924 1695 2984 Majestät,
1736 2924 1789 2984 der
1816 2918 2210 2978 allerdurchlauchtigsten

2113 2975 2201 3035 groß
