2479 3508
1254 1216 1315 1276 den
1372 1216 1449 1276 22.
1482 1213 1677 1273 October
1717 1213 1873 1273 1764.

577 1221 701 1281 76tes
743 1219 908 1279 Stück.
983 1216 1206 1276 Montag,

307 1300 462 1360 Beschluß
496 1296 545 1356 des
574 1296 639 1356 letzt
657 1293 895 1353 abgebrochnen
924 1291 1084 1351 Artikels.

191 1363 367 1423 Wissen
387 1355 458 1415 Sie
479 1351 595 1411 endlich
623 1348 733 1408 warum
773 1348 818 1408 die
838 1345 1014 1405 Liebhaber
1034 1340 1059 1400 im
1100 1339 1197 1399 Glück

185 1404 374 1464 sich
396 1401 422 1461 so
443 1399 538 1459 leicht
554 1396 738 1456 vereckeln?
776 1396 907 1456 Warum
955 1393 1023 1453 man
1056 1389 1108 1449 sich
1140 1383 1203 1443 we¬

176 1462 233 1522 nig
262 1456 399 1516 gefällt,
429 1448 561 1508 nachdem
613 1446 681 1506 man
717 1443 767 1503 sich
803 1440 871 1500 viel
901 1440 929 1500 zu
964 1440 1032 1500 viel
1056 1436 1193 1496 gefallen

189 1511 269 1571 hat?
299 1500 391 1560 Weil
415 1498 507 1558 beyde
532 1494 641 1554 Theile
665 1493 752 1553 gleich
781 1488 892 1548 falsche
910 1487 1054 1547 Begriffe
1078 1485 1199 1545 haben.

190 1557 265 1617 Der
287 1554 357 1614 eine
379 1551 492 1611 glaubt
514 1545 611 1605 nichts
638 1542 725 1602 mehr
752 1539 887 1599 erhalten
914 1539 946 1599 zu
974 1536 1113 1596 können,
1141 1533 1194 1593 der

186 1606 304 1666 andere
327 1602 407 1662 bildt
424 1599 473 1659 sich
500 1598 576 1658 ein,
603 1593 706 1653 nichts
739 1591 830 1651 mehr
858 1587 955 1647 geben
983 1587 1015 1647 zu
1054 1583 1194 1643 können.

189 1655 330 1715 Daraus
359 1652 444 1712 folgt
473 1646 706 1706 nothwendig,
741 1642 797 1702 daß
832 1639 883 1699 der
912 1636 980 1696 eine
1009 1636 1037 1696 in
1077 1633 1173 1693 seinem

196 1707 367 1767 Bestreben
400 1703 477 1763 matt
500 1701 598 1761 wird,
621 1697 681 1757 und
710 1694 759 1754 der
781 1694 880 1754 andre
903 1692 930 1752 es
953 1687 1195 1747 vernachläßigt

188 1763 239 1823 sich
268 1760 387 1820 geltend
410 1757 444 1817 zu
473 1754 626 1814 machen,
656 1749 729 1809 oder
747 1748 884 1808 glaubt,
913 1745 940 1805 es
969 1743 1055 1803 durch
1084 1740 1202 1800 gründ¬

182 1810 262 1870 liche
278 1805 432 1865 Vorzüge
454 1802 575 1862 werden
602 1799 628 1859 zu
661 1798 798 1858 können.
852 1793 937 1853 Man
969 1793 1038 1853 setzt
1054 1793 1102 1853 die
1123 1790 1203 1850 Ver¬

181 1851 286 1911 nunft
311 1846 373 1906 und
402 1843 634 1903 Hochachtung
668 1840 692 1900 in
726 1837 774 1897 die
808 1834 918 1894 Stelle
953 1831 1001 1891 der
1030 1831 1121 1891 Liebe
1151 1827 1165 1887 -

192 1949 278 2009 gang
307 1941 324 2001 —
383 1936 509 1996 sogleich
539 1924 798 1984 verschwinden,
834 1922 914 1982 diese
944 1918 1197 1978 liebenswürdi¬

185 2005 222 2065 ge
241 1989 477 2049 Zänkereyen,
503 1981 552 2041 die
572 1978 596 2038 so
621 1977 733 2037 nöthig
759 1972 820 2032 sind
858 1969 908 2029 den
940 1969 1120 2029 Ueberdruß
1158 1966 1188 2026 zu

188 2043 403 2103 vermeiden,
426 2031 517 2091 indem
561 2028 598 2088 sie
615 2028 663 2088 ihm
707 2023 977 2083 zuvorkommen.

236 2092 340 2152 Wenn
376 2085 417 2145 ich
453 2079 528 2139 aber
559 2079 734 2139 verlange,
769 2076 827 2136 daß
857 2073 910 2133 die
934 2067 1196 2127 Einförmigkeit

188 2146 276 2206 eines
310 2136 476 2196 zärtlichen
510 2128 682 2188 Umgangs
711 2126 805 2186 durch
839 2123 944 2183 einige
973 2121 1122 2181 Stürme
1161 2115 1188 2175 in

191 2193 389 2253 Bewegung
423 2181 572 2241 gebracht
606 2178 733 2238 werde,
766 2178 793 2238 so
827 2175 965 2235 glauben
1005 2172 1076 2232 Sie
1110 2169 1198 2229 nicht

196 2247 295 2307 etwa,
323 2238 422 2298 meine
451 2231 627 2291 Meynung
650 2228 716 2288 sey,
739 2225 793 2285 daß
822 2225 865 2285 sich
893 2226 937 2286 ein
965 2223 1059 2283 Paar
1082 2220 1197 2280 lieben¬

197 2297 231 2357 de
255 2291 417 2351 beständig
441 2284 551 2344 zauken
581 2276 690 2336 sollen.
749 2276 812 2336 Ich
842 2273 1004 2333 wünschte
1028 2270 1114 2330 nur,
1138 2270 1196 2330 daß

189 2347 261 2407 ihre
281 2338 524 2398 Uneinigkeiten
557 2329 616 2389 aus
649 2324 735 2384 ihrer
755 2323 846 2383 Liebe
874 2324 965 2384 selbst
985 2319 1188 2379 entspringen

184 2393 360 2453 möchten,
385 2388 439 2448 daß
476 2380 518 2440 die
555 2375 695 2435 Schöne
720 2372 866 2432 niemals
897 2372 951 2432 aus
988 2369 1073 2429 einer
1104 2366 1201 2426 klein¬

192 2442 362 2502 müthigen
396 2432 512 2492 Güte,
546 2426 595 2486 die
624 2423 673 2483 ihr
701 2423 934 2483 zukommende
956 2420 1099 2480 Achtung
1133 2417 1194 2477 und

195 2485 455 2545 Aufwartungen
492 2473 651 2533 vergaße,
689 2467 741 2527 daß
779 2473 815 2533 sie
842 2473 895 2533 sich
927 2468 1064 2528 niemals
1102 2464 1192 2524 durch

199 2538 268 2598 eine
291 2532 513 2592 übertriebene
535 2518 817 2578 Empfindlichkeit
845 2521 915 2581 ihre
932 2518 1024 2578 Liebe
1051 2515 1078 2575 zu
1117 2515 1197 2575 einer

194 2587 315 2647 Quelle
329 2581 387 2641 von
414 2577 568 2637 Unruhen
595 2569 736 2629 machte,
769 2571 820 2631 die
847 2572 937 2632 fähig
970 2566 1073 2626 wären
1112 2563 1195 2623 jeden

202 2632 395 2692 Augenblick
422 2627 515 2687 ihres
549 2618 662 2678 Lebens
696 2617 728 2677 zu
762 2620 949 2680 vergiften,
983 2617 1042 2677 und
1076 2614 1129 2674 daß
1163 2611 1202 2671 sie

193 2685 285 2745 ihren
319 2675 492 2735 Liebhaber
527 2667 612 2727 nicht
640 2664 726 2724 durch
767 2666 839 2726 eine
866 2664 1200 2724 allzugewissenhafte

200 2734 309 2794 Treue
339 2727 367 2787 zu
402 2724 471 2784 sehr
501 2716 703 2776 versicherte,
733 2712 790 2772 wie
820 2715 848 2775 er
878 2718 935 2778 von
971 2712 1069 2772 dieser
1098 2709 1202 2769 Seite

203 2790 303 2850 nichts
327 2782 356 2842 zu
387 2772 563 2832 befurchten
587 2766 687 2826 habe.
723 2763 859 2823 Endlich
883 2766 912 2826 so
936 2766 1007 2826 muß
1031 2765 1101 2825 auch
1131 2760 1195 2820 eine

201 2841 282 2901 Frau
320 2831 402 2891 nicht
434 2821 477 2881 die
503 2817 736 2877 Schwachheit
762 2814 912 2874 besitzen,
951 2817 1032 2877 einem
1083 2812 1189 2872 Mann

192 2891 245 2951 der
266 2888 298 2948 es
319 2885 372 2945 bey
400 2877 446 2937 ihr
467 2870 601 2930 versieht
622 2867 682 2927 aus
703 2864 1025 2924 Sanftmüthigkeit
1046 2866 1105 2926 und
1140 2863 1199 2923 un¬

1236 1288 1489 1348 veränderlicher
1515 1285 1704 1345 Gleichheit
1723 1285 1799 1345 alles
1825 1285 1856 1345 zu
1882 1285 2071 1345 verzeihen.
2098 1281 2166 1341 Die
2186 1279 2248 1339 Er¬

1236 1333 1374 1393 fahrung
1406 1335 1490 1395 zeigt
1517 1333 1549 1393 es
1587 1333 1645 1393 nur
1678 1334 1703 1394 zu
1741 1335 1809 1395 oft,
1837 1333 1889 1393 daß
1927 1333 1975 1393 die
2002 1330 2140 1390 Damen
2172 1330 2246 1390 ihre

1228 1378 1429 1438 Liebhaber,
1451 1381 1525 1441 oder
1552 1382 1604 1442 das
1632 1383 1716 1443 Herz
1738 1381 1822 1441 ihrer
1849 1381 1997 1441 Männer
2024 1381 2108 1441 durch
2135 1378 2241 1438 zuviel

1235 1428 1410 1488 Nachsicht
1453 1431 1516 1491 und
1565 1431 1803 1491 Gelindigkeit
1841 1428 2021 1488 verlieren.

2107 1426 2241 1486 Welche

1234 1479 1488 1539 Schwachheit!
1517 1476 1588 1536 Sie
1611 1479 1732 1539 machen
1766 1478 1815 1538 sich
1838 1476 1882 1536 ein
1911 1476 2087 1536 Verdienst
2116 1476 2237 1536 daraus

1228 1527 1324 1587 ihnen
1356 1527 1430 1587 alles
1452 1527 1483 1587 zu
1511 1527 1649 1587 opfern,
1676 1530 1713 1590 sie
1735 1529 1899 1589 verziehen
1927 1525 1990 1585 sie,
2012 1525 2075 1585 und
2113 1526 2235 1586 machen

1233 1576 1291 1636 aus
1328 1578 1423 1638 ihnen
1460 1578 1518 1638 nur
1550 1578 1777 1638 undankbare.
1851 1575 1909 1635 So
1952 1574 2014 1634 viel
2041 1572 2231 1632 Großmuth

1234 1625 1322 1685 dient
1345 1628 1460 1688 endlich
1483 1628 1582 1688 wider
1605 1628 1643 1688 sie
1666 1628 1776 1688 selbst,
1799 1625 1859 1685 und
1887 1625 1953 1685 bald
1987 1625 2163 1685 gewöhnen
2197 1625 2235 1685 sie

1231 1681 1280 1741 sich
1309 1679 1369 1739 an,
1398 1680 1453 1740 das
1482 1679 1526 1739 als
1554 1679 1592 1739 ein
1626 1679 1727 1739 Recht
1749 1679 1944 1739 anzusehen,
1973 1676 2039 1736 was
2068 1676 2162 1736 ihnen
2190 1676 2251 1736 an¬

1237 1733 1338 1793 fangs
1361 1733 1422 1793 nur
1445 1733 1495 1793 als
1519 1733 1586 1793 eine
1615 1733 1732 1793 Gnade
1756 1732 1958 1792 zugestanden
1987 1730 2043 1790 ist.

1288 1784 1361 1844 Sie
1390 1784 1475 1844 sehen
1509 1787 1651 1847 täglich,
1674 1786 1770 1846 selbst
1799 1784 1895 1844 unter
1924 1781 2054 1841 denen,
2088 1784 2134 1844 die
2168 1781 2235 1841 man

1228 1826 1293 1886 mit
1324 1828 1374 1888 dem
1425 1829 1551 1889 größten
1582 1831 1687 1891 Recht
1713 1831 1899 1891 verachtet,
1925 1828 2081 1888 Frauen,
2107 1828 2152 1888 die
2183 1830 2248 1890 mit

195 1897 325 1957 fogleich
346 1890 387 1950 ist
408 1888 490 1948 nicht
512 1884 593 1944 mehr
622 1879 669 1939 das
697 1876 1027 1936 anzüglichrührende
1055 1873 1082 1933 im
1117 1873 1199 1933 Um=
1241 1867 1322 1927 einem
1364 1870 1494 1930 eisernen
1523 1870 1639 1930 Zepter
1653 1870 1818 1930 regieren,
1839 1872 1893 1932 die
1915 1872 1969 1932 die
1997 1873 2168 1933 Männer,
2190 1875 2244 1935 die

1232 1910 1293 1970 mit
1313 1912 1408 1972 ihnen
1437 1913 1613 1973 verbunden
1647 1915 1704 1975 wie
1728 1915 1876 1975 Sklaven
1905 1915 2034 1975 halten,
2058 1917 2120 1977 und
2144 1918 2234 1978 durch

1230 1961 1301 2021 ihre
1328 1960 1513 2020 Herrschaft
1534 1963 1729 2023 erniedrigen
1767 1963 1776 2023 —
1844 1963 1900 2023 und
1932 1963 2003 2023 eben
2040 1963 2086 2023 die
2113 1968 2236 2028 Frauen

1229 2011 1350 2071 werden
1379 2011 1412 2071 am
1451 2011 1590 2071 längsten
1624 2013 1762 2073 geliebt!
1790 2011 1850 2071 Ich
1879 2013 1957 2073 weiß
1985 2011 2073 2071 wohl
2090 2014 2145 2074 daß
2174 2018 2239 2078 eine

1228 2061 1320 2121 kluge
1358 2060 1417 2120 und
1456 2060 1683 2120 wohlerzogne
1711 2061 1830 2121 Gattin
1874 2061 1922 2121 sich
1961 2059 1993 2119 es
2021 2061 2107 2121 nicht
2135 2064 2242 2124 werde

1228 2109 1254 2169 in
1287 2112 1339 2172 den
1367 2106 1457 2166 Sinn
1489 2112 1627 2172 kommen
1655 2112 1777 2172 laßen;
1815 2112 1910 2172 diesem
1959 2112 2086 2172 Muster
2119 2115 2150 2175 zu
2183 2115 2246 2175 fol¬

1234 2163 1318 2223 gen:
1341 2158 1465 2218 Dieses
1489 2161 1687 2221 kriegerische
1710 2161 1822 2221 Wesen
1852 2163 1970 2223 streitet
1987 2163 2050 2223 mit
2079 2163 2129 2223 den
2158 2165 2247 2225 sanf¬

1234 2211 1278 2271 ten
1317 2208 1428 2268 Sitten
1467 2210 1527 2270 und
1561 2211 1699 2271 verfehlt
1728 2212 1777 2272 den
1811 2217 2032 2277 Wohlstand,
2066 2214 2115 2274 der
2149 2217 2237 2277 selbst

1235 2261 1281 2321 die
1302 2261 1415 2321 Dinge
1436 2259 1559 2319 reizend
1586 2264 1709 2324 macht,
1736 2264 1781 2324 die
1808 2264 1864 2324 von
1890 2266 1941 2326 der
1963 2267 2096 2327 Tugend
2123 2264 2241 2324 entfer¬

1231 2313 1315 2373 nen.
1361 2308 1422 2368 Laß
1451 2310 1518 2370 aber
1542 2312 1621 2372 diese
1644 2315 1858 2375 vernünftige
1881 2317 1961 2377 Frau
1995 2315 2040 2375 die
2069 2318 2237 2378 Abschatti¬

1234 2363 1314 2423 rung
1347 2357 1514 2417 mildern,
1547 2360 1573 2420 so
1607 2363 1687 2423 wird
1715 2366 1773 2426 das
1806 2368 1935 2428 nöthige
1963 2366 2016 2426 zur
2044 2365 2227 2425 Erhaltung

1235 2411 1321 2471 eines
1345 2408 1542 2468 Liebhabers
1566 2411 1659 2471 übrig
1688 2417 1832 2477 bleiben.
1880 2413 1961 2473 Wir
1985 2413 2042 2473 sind
2066 2414 2245 2474 Untertha¬

1229 2460 1319 2520 nen,
1342 2458 1392 2518 die
1410 2455 1438 2515 zu
1472 2460 1534 2520 viel
1557 2464 1648 2524 Güte
1677 2465 1846 2525 bisweilen
1881 2459 2090 2519 übermüthig
2125 2461 2237 2521 macht,

1238 2509 1299 2569 wir
1324 2506 1434 2566 wollen
1471 2506 1520 2566 oft
1545 2511 1569 2571 so
1600 2513 1661 2573 wie
1687 2516 1735 2576 die
1766 2512 1913 2572 Sklaven
1951 2509 2011 2569 aus
2043 2506 2091 2566 der
2129 2509 2227 2569 neuen

1235 2557 1327 2617 Welt
1345 2557 1483 2617 gehalten
1513 2563 1663 2623 werden.
1710 2563 1790 2623 Wir
1808 2560 1907 2620 haben
1936 2557 1965 2617 in
1994 2557 2051 2617 uns
2081 2557 2150 2617 eine
2174 2560 2242 2620 Re¬

1236 2608 1287 2668 gel
1310 2605 1355 2665 der
1384 2611 1644 2671 Gerechtigkeit,
1673 2614 1780 2674 welche
1809 2608 1871 2668 uns
1906 2608 2076 2668 erinnert,
2099 2608 2155 2668 daß
2190 2610 2240 2670 die

1234 2653 1294 2713 uns
1328 2655 1523 2715 regierende
1552 2664 1651 2724 Hand
1697 2658 1863 2718 bisweilen
1908 2655 1975 2715 mit
2009 2656 2131 2716 Grund
2171 2658 2236 2718 uns

1237 2703 1349 2763 schwer
1373 2704 1462 2764 fällt,
1491 2711 1547 2771 und
1576 2712 1638 2772 wir
1661 2709 1718 2769 sind
1741 2707 1791 2767 ihr
1820 2706 1910 2766 dafür
1939 2704 2142 2764 verbunden.

1276 2754 1355 2814 Hier
1384 2755 1418 2815 ist
1435 2759 1554 2819 endlich
1584 2763 1663 2823 mein
1686 2755 1828 2815 Schluß.
1880 2756 1931 2816 Jn
1960 2757 2034 2817 allem
2074 2757 2142 2817 was
2166 2756 2216 2816 zum

1234 2805 1330 2865 Reich
1359 2805 1404 2865 der
1427 2811 1517 2871 Liebe
1540 2813 1675 2873 gehört,
1699 2806 1812 2866 müssen
1841 2805 1886 2865 die
1909 2808 2039 2868 Damen
2073 2805 2118 2865 die
2141 2804 2242 2864 Herr¬

1240 2859 1334 2919 schaft
1352 2859 1494 2919 führen,
1519 2861 1577 2921 von
1608 2862 1696 2922 ihnen
1726 2856 1838 2916 müssen
1869 2855 1927 2915 wir
1957 2856 2046 2916 unser
2070 2855 2153 2915 Herz
2183 2855 2247 2915 mit

2171 2906 2255 2966 Be¬
