2479 3508
163 327 302 387 Verließ
337 323 389 383 der
419 320 505 380 Hase
535 314 633 374 diesen
669 312 749 372 Ort,

164 375 238 435 Und
273 374 353 434 setzte
381 371 441 431 mit
469 365 523 425 dem
571 363 673 423 Fuchs
714 358 761 418 die
789 357 1032 417 Untersuchung
1067 354 1147 414 fort.

164 425 247 485 Nun
284 419 357 479 aber
388 415 472 475 stand
509 408 538 468 in
575 407 672 467 voller
703 407 921 467 Munterkeit
952 405 1011 465 und
1043 404 1175 464 Größe,

161 473 236 533 Vom
284 466 401 526 Lauren
437 460 518 520 satt,
548 458 606 518 vom
654 455 788 515 Warten
830 454 911 514 böse,

161 521 236 581 Der
266 512 500 572 raubbegierge
535 506 646 566 Jäger
676 506 728 566 da.

162 567 245 627 Voll
274 563 436 623 Ahndung
470 557 593 617 lispelte
622 555 677 615 der
706 556 812 616 Hase,

177 615 229 675 Ist
256 612 316 672 das
350 609 396 669 ein
431 603 597 663 Mensch?
644 602 677 662 da
711 604 744 664 er
771 602 824 662 den
865 603 971 663 Jäger
1005 601 1078 661 sah.

164 664 243 724 Das
275 661 311 721 ist
337 661 398 721 er,
436 655 534 715 sprach
571 654 626 714 der
652 652 781 712 Fuchs,
818 652 879 712 und
917 652 1083 712 rümpfete
1121 651 1169 711 die

661 699 774 759 Nase,

160 760 308 820 Erlaube
339 757 427 817 mir,
451 752 554 812 etwas
585 751 636 811 bey
674 752 762 812 Seit
793 754 822 814 zu
860 751 956 811 gehn.

433 908 593 968 Wien,
619 909 674 969 vom
725 909 785 969 21.
812 910 916 970 Nov.

206 962 286 1022 Die
308 960 400 1020 durch
423 960 476 1020 den
504 960 568 1020 Tod
602 960 650 1020 des
677 957 823 1017 Prinzen
852 960 905 1020 von
938 960 1111 1020 Stollberg
1133 958 1176 1018 er=

161 1016 274 1076 ledigte
309 1010 632 1070 Stadthalterschaft
661 1007 689 1067 in
735 1007 985 1067 Philipsburg,
1020 1009 1059 1069 ist
1094 1010 1150 1070 dem

167 1064 307 1124 Prinzen
345 1058 459 1118 Georg
497 1058 642 1118 Wilhelm
698 1055 757 1115 von
795 1058 1173 1118 Hessen=Darmstadt,

164 1112 614 1172 Feldmarschall=Lieutenant
636 1106 692 1166 von
724 1106 770 1166 der
797 1106 1029 1166 Reichsarmee
1051 1108 1169 1168 erthei¬

165 1164 209 1224 let
226 1160 375 1220 worden.
425 1157 513 1217 Man
542 1154 630 1214 sagt,
658 1154 713 1214 daß
747 1151 802 1211 der
825 1154 918 1214 Graf
941 1157 1173 1217 Schafgotsch,

167 1256 247 1316 sente
269 1255 301 1315 an
334 1252 377 1312 die
399 1249 583 1309 Prinzessin
610 1249 729 1309 Braut
752 1246 805 1306 des
838 1251 946 1311 Röm.
968 1252 1097 1312 Königs
1131 1252 1162 1312 zu

159 1303 323 1363 bringen,
344 1300 401 1360 auf
422 1299 520 1359 seiner
546 1297 638 1357 Reise
659 1296 700 1356 ein
732 1294 814 1354 Bein
851 1300 1052 1360 gebrochen,
1088 1300 1160 1360 aber
1207 1297 1320 1357 Kosten
1352 1297 1429 1357 wird
1455 1297 1501 1357 den
1532 1297 1625 1357 25ten
1657 1295 1744 1355 Dec.
1770 1294 1826 1354 das
1852 1292 1898 1352 2te
1914 1291 1961 1351 den
1992 1291 2084 1351 25ten
2111 1291 2203 1351 Jun.

157 1353 232 1413 man
271 1348 450 1408 bestimmet
477 1345 536 1405 gar
569 1345 677 1405 nicht,
710 1345 829 1405 wenn,
862 1347 938 1407 wo,
971 1348 1047 1408 oder
1075 1348 1166 1408 durch

156 1403 289 1463 welchen
325 1396 435 1456 Zufall
465 1396 493 1456 es
517 1393 703 1453 geschehen.

344 1442 665 1502 Regenspurg,
694 1443 744 1503 den
785 1440 846 1500 26.
875 1441 981 1501 Nov.

208 1495 283 1555 Der
311 1493 413 1553 Prinz
446 1491 500 1551 von
539 1490 652 1550 Thurn
685 1488 744 1548 und
772 1488 874 1548 Taxis
908 1488 1173 1548 Principalcom¬

157 1545 325 1605 missarius
352 1541 401 1601 des
428 1539 569 1599 Kaysers
591 1539 628 1599 ist
651 1536 824 1596 ehegestern
851 1539 910 1599 mit
933 1539 1019 1599 einer
1036 1536 1149 1596 ansehn

156 1597 249 1657 lichen
286 1591 394 1651 Suite
431 1590 488 1650 aus
525 1587 716 1647 Schwaben
764 1587 878 1647 allhier
915 1587 1163 1647 angekommen,

157 1646 216 1706 und
250 1643 368 1703 gestern
402 1638 472 1698 war
499 1637 553 1697 bey
586 1634 662 1694 Sr.
701 1637 847 1697 Durchl.
875 1634 1059 1694 Assamblee
1103 1633 1162 1693 und

153 1696 316 1756 Concert.
362 1691 435 1751 Der
464 1691 605 1751 Königl.
623 1690 752 1750 Preuß.
770 1688 928 1748 Minister
952 1683 1064 1743 Baron
1099 1682 1149 1742 von

161 1745 291 1805 Plotho
321 1744 421 1804 macht
452 1742 498 1802 sich
534 1742 652 1802 fertig,
688 1739 771 1799 diese
795 1739 913 1799 Woche
943 1739 1013 1799 nach
1044 1737 1161 1797 Berlin

160 1797 191 1857 zu
224 1796 342 1856 gehen.
391 1793 467 1853 Der
500 1790 612 1850 Baron
650 1790 704 1850 von
737 1789 979 1849 Schwarzenau
1007 1789 1162 1849 Minister

155 1840 211 1900 des
236 1837 450 1897 Marggrafen
479 1831 535 1891 von
560 1831 836 1891 Baden=Durlach
865 1831 993 1891 erhielte
1013 1828 1098 1888 heute
1118 1831 1160 1891 die
1199 1831 1260 1891 sein
1294 1834 1522 1894 Erzbischthum
1576 1836 1799 1896 unverzüglich
1838 1834 1866 1894 in
1905 1836 1952 1896 die
1986 1836 2104 1896 Hände
2138 1838 2195 1898 des

155 1888 302 1948 traurige
322 1882 499 1942 Nachricht
519 1876 578 1936 von
608 1876 657 1936 dem
697 1876 785 1936 Tode
810 1876 908 1936 seines
938 1873 1080 1933 Vaters,
1095 1872 1168 1932 wel¬

153 1936 218 1996 cher
242 1933 377 1993 Canzler
401 1929 460 1989 und
485 1927 662 1987 geheimter
686 1924 774 1984 Rath
798 1924 851 1984 des
870 1921 1064 1981 Landgrafen
1094 1921 1147 1981 von
1196 1924 1402 1984 unbekannt.
1450 1923 1574 1983 Briefe
1592 1924 1645 1984 von
1675 1924 1799 1984 Corsica
1817 1924 2006 1984 versichern,
2036 1926 2089 1986 daß
2113 1928 2201 1988 Pao¬

151 1981 487 2041 Hessen=Darmstadt
504 1975 591 2035 war.
633 1972 695 2032 „Da
726 1974 813 2034 durch
841 1974 892 2034 den
918 1972 979 2032 Tod
1007 1972 1058 2032 des
1079 1971 1166 2031 Gra¬

159 2033 207 2093 fen
235 2028 288 2088 von
321 2025 418 2085 Wied
451 2025 493 2085 die
527 2023 736 2083 evangelische
770 2023 1071 2083 Prasidentenstelle
1104 2023 1152 2083 bei

152 2084 205 2144 dem
250 2073 664 2133 Reichs=Cammergericht
692 2072 724 2132 zu
752 2073 893 2133 Wetzlar
921 2070 1057 2130 erledigt
1085 2070 1166 2130 wor¬

152 2133 235 2193 den;
258 2126 285 2186 so
320 2124 419 2184 haben
453 2118 525 2178 Sr.
554 2121 709 2181 Kayserl.
727 2121 827 2181 Maj.
850 2123 944 2183 solche
978 2121 1066 2181 durch
1101 2120 1150 2180 den

157 2177 411 2237 Reichshofrath
440 2172 563 2232 Grafen
592 2172 648 2232 von
676 2175 1083 2235 Kirchberg=Hachenburg
1117 2175 1150 2235 zu
1196 2172 1297 2232 men,
1337 2172 1410 2232 aufs
1444 2172 1529 2232 neue
1558 2172 1608 2232 den
1648 2174 1885 2234 fürchterlichen
1930 2169 1992 2229 Eid
2032 2172 2178 2232 schwören

157 2229 289 2289 besetzen
317 2222 471 2282 geruhet.

423 2267 587 2327 Paris,
619 2267 674 2327 den
707 2264 776 2324 26.
801 2267 901 2327 Nov.

204 2324 284 2384 Das
314 2321 464 2381 reißende
493 2315 621 2375 Thier,
650 2314 783 2374 welches
813 2315 841 2375 in
876 2318 928 2378 dem
969 2318 1090 2378 Walde
1120 2314 1154 2374 de

150 2374 321 2434 Mercoire
348 2369 400 2429 bey
427 2364 605 2424 Gevosdan
638 2361 665 2421 so
698 2365 796 2425 vielen
831 2366 981 2426 Schaden
1015 2366 1159 2426 verursa¬

152 2423 218 2483 chet
236 2421 274 2481 ist
291 2420 430 2480 getödtet
447 2414 597 2474 worden.
643 2405 692 2465 Es
720 2412 787 2472 war
815 2414 881 2474 eine
899 2417 959 2477 aus
994 2414 1043 2474 dem
1088 2414 1166 2474 Sa¬

150 2470 311 2530 voyischen
342 2464 556 2524 Thiergarten
587 2458 754 2518 entlaufne
778 2464 915 2524 Hyäne.
964 2462 1041 2522 Der
1066 2464 1160 2524 Mar¬

146 2520 223 2580 quis
250 2517 301 2577 von
334 2513 510 2573 Paulmy,
532 2509 708 2569 Protector
735 2511 781 2571 der
807 2512 984 2572 Akademie
1006 2509 1062 2569 von
1089 2512 1156 2572 St.

149 2568 210 2628 Luc
238 2563 405 2623 vertheilte
433 2560 489 2620 den
528 2557 634 2617 20sten
668 2560 762 2620 dieses
796 2561 840 2621 die
869 2560 991 2620 Preise
1019 2557 1057 2617 an
1103 2560 1152 2620 die

147 2617 334 2677 Züglinge,
354 2611 386 2671 so
406 2609 437 2669 es
464 2605 665 2665 verdienten.
724 2610 794 2670 Hr.
821 2611 982 2671 Martin,
1002 2608 1046 2668 ein
1073 2605 1156 2665 Ma¬

147 2667 196 2727 ler
219 2661 307 2721 bekam
353 2658 402 2718 den
441 2655 529 2715 erseen
564 2655 663 2715 Preis
697 2655 752 2715 vom
797 2658 924 2718 vorigen
959 2658 1074 2718 Jahr,
1103 2655 1152 2715 der

148 2717 215 2777 noch
245 2713 313 2773 noch
336 2707 421 2767 nicht
440 2704 594 2764 vertheilt
612 2703 702 2763 war.
755 2706 828 2766 Hr.
846 2706 960 2766 Borat
984 2707 1035 2767 der
1058 2705 1160 2765 Bild¬

145 2767 246 2827 hauer
271 2759 360 2819 bekam
403 2757 456 2817 den
486 2754 564 2814 1sten
594 2754 647 2814 von
678 2751 773 2811 diesem
816 2757 952 2817 Jahre,
978 2755 1049 2815 Hr.
1067 2754 1156 2814 Bar¬

154 2817 219 2877 hier
250 2817 292 2877 ein
329 2805 522 2865 Bildhauer
547 2805 600 2865 den
637 2805 739 2865 2ten,
770 2804 830 2864 und
867 2808 939 2868 Hr.
964 2806 1066 2866 Suve
1097 2802 1139 2862 ein

151 2870 270 2930 Maler
291 2863 343 2923 den
371 2858 464 2918 3ten.
505 2858 584 2918 Der
611 2855 705 2915 Graf
726 2856 758 2916 de
779 2856 798 2916 la
832 2858 919 2918 Tour
947 2858 1146 2918 d'Auvergne

1208 303 1277 363 Wo
1308 303 1406 363 aber,
1430 304 1494 364 rief
1524 303 1582 363 sein
1624 306 1828 366 Kamerade,

1209 351 1271 411 Wo
1303 354 1417 414 wollen
1454 351 1511 411 wir
1542 353 1604 413 uns
1641 354 1755 414 wieder
1787 354 1891 414 sehn?

1214 404 1309 464 Beym
1358 403 1557 463 Kürschner!
1582 401 1677 461 schrie
1708 399 1762 459 der
1786 404 1913 464 Fuchs,
1938 406 1997 466 und
2028 407 2112 467 flohe
2142 407 2214 467 seit¬

1705 449 1815 509 wårts
1845 452 1902 512 ab,

1210 500 1327 560 Indem
1373 500 1425 560 der
1458 500 1563 560 Jäger
1596 500 1693 560 Feuer
1727 500 1804 560 gab.

1207 549 1283 609 Der
1313 548 1401 608 Hase
1425 548 1495 608 flel.
1544 547 1637 607 Sein
1668 548 1820 608 Vorwitz
1844 550 1915 610 war
1945 553 2004 613 sein
2040 554 2186 614 Schade.

1206 598 1265 658 O,
1299 595 1499 655 Menschen,
1532 594 1739 654 mörderische
1773 595 1918 655 Thiere!

1207 649 1263 709 So
1298 649 1405 709 dachte
1434 649 1462 709 er
1496 649 1518 709 im
1570 646 1660 706 Fall,
1690 646 1746 706 und
1786 649 1904 709 streckte
1933 649 1995 709 alle
2024 649 2125 709 viere.

2034 726 2094 786 Y.

1198 907 1387 967 Marschall
1412 906 1464 966 der
1495 906 1642 966 Königl.
1661 906 1778 966 Armee
1821 906 1903 966 ward
1939 903 2099 963 denselben
2129 905 2199 965 Tag

1204 958 1254 1018 zum
1318 957 1600 1017 Ehrenmitgliede
1641 957 1697 1017 bey
1737 957 1838 1017 dieser
1873 956 2048 1016 Akademie
2094 955 2207 1015 aufge¬

1195 1004 1382 1064 nommen.

1445 1055 1650 1115 London,
1683 1055 1737 1115 den
1776 1055 1834 1115 23.
1857 1055 1959 1115 Nov.

1246 1103 1329 1163 Das
1357 1104 1507 1164 Gerücht
1524 1106 1562 1166 ist
1580 1106 1684 1166 falsch,
1713 1106 1763 1166 als
1786 1103 1874 1163 wenn
1902 1103 2085 1163 Frankreich
2108 1100 2135 1160 es
2158 1096 2207 1156 ab¬

1204 1155 1383 1215 geschlagen
1415 1155 1520 1215 hätte,
1553 1154 1599 1214 die
1626 1154 1779 1214 Unkosten
1822 1154 1874 1214 für
1906 1148 1953 1208 die
1985 1148 2011 1208 im
2065 1148 2196 1208 vorigen

161 1208 287 1268 welcher
314 1205 382 1265 nach
409 1204 573 1264 München
600 1199 742 1259 geschickt
764 1201 905 1261 worden,
932 1203 969 1263 um
1012 1204 1054 1264 die
1081 1204 1170 1264 Prä=
1202 1204 1328 1264 Kriege
1350 1203 1529 1263 Gefangne
1546 1201 1577 1261 zu
1604 1201 1767 1261 erstatten.
1826 1196 1931 1256 Diese
1969 1195 2079 1255 Sache
2101 1196 2137 1256 ist
2164 1197 2195 1257 zu

1202 1252 1317 1312 unsrer
1338 1251 1580 1311 Zufriedenheit
1601 1246 1780 1306 beygelegt.
1854 1243 1916 1303 Ein
1943 1240 2074 1300 Drittel
2101 1243 2195 1303 dieser

1191 1345 1279 1405 1765
1311 1348 1368 1408 und
1401 1346 1458 1406 das
1479 1343 1562 1403 letzte
1584 1342 1594 1402 6
1632 1345 1757 1405 Monat
1778 1342 1898 1402 darauf
1925 1339 2093 1399 entrichtet
2125 1341 2208 1401 wer=

1196 1393 1275 1453 den.
1329 1393 1397 1453 Auf
1419 1395 1466 1455 dem
1514 1393 1768 1453 Bermudischen
1801 1393 1916 1453 Inseln
1954 1390 2012 1450 hat
2039 1390 2107 1450 man
2140 1392 2192 1452 den

1197 1439 1364 1499 Entschluß
1403 1443 1511 1503 gefaßt
1540 1440 1588 1500 die
1616 1441 1735 1501 Pocken
1773 1440 2039 1500 einzupfropfen,
2089 1440 2121 1500 da
2154 1440 2197 1500 die

1197 1488 1291 1548 üblen
1324 1491 1439 1551 Folgen
1477 1488 1577 1548 dieser
1604 1491 1788 1551 Krankheit
1815 1488 1841 1548 in
1879 1485 2089 1545 verschiednen
2122 1485 2200 1545 Mo¬

1197 1538 1288 1598 naten
1316 1539 1457 1599 gnugsam
1495 1539 1652 1599 gezeiget,
1680 1539 1739 1599 wie
1761 1538 1929 1598 gefährlich
1956 1536 1994 1596 sie
2016 1536 2075 1596 auf
2097 1536 2189 1596 diesen

1202 1584 1314 1644 Inseln
1343 1588 1410 1648 sey,
1434 1587 1523 1647 wenn
1552 1590 1608 1650 ihr
1643 1590 1727 1650 nicht
1762 1590 1812 1650 bey
1846 1587 1936 1647 zeiten
1982 1584 2196 1644 vorgebeuget

1197 1634 1307 1694 wird.

1411 1685 1653 1745 Bologna,
1684 1686 1742 1746 den
1779 1685 1873 1745 13ten
1909 1685 2009 1745 Nov.

1244 1737 1326 1797 Wir
1344 1736 1439 1796 hören
1469 1739 1521 1799 von
1564 1739 1729 1799 Meyland
1759 1737 1812 1797 daß
1848 1736 1924 1796 Se.
1955 1738 2114 1798 Eminenz
2144 1736 2196 1796 der

1198 1790 1360 1850 Cardinal
1384 1787 1569 1847 Erzbischof
1593 1790 1644 1850 von
1680 1790 1772 1850 dieser
1802 1790 1912 1850 Stadt
1936 1788 1987 1848 sich
2017 1787 2202 1847 vorgesetzt,

1193 1876 1335 1936 Pabstes
1362 1876 1626 1936 niederzulegen.
1675 1879 1758 1939 Was
1785 1874 1832 1934 ihn
1871 1876 1944 1936 dazu
1976 1879 2123 1939 bewogen
2161 1882 2197 1942 ist

1196 1972 1221 2032 li
1237 1972 1365 2032 welcher
1392 1969 1443 2029 von
1479 1972 1530 2032 der
1551 1972 1649 2032 nahen
1680 1975 1835 2035 Ankunft
1851 1972 1901 2032 der
1928 1975 2108 2035 Franzosen
2139 1978 2195 2038 be,

1191 2023 1403 2083 nachrichtigt
1425 2023 1572 2083 worden,
1600 2023 1673 2083 neue
1700 2023 1917 2083 Besatzungen
1949 2024 2002 2084 auf
2029 2023 2076 2083 die
2108 2025 2198 2085 Plä¬

1191 2073 1228 2133 tze
1250 2073 1307 2133 von
1340 2073 1456 2133 Brado
1489 2072 1547 2132 und
1580 2071 1669 2131 Erba
1697 2073 1802 2133 Longa
1835 2070 1999 2130 geschickt,
2031 2072 2095 2132 und
2127 2074 2196 2134 ver¬

1192 2124 1308 2184 langt,
1336 2121 1385 2181 daß
1414 2121 1464 2181 die
1487 2124 1692 2184 Corsicaner,
1715 2121 1825 2181 welche
1848 2121 1925 2181 seine
1948 2121 2092 2181 Parthey
2120 2124 2197 2184 neh¬

1195 2223 1316 2283 sollen,
1340 2222 1391 2282 den
1432 2220 1495 2280 ihre
1525 2220 1710 2280 Vorfahren
1740 2226 1826 2286 1754
1855 2223 2005 2283 geleistet.

1459 2270 1645 2330 Reims,
1674 2273 1724 2333 den
1764 2273 1826 2333 15.
1855 2270 1956 2330 Nov.

1239 2315 1319 2375 Den
1348 2316 1452 2376 30sten
1488 2318 1539 2378 des
1568 2321 1700 2381 vorigen
1731 2324 1874 2384 Monats
1910 2321 1961 2381 ließ
1997 2321 2048 2381 der
2072 2324 2192 2384 Jnten=

1192 2368 1273 2428 dant
1300 2366 1397 2426 dieser
1425 2368 1576 2428 Provinz
1609 2371 1657 2431 den
1695 2372 1787 2432 ersten
1820 2372 1917 2432 Stein
1956 2370 2009 2430 zum
2047 2370 2187 2430 Grunde

1194 2415 1247 2475 des
1270 2414 1453 2474 Piedestals
1481 2419 1600 2479 legen,
1622 2420 1756 2480 worauf
1773 2420 1843 2480 man
1871 2419 1892 2479 in
1931 2419 1979 2479 der
2001 2417 2103 2477 Mitte
2125 2421 2179 2481 von

1188 2462 1241 2522 dem
1278 2461 1378 2521 Place
1395 2464 1521 2524 Royale
1549 2465 1596 2525 die
1617 2469 1750 2529 Statue
1772 2467 1824 2527 des
1846 2464 1967 2524 Königs
1994 2463 2078 2523 setzen
2105 2467 2190 2527 will.

1187 2512 1262 2572 Die
1284 2511 1354 2571 vier
1377 2512 1555 2572 Medaillen
1583 2518 1685 2578 stellen
1713 2517 1766 2577 auf
1789 2515 1870 2575 einer
1892 2513 1983 2573 Seite
2011 2512 2065 2572 das
2082 2515 2195 2575 Denk=

1187 2560 1257 2620 mal
1273 2558 1365 2618 selbst
1387 2560 1441 2620 vor
1458 2564 1517 2624 und
1545 2566 1599 2626 auf
1616 2566 1669 2626 der
1692 2565 1805 2625 andern
1832 2563 1979 2623 folgende
2007 2565 2168 2625 Jnschrift

1186 2608 1345 2668 Ludovico
1367 2608 1440 2668 XV.
1462 2613 1541 2673 Regi
1563 2612 1854 2672 Christianissimo.
1876 2613 2024 2673 Principi
2045 2614 2188 2674 optimo,

1191 2655 1260 2715 Hoc
1286 2655 1412 2715 amoris
1443 2661 1655 2721 Monument.
1686 2658 1897 2718 decreverunt
1918 2660 1998 2720 Sen.
2019 2658 2105 2718 Pop.
2125 2661 2185 2721 que

1187 2703 1287 2763 Rem.
1304 2703 1331 2763 et
1354 2704 1459 2764 Prim.
1477 2712 1615 2772 Lapidem
1655 2709 1693 2769 P.
1710 2706 1744 2766 P.
1761 2706 1977 2766 MDCCLIV.

1361 2761 1707 2821 Philadelphia,
1742 2757 1792 2817 den
1833 2758 1866 2818 1.
1895 2760 2014 2820 Octob.

1231 2800 1313 2860 Wir
1338 2805 1432 2865 haben
1462 2810 1581 2870 Briefe
1605 2808 1658 2868 vom
1700 2805 1776 2865 Fort
1800 2806 1877 2866 Pitt
1896 2808 1948 2868 vom
1997 2811 2091 2871 16ten
2127 2811 2179 2871 des

1188 2855 1317 2915 vorigen
1353 2861 1500 2921 Monats
1531 2858 1702 2918 erhalten,
1726 2858 1843 2918 welche
1868 2861 2021 2921 melden,
2045 2855 2098 2915 daß
2134 2858 2174 2918 ein

2021 2905 2182 2965 Expresser
