2479 3508
543 1214 659 1274 93tes
707 1214 878 1274 Stück.
957 1219 1182 1279 Freytag,
1230 1213 1291 1273 den
1347 1216 1416 1276 21.
1449 1216 1682 1276 December
1722 1219 1869 1279 1764.

542 1288 859 1348 Königsberg.

253 1345 318 1405 Jer
345 1344 475 1404 heutige
497 1342 644 1402 Eintritt
660 1342 709 1402 des
737 1342 888 1402 Winters
911 1345 1057 1405 erinnert
1074 1345 1133 1405 uns
1166 1342 1203 1402 an

200 1390 367 1450 den
400 1393 497 1453 letzten
525 1393 627 1453 Theil
644 1390 752 1450 unsers
779 1393 811 1453 am
855 1393 1006 1453 Anfange
1028 1393 1076 1453 des
1104 1390 1141 1450 Fr

194 1443 289 1503 jahrs
321 1442 521 1502 gethanenen
564 1440 828 1500 Versprechens,
866 1442 939 1502 eine
972 1440 1199 1500 Schilderung

197 1493 265 1553 auch
292 1491 350 1551 von
382 1488 476 1548 dieser
498 1488 699 1548 Jahreszeit
715 1488 773 1548 von
800 1488 852 1548 dem
890 1488 1090 1548 malerischen
1123 1488 1206 1548 Pin¬

189 1542 233 1602 sel
264 1542 375 1602 unsers
411 1539 608 1599 verewigten
649 1538 704 1598 von
745 1539 952 1599 Werners
993 1539 1023 1599 zu
1069 1536 1205 1596 liefern.

187 1587 271 1647 Wir
293 1590 467 1650 empfehlen
499 1590 610 1650 unsern
637 1587 785 1647 geehrten
812 1584 918 1644 Lesern
945 1587 1114 1647 nochmals
1146 1584 1209 1644 hie¬

196 1643 287 1703 durch
314 1643 368 1703 das
390 1640 556 1700 Andenken
595 1637 691 1697 dieses
720 1637 859 1697 feurigen
892 1634 1075 1694 Dichters,
1103 1635 1194 1695 dessen

189 1694 385 1754 Aschenkrug
409 1696 501 1756 sogar
525 1691 612 1751 unser
636 1691 717 1751 letzte
741 1691 961 1751 fürchterliche
984 1688 1123 1748 Brand,
1147 1688 1198 1748 als

193 1743 288 1803 heilig
319 1745 499 1805 verschonet
518 1746 595 1806 hat,
620 1745 830 1805 ohngeachtet
855 1745 903 1805 die
934 1742 1029 1802 dabey
1054 1742 1198 1802 stehende

195 1796 316 1856 Kirche
332 1798 430 1858 völlig
461 1796 621 1856 verzehret
645 1793 788 1853 worden.

187 1882 338 1942 Floruit,
364 1876 525 1936 incaluit,
551 1875 657 1935 fructu
693 1870 854 1930 maturuit
880 1869 1001 1929 annus,

241 1930 366 1990 Vltima
396 1925 476 1985 nunc
507 1924 627 1984 sterilis
653 1921 803 1981 tempora
833 1917 958 1977 claudit
984 1918 1124 1978 Hyems.

194 1983 321 2043 Auertit
348 1977 453 2037 radios
485 1972 622 2032 obliquo
655 1966 760 2026 sydere
798 1964 919 2024 Titan,

241 2028 383 2088 Ignibus
408 2023 531 2083 obtusis
561 2018 748 2078 flammiger
778 2014 846 2074 axis
876 2014 989 2074 hebet.

195 2083 291 2143 Asper
319 2073 536 2133 hyperboreis
563 2067 699 2127 niuibus
732 2064 823 2124 polus
856 2064 970 2124 horret
998 2065 1029 2125 ab
1063 2069 1149 2129 arcto

241 2128 280 2188 Et
305 2124 408 2184 raucis
438 2121 546 2181 aquilo
581 2117 713 2177 flatibus
748 2115 821 2175 inde
851 2114 949 2174 boat.

190 2180 312 2240 Centro
349 2172 396 2232 vim
445 2170 539 2230 tellus
567 2166 677 2226 agilem
726 2164 895 2224 succosque
928 2166 1097 2226 recondit,

243 2225 281 2285 Et
310 2222 403 2282 vigor
437 2220 486 2280 ille
514 2217 635 2277 potens
664 2216 729 2276 otia
758 2216 857 2276 longa
885 2214 1006 2274 trahit.

186 2274 383 2334 Dormitant
413 2267 547 2327 campi,
567 2264 721 2324 pallentia
755 2261 909 2321 gramina
938 2261 1102 2321 marcent.

243 2320 435 2380 Concrescit
459 2315 560 2375 rigido
594 2312 719 2372 lentior
748 2312 827 2372 vnda
856 2313 951 2373 gelu.

190 2376 328 2436 Humor
360 2369 386 2429 et
413 2366 593 2426 arboribus
621 2360 731 2420 torpet
759 2363 923 2423 radicibus
950 2362 1029 2422 imis

242 2420 396 2480 Circulus
428 2417 454 2477 in
487 2414 587 2474 gyros
614 2411 672 2471 nec
705 2408 794 2468 venit
822 2411 890 2471 inde
923 2411 1012 2471 suos.

190 2470 336 2530 Effoetus
364 2466 505 2526 languet
533 2458 663 2518 cortex,
685 2458 853 2518 frigetque
887 2461 1049 2521 medulla,

236 2517 424 2577 Frondibus
453 2509 583 2569 excussis
613 2509 758 2569 culmina
788 2509 869 2569 vasta
904 2509 1029 2569 patent.

186 2570 297 2630 Laude
331 2564 434 2624 tamen
472 2559 528 2619 nec
556 2557 673 2617 bruma
707 2557 814 2617 caret,
838 2558 898 2618 nec
927 2559 1053 2619 honore
1082 2557 1203 2617 Bootes

243 2617 381 2677 Cardine
414 2611 476 2671 qui
496 2605 578 2665 tetro
610 2605 717 2665 lucida
749 2608 850 2668 regna
882 2608 983 2668 tegit.

193 2667 311 2727 Magna
342 2661 461 2721 parens
486 2656 615 2716 formas
645 2655 738 2715 rerum
789 2657 967 2717 meditatur
997 2658 1155 2718 amoenas

242 2711 419 2771 Obuoluit
444 2706 571 2766 nimbis
602 2706 652 2766 cum
704 2706 876 2766 tenebrosa
907 2707 1018 2767 caput.

182 2771 262 2831 Spes
289 2762 401 2822 natura
434 2757 503 2817 suas
536 2754 745 2814 bicoloribus
778 2754 890 2814 euehit
917 2757 991 2817 alis,

242 2817 406 2877 Candicat
435 2811 486 2871 illa
515 2811 622 2871 nitens
651 2806 747 2866 altera
782 2808 861 2868 fusca
896 2811 1020 2871 nigrat.

1237 1291 1269 1351 In
1303 1289 1392 1349 vario
1425 1293 1524 1353 decus
1552 1291 1613 1351 est,
1642 1291 1674 1351 et
1699 1291 1816 1351 amant
1840 1293 1967 1353 alterna
1996 1296 2174 1356 camoenae

1280 1339 1419 1399 Dispare
1452 1339 1490 1399 sic
1518 1339 1619 1399 gressu
1658 1342 1722 1402 fert
1750 1342 1857 1402 elegia
1885 1342 2019 1402 pedem.

1242 1387 1367 1447 Cuncta
1401 1390 1485 1450 vices
1514 1390 1663 1450 obeuut,
1687 1390 1837 1450 acuitque
1866 1390 2006 1450 remissio
2039 1393 2142 1453 vires,

1293 1434 1332 1494 Et
1358 1437 1469 1497 requie
1505 1439 1605 1499 virtus
1636 1438 1787 1498 augmina
1824 1437 1909 1497 subit
1935 1437 2050 1497 agens.

1243 1485 1336 1545 Quam
1386 1485 1494 1545 tristem
1539 1488 1647 1548 cernis
1672 1488 1785 1548 densas
1811 1485 1953 1545 tolerare
1983 1491 2116 1551 pruinas

1290 1533 1411 1593 Mutata
1440 1536 1524 1596 facie
1558 1536 1632 1596 mox
1666 1536 1840 1596 reuirescet
1864 1536 1999 1596 humus.

1233 1581 1329 1641 Aeris
1356 1584 1516 1644 abstergit
1543 1587 1698 1647 contagia
1731 1585 1885 1645 morbida
1918 1587 2024 1647 frigus

1285 1631 1324 1691 Et
1350 1633 1532 1693 prohibet,
1553 1634 1656 1694 vitium
1706 1634 1741 1694 ne
1771 1634 1869 1694 bibat
1899 1635 1973 1695 aura
2004 1637 2136 1697 madens

1243 1682 1336 1742 Quos
1366 1685 1464 1745 traxit
1490 1685 1617 1745 naeuos
1642 1685 1779 1745 rapiunt
1805 1685 1858 1745 per
1888 1688 2001 1748 inania
2031 1689 2124 1749 venti

1293 1736 1330 1796 Et
1357 1738 1488 1798 soluunt
1515 1739 1616 1799 vastam
1670 1738 1738 1798 labe
1770 1739 1908 1799 nocente
1935 1736 2087 1796 plagam.

1243 1781 1412 1841 Praeterea
1444 1784 1559 1844 gaudet
1592 1789 1692 1849 (leuis
1724 1789 1766 1849 est
1793 1789 1951 1849 vectura)
1972 1792 2114 1852 colonus

1279 1817 1342 1877 lam
1392 1817 1483 1877 parat
1511 1817 1565 1877 IIte
1592 1819 1728 1879 trafo,
1752 1819 1796 1879 lai
1842 1820 1928 1880 ceter
1960 1822 2055 1882 viget
2083 1827 2182 1887 cquos

1237 1860 1273 1920 Et
1302 1858 1381 1918 quae
1414 1861 1511 1921 grana
1540 1861 1633 1921 terit,
1657 1864 1735 1924 quas
1764 1864 1889 1924 merces
1918 1869 1987 1929 rura
2021 1876 2225 1936 ministrant,

1286 1909 1361 1969 Fert
1387 1909 1493 1969 glacie
1519 1912 1634 1972 facilem
1686 1915 1913 1975 consolidante
1939 1918 2045 1978 viam.

1238 1957 1343 2017 Multa
1374 1960 1465 2020 foras
1495 1960 1622 2020 annona
1657 1963 1768 2023 venit,
1789 1966 1870 2026 petit
1896 1969 2016 2029 oppida
2048 1973 2168 2033 vendax

1285 2010 1321 2070 Et
1348 2009 1457 2069 plenis
1485 2011 1605 2071 loculis
1637 2014 1762 2074 villicus
1795 2014 1867 2074 inde
1900 2014 1998 2074 redit.

1243 2061 1414 2121 Cauponis
1445 2058 1576 2118 tardans
1602 2061 1677 2121 tunc
1704 2062 1819 2122 largos
1845 2064 1991 2124 postulat
2018 2068 2148 2128 haustus

1291 2106 1451 2166 Considet
1477 2109 1506 2169 ad
1542 2109 1672 2169 socios,
1693 2111 1778 2171 linea
1809 2114 1974 2174 quemque
2005 2118 2110 2178 notat.

1241 2160 1386 2220 Soluitur
1417 2157 1442 2217 in
1478 2157 1589 2217 fumos
1619 2160 1781 2220 notissima
1817 2166 1922 2226 planta
1953 2166 2084 2226 Nicoti,

1291 2208 1386 2268 Quos
1413 2206 1571 2266 breuibus
1604 2210 1725 2270 tubulis
1758 2214 1842 2274 labra
1875 2215 2007 2275 superba
2040 2220 2177 2280 bibunt,

1232 2258 1283 2318 Sic
1315 2255 1397 2315 inter
1429 2255 1574 2315 liquidam
1622 2260 1761 2320 Cererem
1813 2267 2036 2327 vapidumque
2068 2273 2218 2333 Tabacum

1290 2304 1437 2364 Rusticus
1467 2303 1501 2363 ex
1531 2309 1619 2369 vario
1654 2312 1795 2372 themate
1825 2314 1928 2374 surgit
1953 2315 2075 2375 honor.

1238 2354 1410 2414 Praedicat
1435 2354 1489 2414 ille
1520 2358 1647 2418 boues,
1673 2362 1736 2422 alio
1767 2365 1909 2425 iactante
1939 2366 2101 2426 caballos,

1284 2402 1462 2462 Enumerat
1492 2408 1617 2468 pugnas
1646 2409 1776 2469 fortiter
1806 2411 1858 2471 ille
1888 2414 1974 2474 suas.

1232 2452 1371 2512 Mollior
1403 2452 1483 2512 alter
1511 2458 1601 2518 amat
1628 2458 1724 2518 saltus
1751 2460 1911 2520 optatque
1938 2464 2093 2524 choreas,

1280 2501 1340 2561 Iste
1374 2500 1467 2560 fauet
1496 2508 1606 2568 ludis,
1645 2508 1744 2568 miles
1772 2506 1799 2566 is
1828 2506 1887 2566 esse
1922 2512 2026 2572 cupit.

1231 2552 1375 2612 Potibus
1401 2551 1458 2611 ille
1484 2558 1572 2618 valet
1598 2557 1748 2617 madidos
1774 2557 1939 2617 iactatque
1971 2564 2172 2624 triumphos,

1284 2602 1462 2662 Improbat
1492 2605 1541 2665 hic
1572 2605 1705 2665 census,
1730 2605 1839 2665 argult
1864 2608 1943 2668 alter
1968 2611 2101 2671 herum.

1240 2652 1338 2712 Vrbis
1367 2651 1421 2711 hic
1450 2655 1598 2715 attonitis
1627 2655 1737 2715 narrat
1766 2653 1942 2713 spectacula
1970 2661 2125 2721 rhombis

1293 2698 1357 2758 Cum
1408 2705 1543 2765 nuribus
1574 2703 1714 2763 matres,
1735 2703 1865 2763 garrula
1896 2709 2011 2769 turba,
2032 2712 2177 2772 stupent.

1234 2751 1291 2811 Ille
1322 2751 1416 2811 senex
1448 2757 1593 2817 placidus
1625 2751 1755 2811 venturi
1782 2754 1943 2814 temporis
1975 2757 2073 2817 augut

1289 2804 1456 2864 Praesagit
1488 2808 1637 2868 pluvias,
1656 2803 1786 2863 frigora
1819 2810 1924 2870 dura,
1944 2808 2055 2868 nives.

2169 2912 2248 2972 Per¬
