2479 3508
518 1229 644 1289 94tes
692 1225 857 1285 Stück.
929 1228 1158 1288 Montag,
1191 1224 1262 1284 den
1310 1229 1388 1289 24.
1421 1228 1649 1288 December
1690 1231 1839 1291 1764.

543 1297 794 1357 Hamburg.

168 1364 339 1424 John
375 1360 433 1420 hat
463 1356 604 1416 verlegt:
634 1354 811 1414 ”Babioles
835 1357 1012 1417 litteraires
1030 1354 1041 1414 &
1083 1354 1177 1414 criti-
1214 1348 1296 1408 für,
1326 1351 1378 1411 daß
1408 1353 1437 1413 er
1456 1351 1526 1411 noch
1550 1351 1579 1411 im
1621 1354 1798 1414 sechzigsten
1822 1353 1916 1413 Jahr
1940 1351 2016 1411 ohne
2040 1351 2151 1411 Brille
2170 1348 2216 1408 die

238 1407 411 1467 ques,
437 1405 472 1465 en
497 1404 586 1464 prose
611 1402 623 1462 &
660 1403 689 1463 en
720 1403 810 1463 vers,
841 1404 889 1464 T.
907 1404 949 1464 V.
992 1404 1028 1464 10
1058 1402 1172 1462 Bogen

567 1449 646 1509 Der
689 1452 778 1512 Herr
821 1452 894 1512 von
943 1450 1037 1510 Bar
1069 1450 1180 1510 liefert

181 1456 228 1516 "in
259 1458 336 1518 8vo,
367 1456 503 1516 1764.”

165 1510 223 1570 uns
261 1507 379 1567 hiemit
406 1505 475 1565 eine
502 1503 582 1563 neue
615 1500 865 1560 Schifsladung
898 1503 956 1563 von
994 1500 1175 1560 Provision

171 1563 224 1623 für
247 1558 388 1618 dürftige
416 1554 475 1614 und
503 1554 687 1614 neugierige
715 1551 856 1611 Musen.
906 1551 976 1611 Und
1003 1551 1036 1611 es
1064 1548 1182 1608 möchte

167 1610 315 1670 manchem
359 1602 560 1662 Scribenten
588 1602 656 1662 sehr
678 1602 768 1662 leicht
795 1602 959 1662 scheinen,
992 1599 1034 1659 ein
1061 1597 1183 1657 Bänd¬

166 1662 224 1722 gen
263 1657 429 1717 Babiolen
462 1652 861 1712 zusammenzubringen,
894 1649 980 1709 wenn
1018 1649 1077 1709 nur
1105 1646 1179 1706 gute

171 1708 516 1768 Collectaneenbücher
544 1703 570 1763 im
619 1703 764 1763 Vorrath
797 1700 888 1760 sind,
916 1700 980 1760 und
1013 1697 1066 1757 der
1094 1697 1169 1757 Wit

170 1763 226 1823 von
258 1760 301 1820 in=
315 1760 377 1820 und
403 1757 647 1817 ausländischen
666 1754 867 1814 Anekdoten,
880 1753 999 1813 allerley
1025 1748 1187 1808 Umschlä=
1213 1745 1344 1805 erzählt
1376 1744 1426 1804 die
1451 1745 1671 1805 Streitigkeit
1703 1746 1778 1806 über
1816 1745 1866 1805 die
1898 1745 2004 1805 Fabel
2030 1745 2085 1805 von
2124 1745 2217 1805 dieser

172 1816 206 1876 ge
232 1811 338 1871 damit
353 1808 383 1868 zu
414 1806 535 1866 machen
561 1806 661 1866 weis.
732 1805 868 1865 Damit
894 1803 999 1863 wollen
1036 1801 1091 1861 wir
1116 1799 1166 1859 dem

170 1853 292 1913 Werke
315 1852 364 1912 des
392 1849 482 1909 Hrn.
505 1849 577 1909 von
605 1846 696 1906 Bar
728 1844 827 1904 seinen
864 1843 985 1903 Nutzen
1022 1843 1108 1903 nicht
1136 1843 1189 1903 ab¬

172 1902 330 1962 sprechen.
357 1896 505 1956 Wieviel
527 1895 643 1955 gehört
665 1890 749 1950 nicht
770 1891 823 1951 zum
861 1888 1177 1948 Lebensunterhalt?

173 1954 248 2014 Wie
276 1948 356 2008 viele
384 1946 519 2006 müßige
541 1944 697 2004 Minuten
736 1939 811 1999 beym
850 1939 1060 1999 Nachttisch,
1088 1936 1158 1996 beym

173 2003 308 2063 Koffee,
320 1997 394 2057 beym
440 1993 706 2053 Schlafengehen
735 1990 848 2050 können
877 1990 961 2050 nicht
984 1984 1069 2044 durch
1098 1987 1187 2047 leich¬

988 2033 1078 2093 Die
1106 2034 1185 2094 Sa¬

162 2054 193 2114 te
225 2048 397 2108 Babiolen
435 2043 649 2103 hingebracht
681 2037 838 2097 werden!

168 2103 267 2163 chen,
291 2095 336 2155 die
360 2093 413 2153 der
437 2091 541 2151 Verf.
559 2091 583 2151 in
618 2091 717 2151 diesem
758 2088 863 2148 Theil
887 2088 1091 2148 abhandelt,
1115 2085 1179 2145 sind

168 2154 242 2214 aber
264 2147 348 2207 nicht
365 2143 445 2203 neu.
493 2142 551 2202 Da
579 2139 610 2199 er
632 2139 707 2199 aber
729 2139 814 2199 einem
863 2139 947 2199 jeden
975 2136 1097 2196 Objekt
1124 2135 1172 2195 die

179 2203 280 2263 jenige
298 2195 377 2255 Lage
400 2193 428 2253 zu
458 2192 548 2252 geben
577 2190 679 2250 weis,
702 2190 792 2250 durch
821 2187 866 2247 die
895 2187 923 2247 es
947 2189 992 2249 sich
1021 2187 1173 2247 insinuirt

172 2254 236 2314 und
257 2243 428 2303 besonders
455 2240 481 2300 zu
509 2239 609 2299 seinen
636 2237 924 2297 Anmerkungen,
946 2237 993 2297 die
1015 2237 1084 2297 noch
1111 2233 1180 2293 eben

175 2303 201 2363 so
229 2297 338 2357 häufig
361 2291 420 2351 und
453 2288 649 2348 wunderbar
672 2285 846 2345 gemischt,
874 2287 934 2347 wie
956 2285 1049 2345 unter
1082 2282 1179 2342 seinen

176 2348 300 2408 Epitres
322 2339 485 2399 diverses,
513 2339 582 2399 auch
615 2336 686 2396 hier
714 2336 952 2396 vorkommen,
985 2336 1185 2396 verschiedne

178 2397 356 2457 Anekdoten
395 2390 454 2450 und
487 2387 563 2447 Bon
602 2385 688 2445 mots
715 2387 889 2447 brauchet:
927 2384 959 2444 so
992 2384 1187 2444 verschlingt

176 2449 246 2509 man
274 2441 355 2501 seine
383 2437 547 2497 Babiolen
580 2435 678 2495 eher,
711 2434 759 2494 als
793 2437 847 2497 daß
886 2435 956 2495 man
989 2435 1055 2495 viel
1077 2433 1185 2493 Mühe

173 2497 256 2557 hat,
279 2493 318 2553 sie
341 2488 469 2548 langsam
509 2485 542 2545 zu
565 2485 760 2545 schmecken,
794 2487 855 2547 und
889 2485 1028 2545 nachher
1058 2484 1085 2544 zu
1124 2480 1191 2540 ver¬

179 2546 303 2606 dauen.
353 2539 422 2599 Die
439 2536 591 2596 Sprache
619 2536 667 2596 des
695 2533 792 2593 Verf.
814 2536 851 2596 ist
868 2533 922 2593 das
950 2533 1069 2593 neueste
1091 2527 1188 2587 Fran¬

180 2593 313 2653 zösisch,
343 2590 418 2650 nach
453 2586 528 2646 allen
564 2584 686 2644 Regeln
721 2584 773 2644 der
797 2584 1105 2644 Wortschöpfung,
1141 2581 1186 2641 die

176 2645 220 2705 ein
254 2640 437 2700 Witzling,
476 2635 526 2695 der
560 2632 626 2692 noch
666 2635 770 2695 einige
799 2635 987 2695 Tagereisen
1027 2632 1076 2692 bis
1110 2629 1176 2689 nach

180 2695 281 2755 Paris
308 2688 382 2748 thun
409 2685 505 2745 muß,
527 2682 590 2742 nur
612 2682 638 2742 je
660 2682 836 2742 anwenden
869 2682 964 2742 kann.
1012 2679 1092 2739 Wir
1114 2675 1183 2735 wol

176 2748 220 2808 len
254 2740 309 2800 den
338 2736 432 2796 Titel
455 2733 505 2793 der
528 2730 655 2790 Stücke
684 2729 800 2789 deutsch
834 2732 1018 2792 hersetzen,
1041 2729 1101 2789 und
1136 2726 1185 2786 wo

176 2799 209 2859 es
232 2795 282 2855 der
305 2789 399 2849 Raum
445 2781 596 2841 erlaubt,
619 2781 669 2841 hin
703 2779 764 2839 und
793 2781 910 2841 wieder
939 2779 1039 2839 einige
1062 2775 1196 2835 Beson¬

177 2847 332 2907 derheiten
375 2832 608 2892 auszeichnen.
668 2830 709 2890 1)
746 2832 961 2892 "Unterricht
998 2828 1051 2888 für
1087 2827 1188 2887 meine

173 2896 334 2956 „Augen,
354 2891 415 2951 mit
435 2882 621 2942 lehrreichen
653 2879 895 2939 Anmerkungen
928 2882 983 2942 zum
1021 2879 1189 2939 Gebrauch

1219 1296 1296 1356 "der
1315 1303 1490 1363 Jugend."
1551 1297 1629 1357 Der
1654 1302 1756 1362 Verf.
1769 1303 1877 1363 macht
1902 1303 1998 1363 seinen
2030 1303 2131 1363 Augen
2174 1303 2228 1363 da¬

1217 1399 1324 1459 feinste
1357 1399 1496 1459 Schrift
1519 1399 1588 1459 lesen
1627 1402 1734 1462 kann,
1767 1401 1815 1461 ein
1848 1399 2041 1459 verbindlich
2074 1399 2224 1459 Compli¬

1208 1445 1314 1505 ment.
1362 1449 1415 1509 In
1442 1449 1527 1509 einer
1554 1449 1761 1509 Anmerkung
1788 1449 1862 1509 wird
1889 1449 1958 1509 man
1990 1449 2054 1509 sehr
2081 1448 2229 1508 gebeten,

1213 1497 1391 1557 Youngs
1421 1499 1587 1559 Schriften
1617 1500 1703 1560 nicht
1722 1500 1773 1560 gar
1797 1500 1825 1560 zu
1849 1500 1952 1560 fleißig
1976 1500 2004 1560 zu
2033 1497 2131 1557 lesen,
2143 1497 2223 1557 weil

1211 1545 1264 1605 der
1285 1545 1354 1605 Hr.
1375 1548 1475 1608 Verf.
1497 1548 1539 1608 ein
1571 1549 1724 1609 Exempel
1746 1548 1851 1608 weis,
1873 1547 1930 1607 daß
1957 1548 2078 1608 jemand
2111 1548 2211 1608 davon

1211 1596 1445 1656 melancholisch
1482 1596 1651 1656 geworden
1692 1594 1707 1654 -

1771 1596 1960 1656 Glücklich,
1995 1597 2050 1657 daß
2084 1595 2117 1655 er
2146 1595 2212 1655 dies

1209 1640 1262 1700 von
1290 1644 1387 1704 seinen
1410 1646 1573 1706 Babiolen
1606 1646 1687 1706 nicht
1709 1646 1736 1706 zu
1764 1646 1943 1706 befürchten
1971 1646 2041 1706 hat.
2069 1643 2112 1703 2)
2123 1646 2226 1706 ”Ge¬

1221 1694 1356 1754 "danken
1387 1694 1463 1754 über
1487 1694 1533 1754 die
1552 1695 1687 1755 Päbstin
1718 1697 1971 1757 Johanna.”
2031 1692 2107 1752 Der
2126 1696 2225 1756 Verf.

1220 1796 1355 1856 Päbstin
1385 1799 1520 1859 ziemlich
1551 1799 1722 1859 satyrisch,
1746 1798 1810 1858 und
1835 1798 1863 1858 ob
1894 1799 1923 1859 er
1942 1799 2035 1859 gleich
2060 1798 2112 1858 den
2142 1797 2230 1857 Da¬

1216 1840 1280 1900 vid
1316 1843 1543 1903 Blondel,
1579 1846 1634 1906 der
1665 1846 1770 1906 zuerst
1801 1846 1881 1906 diese
1912 1844 2027 1904 Dame
2064 1845 2093 1905 in
2134 1846 2219 1906 einen

1213 1885 1323 1945 Mann
1355 1885 1562 1945 verwandelt
1588 1888 1664 1948 hat,
1689 1888 1836 1948 Beyfall
1857 1891 1963 1951 giebt:
1999 1891 2028 1951 so
2054 1894 2171 1954 meynt
2196 1896 2226 1956 er

1216 1932 1316 1992 doch,
1343 1933 1374 1993 es
1396 1935 1491 1995 ginge
1512 1936 1601 1996 leicht
1618 1936 1686 1996 an,
1719 1937 1845 1997 manche
1872 1939 2062 1999 Erzählung
2094 1942 2147 2002 des
2174 1944 2231 2004 Al¬

1217 1981 1405 2041 terthums,
1432 1984 1470 2044 z.
1486 1984 1529 2044 E.
1557 1986 1604 2046 die
1632 1984 1685 2044 von
1724 1984 1778 2044 der
1811 1987 1972 2047 Matrone
1999 1987 2031 2047 zu
2059 1988 2225 2048 Ephesus,

1211 2031 1237 2091 in
1264 2033 1333 2093 eine
1355 2031 1471 2091 Fiction
1503 2034 1561 2094 auf
1583 2034 1694 2094 Kosten
1726 2034 1773 2094 des
1795 2033 1911 2093 Witzes
1938 2034 1964 2094 zu
1997 2036 2224 2096 verwandeln.

1219 2079 1272 2139 Da
1300 2079 1347 2139 der
1380 2079 1444 2139 Hr.
1477 2082 1552 2142 von
1591 2082 1676 2142 Bar
1709 2082 1768 2142 alle
1795 2082 2032 2142 Schriftsteller
2065 2085 2140 2145 über
2173 2086 2220 2146 die

1220 2130 1354 2190 Päbstin
1389 2130 1597 2190 Johanna
1620 2132 1800 2192 anführet,
1829 2134 1851 2194 so
1874 2134 1992 2194 scheint
2009 2133 2037 2193 er
2060 2133 2110 2193 die
2133 2136 2228 2196 weit¬

1217 2181 1355 2241 läuftige
1378 2181 1609 2241 Streitschrift
1628 2181 1679 2241 des
1703 2182 1777 2242 seel.
1801 2184 1847 2244 D.
1865 2184 2113 2244 Heumanns
2143 2184 2223 2244 nicht

1216 2231 1358 2291 gekannt
1385 2231 1416 2291 zu
1453 2231 1575 2291 haben.
1623 2230 1717 2290 Doch
1749 2231 1796 2291 D.
1818 2231 2039 2291 Heumann
2077 2233 2139 2293 war
2172 2234 2213 2294 ein

1217 2279 1421 2339 Deutscher,
1449 2279 1507 2339 und
1535 2279 1593 2339 wer
1621 2282 1696 2342 wird
1724 2282 1771 2342 sich
1799 2282 1831 2342 um
1880 2282 1971 2342 dessen
1999 2284 2214 2344 Dissertation

1218 2330 1455 2390 bekümmern?
1509 2332 1562 2392 3)
1586 2330 1710 2390 "Ueber
1747 2333 1794 2393 die
1830 2333 1919 2393 Zahl
1943 2334 2002 2394 9.”

2072 2335 2231 2395 Fonte¬

1214 2378 1334 2438 nelle
1363 2379 1450 2439 hatte
1474 2378 1523 2438 den
1551 2381 1700 2441 Einfall,
1729 2384 1778 2444 daß
1811 2384 1894 2444 durch
1927 2383 2076 2443 besondre
2105 2384 2226 2444 Multi¬

1216 2429 1407 2489 plicationes
1443 2429 1493 2489 der
1524 2435 1666 2495 neunten
1701 2435 1807 2495 Zahl,
1848 2435 1964 2495 immer
1995 2430 2111 2490 wieder
2142 2432 2217 2492 neun

1864 2480 1934 2540 18.
1982 2476 2087 2536 Diese
2111 2479 2129 2539 8
2164 2479 2228 2539 mit

1221 2476 1518 2536 herauskommen,
1546 2482 1577 2542 z.
1593 2482 1640 2542 E.
1662 2484 1677 2544 2
1710 2482 1725 2542 —
1768 2483 1784 2543 9
1811 2480 1826 2540 -

1222 2527 1275 2587 der
1297 2527 1307 2587 1
1335 2530 1595 2590 vervielfältigt,
1623 2533 1725 2593 macht
1742 2531 1758 2591 9
1785 2530 1828 2590 2c.
1877 2528 1980 2588 Ueber
2007 2525 2105 2585 diesen
2143 2528 2229 2588 Ein¬

1222 2576 1280 2636 fall
1297 2575 1449 2635 divertirt
1476 2581 1524 2641 der
1547 2581 1649 2641 Verf.
1666 2582 1747 2642 seine
1769 2578 1877 2638 Leser,
1905 2578 1963 2638 und
1991 2578 2131 2638 meldet,
2165 2581 2218 2641 daß

1223 2626 1272 2686 die
1289 2626 1299 2686 9
1333 2629 1449 2689 Musen
1477 2631 1570 2691 diesem
1615 2629 1786 2689 Liebhaber
1815 2628 1864 2688 der
1892 2629 2024 2689 neunten
2063 2629 2146 2689 Zahl
2174 2629 2223 2689 die

1222 2676 1425 2736 Belohnung
1454 2681 1617 2741 gegeben,
1641 2679 1697 2739 daß
1720 2676 1747 2736 er
1771 2676 1832 2736 erst
1850 2676 1872 2736 im
1918 2679 2024 2739 99sten
2053 2679 2143 2739 Jahr
2178 2679 2228 2739 sei¬

1220 2724 1276 2784 nes
1299 2727 1412 2787 Alters
1436 2730 1595 2790 gestorben
1624 2727 1674 2787 ist.
1727 2727 1863 2787 Schade
1892 2727 1954 2787 sagt
1977 2727 2028 2787 der
2051 2727 2153 2787 Verf.
2171 2728 2221 2788 daß

1229 2772 1254 2832 er
1280 2775 1362 2835 nicht
1384 2776 1414 2836 am
1456 2779 1522 2839 9ten
1554 2775 1744 2835 November
1765 2778 1899 2838 geboren
1926 2778 2018 2838 war!
2044 2778 2085 2838 4)
2116 2775 2224 2835 'Ueber

1224 2815 1298 2875 "die
1325 2829 1590 2889 Stammbücher
1612 2826 1665 2886 der
1687 2823 1840 2883 deutschen
1872 2824 2074 2884 Reisenden.

1223 2875 1364 2935 kommen
1393 2879 1495 2939 artige
1513 2876 1695 2936 Anekdoten
1724 2876 1780 2936 von
1809 2879 1860 2939 der
1883 2876 2116 2936 Lächerlichkeit
2145 2873 2236 2933 man¬

2163 2924 2230 2984 cher
