2479 3508
169 354 322 414 Absicht,
349 346 457 406 welche
490 339 541 399 den
574 336 746 396 Verfasser
773 337 836 397 hat
863 336 1010 396 bewegen
1050 339 1190 399 können,

168 404 223 464 dem
262 396 450 456 Verlangen
490 389 605 449 einiger
628 388 777 448 Freunde
811 389 977 449 zufügen,
1006 389 1060 449 und
1094 389 1188 449 nach¬

163 449 310 509 stehende
339 442 453 502 Reden
493 437 544 497 dem
584 439 714 499 Drucke
744 437 772 497 zu
812 440 1017 500 überlaßen,
1046 440 1080 500 um
1131 437 1182 497 sich

167 502 259 562 selbst
277 496 334 556 und
358 489 456 549 seinen
486 485 653 545 Zuhörern
683 488 729 548 die
747 490 990 550 wehmüthigen
1025 488 1186 548 Rührun¬

163 551 219 611 gen
259 544 366 604 zurück
395 539 422 599 zu
462 539 632 599 bringen,
667 539 779 599 welche
814 539 870 599 sein
905 539 995 599 Herz
1024 541 1074 601 bey
1114 539 1164 599 dem

161 591 356 651 öffentlichen
384 585 553 645 Vortrage
581 586 727 646 desselben
761 589 853 649 schier
875 589 902 649 zu
935 589 1000 649 sehr
1023 586 1191 646 überwäl¬

148 643 231 703 tiget
260 637 400 697 haben."
456 635 539 695 Wir
563 634 663 694 haben
698 637 775 697 diese
793 638 904 698 Stelle
928 640 1039 700 unsern
1073 637 1173 697 Lesern

160 689 221 749 mit
248 685 335 745 Fleiß
372 685 578 745 hergesetzet,
605 685 640 745 um
692 687 785 747 ihnen
822 686 878 746 von
915 688 971 748 der
1003 690 1183 750 Mundart

161 740 216 800 des
239 736 427 796 Verfassers
455 736 549 796 dieser
572 736 749 796 Predigten
788 738 872 798 einen
911 739 1082 799 gehörigen
1116 738 1182 798 Be¬

540 900 787 960 Nachricht

362 1015 427 1075 der
469 1016 666 1076 Banque
700 1019 740 1079 zu
782 1020 962 1080 Berlin.

164 1105 246 1165 Da
281 1105 391 1165 Seine
419 1105 605 1165 Königliche
627 1103 785 1163 Majestät
813 1106 840 1166 in
868 1109 1019 1169 Preußen
1048 1106 1089 1166 rc.
1117 1106 1178 1166 Un=

162 1157 209 1217 ser
236 1157 506 1217 allergnädigster
539 1151 628 1211 Herr
660 1151 713 1211 zum
767 1153 883 1213 Besten
910 1157 1005 1217 Dero
1027 1157 1169 1217 getreuen

160 1205 284 1265 Länder
305 1201 367 1261 und
393 1201 507 1261 Deren
539 1196 778 1256 Eingesessenen
810 1204 861 1264 bey
887 1204 939 1264 dem
981 1204 1069 1264 festen
1101 1204 1183 1264 Ent¬

157 1252 281 1312 schlusse
302 1249 478 1309 beharren,
504 1246 571 1306 eine
598 1246 768 1306 Banque,
795 1251 867 1311 nach
898 1252 960 1312 Art
977 1252 1064 1312 derer
1091 1252 1183 1312 übri¬

152 1301 207 1361 gen
238 1297 263 1357 in
294 1294 451 1354 Europa,
487 1296 537 1356 die
563 1294 665 1354 jedoch
701 1297 787 1357 keine
818 1297 909 1357 Giro
940 1300 1062 1360 Banc,
1098 1297 1173 1357 oder

154 1345 304 1405 Banque
330 1342 361 1402 de
387 1340 584 1400 Transport
605 1342 667 1402 seyn
699 1345 802 1405 wird,
823 1345 848 1405 in
880 1346 973 1406 Dero
999 1345 1175 1405 Residenz¬

157 1399 234 1459 stadt
261 1393 374 1453 Berlin
406 1390 556 1450 errichten
583 1390 614 1450 zu
640 1390 754 1450 lassen,
780 1393 843 1453 und
885 1393 1004 1453 dahero
1035 1393 1175 1453 unablä¬

155 1446 209 1506 ßig
236 1441 361 1501 darauf
378 1440 507 1500 bedacht
530 1440 611 1500 sind,
633 1440 735 1500 dieses
769 1440 795 1500 so
828 1440 974 1500 wichtige
1007 1440 1056 1500 als
1100 1440 1148 1500 dem

153 1492 269 1552 Staat
287 1488 392 1548 höchst
421 1488 643 1548 ersprießliche
672 1485 771 1545 Werk
806 1488 972 1548 möglichst
1001 1489 1028 1549 zu
1062 1485 1173 1545 beför¬

154 1542 256 1602 dern;
285 1539 341 1599 So
366 1536 468 1596 haben
497 1536 697 1596 Allerhöchst
714 1536 891 1596 Dieselben
921 1539 971 1599 für
995 1536 1103 1596 nöthig
1121 1536 1172 1596 ge¬

161 1590 301 1650 funden,
323 1584 452 1644 sowohl
469 1587 729 1647 Einheimische,
756 1586 810 1646 als
838 1587 1053 1647 Auswärtige
1086 1584 1172 1644 hier¬

155 1642 246 1702 durch
274 1637 376 1697 näher
399 1635 670 1695 benachrichtigen
698 1637 724 1697 zu
752 1637 865 1697 lassen,
894 1636 947 1696 daß
980 1634 1050 1694 Sie
1067 1634 1164 1694 dieser

153 1691 305 1751 Banque
329 1688 379 1748 für
408 1688 487 1748 Sich
516 1688 577 1748 und
606 1686 697 1746 Dero
720 1688 929 1748 Königlichen
964 1686 1161 1746 Nachfolger

154 1743 200 1803 ein
229 1742 555 1802 unwiederrufliches
579 1741 694 1801 Octroy
724 1742 782 1802 auf
800 1742 834 1802 30
870 1742 997 1802 Jahre,
1027 1742 1090 1802 mit
1114 1741 1171 1801 fol=

157 1798 276 1858 genden
302 1793 527 1853 Privilegiis,
553 1793 742 1853 allerhöchst
761 1793 937 1853 bewilliget
956 1793 1081 1853 haben:

205 1840 244 1900 1.
266 1837 359 1897 Wird
390 1837 438 1897 der
461 1837 606 1897 Banque
629 1837 792 1897 gestattet,
814 1835 871 1895 daß
903 1834 942 1894 sie
969 1834 1039 1894 nach
1075 1837 1172 1897 Ban¬

147 1882 375 1942 co=Pfunden,
401 1881 462 1941 das
488 1879 604 1939 Pfund
630 1879 661 1939 zu
692 1876 752 1936 30.
768 1876 844 1936 Gr.
860 1876 1043 1936 gerechnet,
1069 1877 1155 1937 deren

148 1936 191 1996 24
219 1931 305 1991 einen
339 1930 458 1990 Thaler
491 1927 715 1987 ausmachen,
748 1924 846 1984 Buch
884 1926 944 1986 und
977 1924 1156 1984 Rechnung

154 1983 270 2043 führen
305 1978 403 2038 kann.

206 2030 330 2090 Dieses
360 2025 478 2085 Pfund
509 2024 626 2084 Banco
657 2023 734 2083 wird
770 2023 930 2083 beständig
960 2023 995 2083 um
1037 2023 1077 2083 25
1108 2023 1160 2083 pro

150 2082 233 2142 Cent
256 2077 357 2137 höher
380 2076 424 2136 als
452 2073 503 2133 die
531 2073 754 2133 coursirenden
789 2075 1052 2135 Friderichsd'or
1080 2073 1169 2133 seyn,

148 2130 342 2190 dergestalt,
365 2127 421 2187 daß
450 2124 527 2184 Vier
556 2125 673 2185 Pfund
701 2127 856 2187 Berliner
885 2121 1108 2181 Banco=Geld
1125 2123 1152 2183 zu

148 2187 226 2247 aller
243 2180 316 2240 Zeit
328 2177 411 2237 einen
434 2175 697 2235 Friderichsd'or
720 2178 747 2238 zu
781 2178 842 2238 21.
860 2178 898 2238 9.
916 2175 1173 2235 ausgemünzet,

149 2234 298 2294 betragen
325 2226 473 2286 werden.
522 2225 596 2285 Und
628 2224 686 2284 wie
708 2226 841 2286 dasselbe
868 2228 915 2288 ein
948 2226 995 2286 für
1028 2226 1160 2286 allemal

148 2284 333 2344 bestimmet
371 2276 431 2336 und
464 2273 731 2333 unveränderlich
770 2275 834 2335 seyn
873 2276 955 2336 soll;
988 2276 1053 2336 also
1081 2273 1156 2333 wird

153 2337 271 2397 solches
295 2329 367 2389 auch
391 2325 555 2385 beständig
578 2322 639 2382 mit
663 2323 753 2383 denen
782 2327 1008 2387 circulirenden
1048 2325 1155 2385 Actien

150 2386 216 2446 und
250 2378 522 2438 Banco=Zetteln
562 2371 616 2431 auf
645 2371 700 2431 das
734 2375 906 2435 genaueste
934 2375 1161 2435 übereinstim¬

157 2433 251 2493 men,
272 2431 386 2491 mithin
414 2426 467 2486 das
495 2420 683 2480 Eigenthum
725 2426 812 2486 derer
833 2425 1068 2485 Interessenten
1103 2425 1156 2485 auf

148 2482 240 2542 einen
268 2479 393 2539 sicheren
427 2473 492 2533 Fuß
525 2468 634 2528 setzen.

200 2530 241 2590 2.
259 2527 329 2587 Die
353 2521 530 2581 Freyheit,
560 2518 612 2578 zum
660 2521 778 2581 Besten
814 2524 872 2584 und
902 2521 1067 2581 mehrerer
1091 2518 1161 2578 Be¬

152 2578 381 2638 quemlichkeit
403 2568 449 2628 des
477 2566 680 2626 Commercii
707 2571 794 2631 einen
829 2569 1147 2629 proportionirlichen

156 2629 256 2689 Theil
280 2623 368 2683 ihres
405 2618 517 2678 Fonds
547 2617 682 2677 mittelst
713 2623 854 2683 gewisser
879 2620 1156 2680 Banco=Billets

151 2675 316 2735 circuliren
346 2670 375 2730 zu
405 2667 523 2727 lassen,
548 2665 659 2725 welche
684 2671 873 2731 jedesmahl
891 2673 943 2733 dem
974 2667 1150 2727 Innhaber

152 2737 176 2797 so
201 2725 318 2785 gleich,
343 2720 391 2780 als
417 2718 447 2778 er
466 2718 515 2778 die
540 2715 687 2775 Zahlüng
713 2721 903 2781 verlanget,
916 2722 1008 2782 durch
1027 2719 1069 2779 die
1088 2717 1155 2777 Ge¬

151 2777 347 2837 neral=Casse
367 2767 412 2827 der
439 2766 602 2826 Banque,
623 2763 656 2823 in
683 2764 793 2824 Golde
814 2770 846 2830 zu
873 2772 938 2832 21.
951 2773 990 2833 9.
1010 2772 1088 2832 ohne
1109 2770 1154 2830 die

149 2835 310 2895 geringste
339 2814 598 2874 Schwierigkeit
614 2814 739 2874 werden
768 2821 915 2881 bezahlet
938 2823 1084 2883 werden.

201 2881 236 2941 3.
255 2877 315 2937 Ein
346 2867 556 2927 Privilegium
605 2864 780 2924 exclusivum
835 2870 864 2930 zu
895 2873 979 2933 einer
1010 2873 1100 2933 Casse
1125 2866 1154 2926 d'

151 2936 326 2996 Excomte,
342 2924 456 2984 welche
480 2921 570 2981 gegen
602 2921 685 2981 einen
709 2921 944 2981 monathlichen
976 2931 1059 2991 Zins
1090 2926 1143 2986 von
1198 2924 1258 2984 und
1290 2927 1442 2987 zwanzig
1473 2930 1648 2990 Millionen
1687 2927 1816 2987 Thaler
1839 2927 1877 2987 zu
1916 2925 2045 2985 bringen
2076 2924 2205 2984 suchen,

1220 341 1291 401 grif
1315 336 1344 396 zu
1374 339 1527 399 machen,
1552 340 1586 400 da
1611 342 1651 402 sie
1670 344 1746 404 aber
1776 345 1935 405 eigentlich
1972 348 2054 408 nicht
2084 350 2137 410 vor
2167 351 2237 411 un¬

1229 389 1304 449 sern
1348 386 1468 446 Geist
1501 389 1739 449 geschrieben,
1778 391 1810 451 so
1843 392 1951 452 dörfte
1995 395 2060 455 eine
2104 398 2233 458 weitere

1219 435 1467 495 Beurtheilung
1495 437 1646 497 derselben
1679 440 1809 500 schier
1836 440 1912 500 übel
1934 443 2128 503 angebracht
2151 450 2237 510 seyn,

1216 488 1253 548 da
1280 488 1418 548 ohnedem
1472 488 1551 548 alles
1583 487 1641 547 auf
1658 488 1854 548 Abschieds=
1876 491 1939 551 und
1966 494 2173 554 Antrittsart
2200 500 2226 560 in

1219 536 1380 596 denselben
1414 537 1625 597 eingerichtet
1648 539 1703 599 ist.
1754 537 1826 597 Die
1865 542 2171 602 Abschiedspredigt
2200 545 2238 605 ist

1213 586 1294 646 über
1333 586 1348 646 2
1382 586 1468 646 Cor.
1491 586 1550 646 13,
1578 586 1643 646 11.
1725 583 1801 643 Die
1829 587 2111 647 Antrittspredigt
2150 593 2231 653 über

1220 637 1230 697 2
1259 634 1344 694 Cor.
1362 635 1401 695 3,
1419 636 1452 696 5.
1470 637 1509 697 6.
1527 635 1692 695 gehalten.
1749 637 1857 697 Diese
1881 639 1908 699 am
1954 640 2136 700 Sonntage
2160 642 2238 702 Tri=

1216 686 1359 746 nitatis,
1381 685 1450 745 jene
1482 685 1700 745 Misericord.
1722 685 1833 745 Dom.
1908 688 2029 748 Kostet
2057 690 2083 750 in
2121 692 2237 752 vorbe¬

1212 736 1352 796 meldten
1382 736 1592 796 Kanterschen
1622 736 1932 796 Buchhandlungen
1962 739 2002 799 15
2027 742 2078 802 gr.

1226 900 1269 960 ein
1301 900 1413 960 viertel
1439 897 1488 957 pro
1520 900 1601 960 Cent
1614 900 1657 960 die
1677 901 1933 961 Wechselbriefe,
1959 900 2228 960 Assignationen,

1217 951 1454 1011 Obligationen
1482 951 1525 1011 rc.
1542 951 1774 1011 discomptiren
1802 951 1904 1011 wird.
1926 948 2012 1008 Eben
2045 948 2126 1008 diese
2148 948 2223 1008 Cas¬

1225 1002 1251 1062 se
1273 1001 1348 1061 wird
1365 1001 1434 1061 auch
1457 1001 1537 1061 einem
1581 1001 1662 1061 jeden
1689 1001 1748 1061 auf
1770 1001 1877 1061 Gold=
1889 1000 1954 1060 und
1976 997 2223 1057 Silber=Bar¬

1206 1049 1282 1109 ren,
1315 1052 1538 1112 Sevillanes,
1572 1055 1697 1115 fremde
1725 1050 1975 1110 Geld=Sorten
2003 1050 2046 1110 2c.
2068 1048 2215 1108 ebenfals

1218 1100 1310 1160 gegen
1351 1101 1367 1161 1
1403 1103 1518 1163 viertel
1542 1106 1593 1166 pro
1628 1106 1709 1166 Cent
1738 1103 1928 1163 monathlich
1964 1101 2009 1161 die
2033 1100 2217 1160 benöthigte

1220 1151 1416 1211 Vorschüße
1445 1154 1543 1214 thun.

1253 1204 1299 1264 4.
1323 1201 1398 1261 Der
1422 1200 1538 1260 directe
1568 1200 1701 1260 Handel
1731 1199 1800 1259 nach
1830 1200 1905 1260 allen
1941 1196 2080 1256 Häfen,
2115 1196 2219 1256 Land¬

1216 1249 1277 1309 und
1304 1246 1591 1306 See=Gegenden,
1618 1246 1663 1306 wo
1700 1248 1730 1308 es
1762 1246 1813 1306 sich
1844 1245 1895 1305 für
1927 1243 1978 1303 die
2004 1242 2153 1302 Banque
2179 1243 2204 1303 zu

1211 1297 1349 1357 handeln
1373 1294 1433 1354 und
1464 1294 1650 1354 Commerce
1675 1294 1704 1354 zu
1729 1297 1849 1357 treiben
1880 1294 2006 1354 schicken
2043 1291 2102 1351 und
2127 1291 2217 1351 rath¬

1211 1342 1256 1402 sam
1298 1344 1364 1404 seyn
1390 1342 1492 1402 wird.

1272 1393 1313 1453 5.
1344 1390 1524 1450 Besondere
1549 1393 1742 1453 Beneficia,
1767 1393 1790 1453 so
1815 1393 1838 1453 in
1869 1391 1917 1451 der
1942 1390 2038 1450 Folge
2057 1390 2128 1450 noch
2153 1390 2219 1450 fer¬

1201 1438 1263 1498 ner
1286 1439 1314 1499 zu
1343 1440 1551 1500 bestimmen,
1575 1439 1602 1499 in
1631 1440 1806 1500 Ansehung
1835 1440 1891 1500 des
1925 1437 2106 1497 Rußischen
2146 1438 2202 1498 und

1209 1488 1425 1548 Pohlnischen
1454 1491 1626 1551 Handels,
1655 1488 1676 1548 so
1705 1491 1760 1551 wie
1783 1489 1854 1549 auch

1249 1538 1290 1598 6.
1315 1537 1338 1597 in
1363 1537 1490 1597 Absicht
1509 1539 1563 1599 auf
1588 1539 1636 1599 den
1667 1540 1799 1600 Handel
1819 1539 1878 1599 und
1903 1539 1952 1599 die
1977 1539 2146 1599 Ausfuhre
2164 1538 2212 1598 der

1205 1587 1390 1647 schlesischen
1419 1587 1615 1647 Leinwand.

1253 1634 1293 1694 7.
1317 1634 1385 1694 Der
1409 1634 1558 1694 exclusive
1583 1637 1715 1697 Handel
1733 1636 1796 1696 mit
1820 1637 2213 1697 Bau=Staab=Pipen=

1207 1688 1297 1748 Holz
1315 1687 1376 1747 und
1405 1685 1750 1745 Kaufmanns=Guthe
1773 1688 1817 1748 rc.
1841 1689 1897 1749 aus
1931 1687 2027 1747 denen
2061 1686 2213 1746 Königli=

1208 1740 1276 1800 chen
1306 1742 1364 1802 und
1387 1739 1746 1799 Cämmerey=Forsten,
1764 1745 1815 1805 zum
1856 1742 2070 1802 auswärtigen
2094 1742 2215 1802 Debit.

1260 1796 1302 1856 8.
1322 1793 1451 1853 Pfand=
1471 1796 1532 1856 und
1557 1793 1792 1853 Leih=Häuser.

1259 1835 1297 1895 9.
1319 1837 1385 1897 Die
1408 1840 1556 1900 exclusive
1584 1840 1683 1900 Land=
1689 1843 1744 1903 und
1777 1841 2130 1901 See=Assecuranzen,
2147 1843 2207 1903 und

1200 1879 1325 1939 endlich

1258 1925 1318 1985 10.
1346 1924 1417 1984 Die
1451 1927 1694 1987 Ausmünzung
1738 1930 1809 1990 aller
1843 1930 1953 1990 Sold=
1976 1930 2036 1990 und
2070 1933 2213 1993 Silber¬

1208 1972 1372 2032 Species,
1399 1975 1465 2035 auch
1496 1975 1666 2035 Courant=
1692 1978 1753 2038 und
1780 1978 2088 2038 Scheide=Münze,
2104 1981 2134 2041 in
2161 1984 2212 2044 de¬

1191 2023 1245 2083 nen
1273 2023 1469 2083 gesammten
1497 2025 1710 2085 Königlichen
1738 2026 1891 2086 Landen,
1924 2025 2011 2085 nebst
2044 2028 2093 2088 dem
2143 2033 2208 2093 pri¬

1203 2073 1330 2133 vativen
1363 2070 1468 2130 Gold=
1491 2073 1549 2133 und
1581 2076 1884 2136 Silber=Handel,
1916 2073 1943 2133 so
1975 2075 2038 2135 wie
2065 2078 2134 2138 auch
2167 2081 2214 2141 die

1199 2124 1394 2184 Scheidung
1427 2124 1486 2184 und
1514 2124 1687 2184 Affinerien
1715 2127 1813 2187 dieser
1840 2127 1997 2187 Metalle.

1246 2171 1323 2231 Se.
1348 2172 1490 2232 Königl.
1508 2176 1675 2236 Majestät
1694 2178 1836 2238 behalten
1867 2175 1914 2235 sich
1945 2178 2093 2238 überdies
2129 2179 2200 2239 noch

1200 2223 1432 2283 allergnädigst
1456 2225 1574 2285 bevor,
1598 2226 1694 2286 diesem
1735 2226 2007 2286 Etablissement,
2043 2228 2099 2288 bey
2122 2229 2195 2289 allen

1202 2272 1485 2332 Gelegenheiten,
1520 2274 1582 2334 von
1611 2278 1678 2338 Zeit
1696 2279 1730 2339 zu
1753 2279 1849 2339 Zeit,
1872 2279 1945 2339 noch
1970 2279 2116 2339 mehrere
2140 2277 2213 2337 Be¬

1201 2324 1308 2384 neficia
1336 2321 1363 2381 zu
1396 2324 1569 2384 ertheilen,
1591 2327 1655 2387 und
1683 2330 1850 2390 declariren
1884 2328 2018 2388 hiermit
2035 2330 2203 2390 nochmals

1207 2374 1251 2434 für
1281 2372 1359 2432 Sich
1388 2372 1444 2432 und
1473 2373 1563 2433 Dero
1592 2378 1859 2438 Thronfolgere,
1882 2379 1938 2439 daß
1973 2378 2046 2438 Sie
2075 2378 2108 2438 an
2143 2380 2205 2440 die¬

1206 2422 1244 2482 ser
1271 2419 1417 2479 Banque
1440 2423 1543 2483 keinen
1570 2426 1706 2486 anderen
1734 2429 1868 2489 Antheil
1891 2426 2048 2486 nehmen,
2071 2426 2119 2486 als
2146 2429 2200 2489 daß

1202 2470 1267 2530 Sie
1294 2469 1471 2529 Derselben
1505 2478 1610 2538 Jhren
1637 2479 1847 2539 Königlichen
1875 2474 2005 2534 Schutz
2019 2473 2196 2533 angedeyen

1199 2521 1289 2581 lassen
1318 2521 1453 2581 wollen,
1477 2527 1561 2587 ohne
1579 2530 1680 2590 weder
1709 2527 1753 2587 die
1782 2523 1991 2583 Actionaires
2020 2523 2093 2583 noch
2128 2524 2200 2584 Cir¬

1200 2569 1384 2629 culateurs,
1408 2572 1479 2632 oder
1509 2575 1556 2635 die
1581 2576 1949 2636 Rechnungsführung,
1973 2572 2044 2632 noch
2075 2572 2121 2632 die
2140 2573 2210 2633 Di¬

1201 2620 1362 2680 recteurs,
1390 2620 1416 2680 in
1444 2623 1530 2683 ihrer
1557 2626 1795 2686 Verwaltung,
1818 2623 1893 2683 oder
1926 2621 1973 2681 die
2001 2623 2190 2683 Freyheiten

1201 2667 1254 2727 der
1279 2673 1599 2733 Versammlungen,
1624 2676 1672 2736 der
1697 2673 1823 2733 engeren
1854 2672 2065 2732 Ausschüsse,
2084 2673 2210 2733 Stim¬

1192 2718 1392 2778 mengebung
1420 2722 1466 2782 rc.
1493 2726 1520 2786 es
1547 2727 1593 2787 sey
1614 2724 1781 2784 worinnen
1809 2724 1842 2784 es
1870 2724 1976 2784 wolle,
2004 2724 2030 2784 im
2071 2724 2204 2784 gering¬

1194 2769 1250 2829 sten
1280 2769 1307 2829 zu
1342 2772 1496 2832 geniren.

1245 2817 1322 2877 Das
1353 2823 1486 2883 Capital
1505 2826 1600 2886 dieser
1631 2823 1776 2883 Banque
1807 2823 1885 2883 wird
1915 2826 1988 2886 man
2025 2825 2096 2885 nach
2133 2824 2193 2884 und

1189 2868 1256 2928 nach
1291 2870 1336 2930 bis
1365 2874 1422 2934 auf
1446 2876 1485 2936 20
1520 2873 1697 2933 Millionen
1726 2873 2006 2933 Banco=Pfund,
2029 2873 2103 2933 oder
2126 2874 2200 2934 fünf

2117 2978 2187 3038 und
