2479 3508
551 1196 678 1256 77tes
719 1193 888 1253 Stück.
961 1192 1186 1252 Freytag,
1236 1191 1299 1251 den
1357 1190 1445 1250 26.
1478 1187 1663 1247 October
1704 1192 1847 1252 1764.

333 1273 426 1333 Von
456 1273 514 1333 der
536 1271 702 1331 Eitelkeit
732 1268 781 1328 der
811 1270 1034 1330 Gelehrten.

491 1336 548 1396 Aus
572 1336 614 1396 dem
653 1336 866 1396 Französischen.

255 1485 313 1545 Dan
344 1483 402 1543 hat
418 1479 446 1539 zu
477 1479 550 1539 allen
574 1478 676 1538 Zeiten
707 1476 758 1536 den
788 1473 958 1533 Gelehrten
988 1470 1054 1530 eine
1077 1468 1187 1528 Eigen=

185 1527 200 1587 M
299 1529 380 1589 liebe
405 1529 485 1589 ohne
511 1527 697 1587 Schranken
731 1524 787 1584 und
821 1524 868 1584 ein
902 1521 1031 1581 blindes
1057 1518 1186 1578 Vorur=

171 1584 255 1644 theil
279 1581 369 1641 ihres
404 1579 512 1639 eignen
546 1577 682 1637 Werths
717 1573 922 1633 vorgerückt.
991 1571 1053 1631 Ein
1088 1566 1184 1626 allge¬

178 1634 304 1694 meines
334 1631 490 1691 Geschrey
513 1630 570 1690 hat
589 1628 640 1688 sich
664 1625 762 1685 wider
792 1625 832 1685 sie
856 1621 1017 1681 erhoben.
1087 1619 1179 1679 Man

182 1687 241 1747 hat
260 1685 296 1745 sie
315 1685 525 1745 beschuldigt,
550 1682 586 1742 sie
611 1681 713 1741 häͤtten
744 1676 827 1736 ihres
858 1676 1075 1736 vorzüͤglichen
1106 1670 1190 1730 Ver¬

177 1739 330 1799 standes,
359 1736 450 1796 ihrer
485 1733 643 1793 erhabnen
678 1730 814 1790 Talente
843 1729 905 1789 und
940 1730 991 1790 des
1020 1724 1179 1784 Umfangs

177 1787 268 1847 ihrer
296 1787 486 1847 Kenntnisse
508 1783 556 1843 sich
584 1783 643 1843 mit
665 1781 752 1841 einer
774 1781 833 1841 Art
855 1778 909 1838 von
937 1778 1115 1838 Tyranney
1143 1775 1191 1835 be¬

178 1826 292 1886 dient;
319 1824 391 1884 eine
413 1822 593 1882 mehrmals
619 1819 850 1879 wiederholte,
884 1819 956 1879 aber
987 1819 1188 1879 vergebliche

175 1873 312 1933 Klage,
343 1868 396 1928 die
422 1867 510 1927 zwar
535 1864 688 1924 zuweilen
728 1861 771 1921 die
797 1858 954 1918 Wirkung
989 1855 1038 1915 der
1063 1855 1190 1915 Billig¬

177 1923 236 1983 keit
258 1921 312 1981 ist,
341 1913 389 1973 oft
411 1912 481 1972 aber
504 1912 575 1972 auch
602 1911 651 1971 des
679 1906 815 1966 Neids,
848 1906 902 1966 der
930 1903 984 1963 den
1017 1902 1180 1962 Triumph

177 1972 276 2032 seiner
310 1963 548 2023 Nebenbuhler
582 1959 664 2019 nicht
693 1957 776 2017 ohne
799 1954 931 2014 Unruhe
960 1951 1048 2011 sehen
1087 1951 1187 2011 kann,

181 2022 249 2082 oder
278 2017 325 2077 der
347 2014 450 2074 stolzen
485 2008 733 2068 Unwissenheit,
747 2005 795 2065 die
816 2005 891 2065 stets
913 2004 967 2064 das
996 2002 1043 2062 ihr
1065 2001 1181 2061 furcht:
1217 1999 1361 2059 arbeitet
1375 1996 1437 2056 ohn
1465 1996 1644 2056 Unterlaß;
1679 1996 1768 2056 späte
1797 1998 2065 2058 Nachtwachen,
2087 2008 2217 2068 schwer¬

184 2069 256 2129 bare
275 2062 474 2122 Verdienst,
499 2060 559 2120 das
584 2058 619 2118 sie
638 2056 722 2116 nicht
747 2055 898 2115 erreichen
935 2052 1043 2112 kann,
1068 2052 1098 2112 zu
1135 2049 1189 2109 be¬

186 2117 308 2177 streiten
338 2109 471 2169 bemüht
490 2109 541 2169 ist.

235 2163 350 2223 Seine
373 2160 477 2220 eignen
507 2157 697 2217 Verdienste
721 2157 778 2217 aus
808 2155 987 2215 Blindheit
1017 2150 1189 2210 erkennen,

182 2219 246 2279 dies
285 2213 323 2273 ist
356 2211 426 2271 eine
454 2211 574 2271 Quelle
608 2205 661 2265 der
694 2205 885 2265 traurigsten
924 2203 1060 2263 Uebel;
1093 2199 1185 2259 einer

175 2261 437 2321 Schwachheit,
467 2258 513 2318 die
543 2255 606 2315 uns
636 2252 746 2312 mitten
782 2252 810 2312 im
858 2255 956 2315 Laufe
986 2252 1189 2312 zurückhält,

182 2318 246 2378 und
274 2315 322 2375 den
355 2310 560 2370 glücklichsten
588 2302 750 2362 Fortgang
778 2306 978 2366 verdunkelt.
1027 2300 1091 2360 Ein
1119 2300 1189 2360 gro¬

188 2366 244 2426 ßer
261 2363 357 2423 Geist
386 2360 470 2420 sollte
499 2354 601 2414 daher
624 2351 674 2411 die
704 2355 919 2415 verschiednen
948 2351 1112 2411 Klippen,
1141 2348 1191 2408 die

185 2414 236 2474 ihm
282 2411 457 2471 gefährlich
486 2407 576 2467 sind,
605 2401 639 2461 zu
673 2405 854 2465 vermeiden
895 2400 1019 2460 wissen.
1093 2396 1183 2456 Jene

190 2461 445 2521 Trunkenheit,
469 2454 520 2514 die
543 2449 593 2509 ihn
629 2449 719 2509 dahin
748 2454 855 2514 reißt,
884 2450 935 2510 die
970 2446 1037 2506 eben
1073 2447 1100 2507 so
1129 2443 1196 2503 fer¬

186 2512 225 2572 tig
254 2510 304 2570 ihn
333 2509 361 2569 zu
390 2504 610 2564 verblenden,
645 2500 696 2560 als
719 2503 883 2563 begierig,
912 2498 968 2558 ihn
1003 2494 1093 2554 unter
1122 2493 1178 2553 das

183 2564 267 2624 Joch
296 2560 324 2620 zu
353 2557 507 2617 drücken,
536 2550 598 2610 ist,
628 2548 713 2608 sollte
742 2549 776 2609 er
799 2553 861 2613 mit
885 2545 1021 2605 Gewalt
1045 2543 1101 2603 von
1130 2542 1181 2602 sich

182 2608 371 2668 entfernen.
422 2602 538 2662 Sollte
561 2596 588 2656 es
616 2599 700 2659 nicht
717 2599 767 2659 dem
812 2602 945 2662 Manne
968 2594 1023 2654 von
1046 2592 1184 2652 Einsicht

184 2658 313 2718 leichter
332 2655 430 2715 seyn,
455 2651 504 2711 als
523 2646 696 2706 schwachen
727 2649 874 2709 Seelen,
900 2649 942 2709 die
968 2641 1176 2701 gefährlichen

187 2712 304 2772 Pfeile
323 2701 601 2761 zurückzustoßen,
626 2695 736 2755 welche
762 2699 810 2759 die
830 2697 1021 2757 Eigenliebe
1040 2693 1095 2753 ohn
1127 2688 1194 2748 Un¬

187 2765 283 2825 terlaß
320 2759 373 2819 auf
404 2754 452 2814 ihn
489 2747 669 2807 abdrückt?
712 2745 893 2805 Unstreitig
924 2747 1038 2807 müssen
1075 2742 1177 2802 hierzu

184 2819 268 2879 viele
293 2805 480 2865 Kenntnisse
505 2799 571 2859 eine
590 2796 686 2856 große
711 2793 814 2853 Hülfe
833 2796 935 2856 seyn;
967 2799 996 2859 je
1027 2793 1117 2853 mehr
1148 2787 1190 2847 sie

186 2870 240 2930 sich
268 2858 546 2918 vervielfaltigen,
567 2849 648 2909 desto
670 2847 744 2907 eher
772 2847 887 2907 nimmt
908 2849 975 2909 man
1010 2844 1180 2904 diejenigen

1221 1261 1345 1321 wahr,
1367 1261 1416 1321 die
1449 1258 1514 1318 uns
1547 1255 1623 1315 noch
1661 1258 1835 1318 mangeln.
1901 1261 1999 1321 Kann
2037 1261 2129 1321 wohl
2157 1265 2227 1325 jene

1217 1303 1408 1363 Herrschaft
1425 1303 1498 1363 über
1520 1303 1567 1363 den
1594 1306 1801 1366 unwissenden
1828 1306 1976 1366 Haufen,
1987 1307 2024 1367 ein
2051 1312 2236 1372 Triumph,

1216 1351 1270 1411 der
1292 1353 1341 1413 für
1363 1352 1412 1412 die
1435 1354 1609 1414 Vernunft
1632 1354 1686 1414 gar
1714 1354 1795 1414 nicht
1817 1354 2074 1414 schmeichelhaft
2092 1359 2140 1419 ist,
2162 1363 2227 1423 eine

1221 1402 1530 1462 Schadloshaltung
1559 1402 1607 1462 für
1635 1402 1683 1462 den
1710 1403 1846 1463 Vorzug
1879 1404 1977 1464 seyn,
2010 1404 2064 1464 den
2098 1410 2233 1470 diejeni¬

1215 1450 1268 1510 gen
1300 1449 1374 1509 über
1396 1449 1453 1509 uns
1480 1452 1686 1512 behaupten,
1714 1452 1761 1512 die
1783 1452 1809 1512 in
1847 1452 1936 1512 ihrer
1958 1452 2063 1512 Kunst
2085 1458 2222 1518 Meister

1221 1499 1361 1559 gewesen
1396 1498 1486 1558 sind,
1509 1500 1570 1560 und
1605 1500 1689 1560 deren
1729 1500 1966 1560 Entdeckungen
2006 1503 2062 1563 und
2091 1507 2225 1567 Schrif=

1221 1548 1263 1608 ten
1296 1548 1361 1608 eben
1395 1548 1421 1608 so
1443 1551 1524 1611 viele
1547 1550 1693 1610 Wunder
1721 1549 1856 1609 waren?

1269 1610 1407 1670 Sobald
1431 1613 1500 1673 man
1529 1613 1656 1673 einmal
1674 1611 1720 1671 die
1744 1614 1906 1674 Laufbahn
1936 1616 1987 1676 der
2005 1615 2224 1675 Wissenschaf¬

1221 1667 1265 1727 ten
1304 1667 1437 1727 betreten
1476 1664 1553 1724 hat,
1587 1664 1698 1724 welche
1726 1667 1898 1727 Sorgen,
1926 1667 2042 1727 welche
2065 1670 2220 1730 Arbeiten

1221 1719 1293 1779 muß
1321 1721 1387 1781 man
1416 1717 1498 1777 nicht
1527 1718 1732 1778 anwenden,
1766 1719 1815 1779 sich
1849 1721 1938 1781 einen
1972 1721 2216 1781 schimmernden

1228 1774 1301 1834 Ruf
1333 1772 1363 1832 zu
1395 1769 1586 1829 erwerben?
1629 1769 1703 1829 Und
1735 1769 1796 1829 wie
1822 1772 1852 1832 so
1883 1772 2037 1832 hinfällig
2069 1775 2106 1835 ist
2131 1775 2229 1835 dieser

1225 1817 1323 1877 Ruf!
1349 1813 1422 1873 Die
1443 1817 1645 1877 Niederlage
1667 1817 1750 1877 eines
1781 1819 1952 1879 Feldherrn
1984 1821 2176 1881 verdunkelt
2192 1824 2238 1884 oft

1219 1855 1268 1915 die
1293 1855 1386 1915 ganze
1411 1855 1594 1915 Geschichte
1624 1855 1722 1915 seiner
1748 1858 1875 1918 Siege.

1935 1861 2056 1921 Durch
2091 1864 2139 1924 die
2164 1866 2232 1926 Be¬

1213 1900 1323 1960 gierde
1347 1900 1416 1960 nach
1446 1900 1544 1960 Ruhm
1580 1901 1713 1961 beseelt,
1738 1900 1824 1960 folgt
1842 1901 1911 1961 man
1953 1905 2022 1965 voll
2046 1908 2104 1968 von
2139 1915 2226 1975 einer

1221 1948 1320 2008 edlern
1348 1948 1437 2008 Hitze
1460 1945 1509 2005 der
1532 1948 1654 2008 Bahn,
1676 1948 1720 2008 die
1743 1948 1775 2008 sie
1798 1950 1853 2010 uns
1882 1951 2098 2011 vorzeichnet.
2132 1963 2214 2023 Man

1216 2043 1505 2103 Wissenschaften,
1533 2043 1733 2103 ermüdende
1761 2049 2077 2109 Untersuchungen,
2111 2057 2216 2117 nichts

1222 2097 1297 2157 kann
1326 2094 1384 2154 uns
1407 2092 1621 2152 abschrecken.
1668 2097 1761 2157 Man
1790 2097 1871 2157 sucht
1895 2098 1940 2158 die
1964 2101 2166 2161 Finsternisse
2185 2109 2213 2169 zu

1219 2145 1422 2205 zerstreuen,
1452 2143 1497 2203 die
1527 2142 1578 2202 die
1597 2145 1776 2205 Vernunft
1795 2150 1992 2210 umhüllen;
2021 2151 2074 2211 die
2098 2153 2230 2213 Vorur¬

1221 2196 1319 2256 theile
1348 2193 1377 2253 zu
1412 2193 1580 2253 besiegen,
1615 2196 1725 2256 welche
1755 2199 1807 2259 die
1831 2199 2068 2259 Unwissenheit
2098 2207 2224 2267 erzeugt

1222 2246 1292 2306 hat,
1317 2241 1375 2301 und
1405 2241 1451 2301 die
1470 2245 1705 2305 Schwachheit
1724 2249 1912 2309 unterhält.
1954 2252 2024 2312 Oft
2042 2254 2112 2314 aber
2136 2258 2218 2318 zieht

1213 2295 1279 2355 man
1313 2291 1413 2351 weder
1436 2292 1519 2352 seine
1542 2297 1653 2357 Gaben
1682 2297 1754 2357 noch
1783 2298 1866 2358 seine
1889 2303 2005 2363 Kräfte
2034 2303 2061 2363 zu
2090 2306 2218 2366 Rathe.

1226 2345 1308 2405 Man
1336 2339 1480 2399 versucht
1497 2345 1558 2405 mit
1575 2348 1841 2408 Riesenschritten
1874 2351 1929 2411 auf
1952 2351 2051 2411 steilen
2085 2355 2223 2415 Fußstei¬

1218 2397 1274 2457 gen
1298 2393 1325 2453 zu
1354 2390 1472 2450 gehen.
1530 2397 1603 2457 Die
1626 2399 1738 2459 Sucht
1767 2402 1835 2462 nach
1864 2396 2129 2456 Unsterblichkeit
2152 2405 2219 2465 läßt

1217 2443 1280 2503 uns
1307 2440 1380 2500 alles
1413 2443 1670 2503 unternehmen.
1735 2446 1819 2506 Man
1846 2449 2040 2509 schmeichelt
2067 2449 2141 2509 sich,
2168 2453 2209 2513 ein

1215 2490 1422 2550 allgemeiner
1449 2494 1582 2554 Kenner
1603 2497 1635 2557 zu
1662 2497 1816 2557 werden;
1843 2497 1885 2557 ein
1912 2494 2060 2554 Vorsatz,
2088 2499 2140 2559 den
2167 2501 2214 2561 die

1221 2542 1409 2602 Eigenliebe
1443 2546 1597 2606 erzeugt,
1626 2548 1797 2608 Vernunft
1826 2542 1897 2602 aber
1926 2541 1986 2601 und
2020 2547 2214 2607 Erfahrung

1217 2592 1244 2652 zu
1273 2590 1448 2650 vernichten
1478 2596 1614 2656 bemüht
1637 2596 1717 2656 sind.
1763 2593 1853 2653 Man
1888 2590 2012 2650 stimmt
2042 2595 2086 2655 die
2110 2602 2222 2662 Leyer,

1218 2639 1287 2699 man
1321 2638 1379 2698 legt
1402 2641 1455 2701 den
1483 2646 1629 2706 Kothurn
1657 2643 1727 2703 an,
1760 2641 1829 2701 man
1863 2642 2003 2702 ergreift
2031 2644 2085 2704 das
2112 2649 2225 2709 Sehe¬

1215 2688 1323 2748 rohr,
1345 2691 1415 2751 man
1453 2693 1534 2753 stößt
1557 2694 1583 2754 in
1621 2691 1664 2751 die
1686 2690 2000 2750 Heldentrompete;
2033 2694 2103 2754 man
2136 2700 2227 2760 bear¬

1221 2736 1321 2796 beitet
1344 2739 1405 2799 alle
1428 2742 1528 2802 Arten
1563 2742 1623 2802 von
1652 2739 1903 2799 Wissenschaft,
1932 2742 1992 2802 und
2026 2745 2155 2805 verläßt
2178 2750 2227 2810 oft

1219 2790 1428 2850 diejenigen,
1464 2793 1554 2853 deren
1584 2787 1895 2847 Vollkommenheit
1919 2790 1972 2850 den
2009 2796 2223 2856 glücklichsten

1229 2841 1337 2901 Erfolg
1364 2847 1549 2907 versprach.
1595 2841 1697 2901 Allein
1730 2838 1774 2898 der
1801 2841 1935 2901 Mensch
1955 2841 2012 2901 hat
2032 2842 2089 2902 nur
2122 2847 2230 2907 beson=

2161 2900 2232 2960 dre
