2479 3508
565 1193 690 1253 81tes
739 1190 903 1250 Stück.
975 1193 1203 1253 Freytag,
1245 1184 1315 1244 den
1363 1186 1417 1246 9.
1450 1178 1693 1238 November
1734 1181 1875 1241 1764.

546 1276 839 1336 Fortsetzung

189 1351 238 1411 des
269 1348 330 1408 letzt
356 1342 590 1402 abgebrochnen
621 1339 781 1399 Briefes,
794 1336 843 1396 die
869 1336 892 1396 im
937 1333 1041 1393 72sten
1079 1330 1201 1390 Stück¬

270 1398 398 1458 unserer
422 1390 632 1450 Zeitungen,
662 1385 848 1445 befindliche
872 1381 1123 1441 Abhandlung:

426 1440 524 1500 Vom
574 1437 740 1497 Tanze,
772 1431 969 1491 betreffend.

191 1527 274 1587 Es
299 1530 335 1590 ist
354 1527 473 1587 wahr,
498 1522 552 1582 daß
589 1519 636 1579 die
661 1512 884 1572 Maskeraden
915 1509 986 1569 noch
1023 1509 1059 1569 am
1102 1504 1192 1564 ersten

204 1575 346 1635 den
373 1574 494 1634 Schein
526 1570 574 1630 des
601 1566 717 1626 Rechts
744 1562 780 1622 an
807 1560 854 1620 sich
887 1555 1018 1615 bringen
1051 1556 1203 1616 könnten,

189 1631 280 1691 wenn
313 1628 345 1688 es
367 1625 502 1685 nämlich
529 1622 702 1682 aufkäme,
735 1616 783 1676 sich
816 1610 869 1670 bey
903 1605 1107 1665 denenselben
1146 1601 1183 1661 un

190 1683 234 1743 ter
258 1682 308 1742 dem
355 1676 536 1736 Vorhange
559 1673 615 1733 wie
639 1668 769 1728 Apelles
798 1658 1071 1718 unpartheiischen
1094 1655 1207 1715 Beur¬

192 1733 377 1793 theilungen
403 1727 633 1787 auszusetzen,
660 1722 748 1782 allein
781 1715 986 1775 außerdem,
1012 1711 1069 1771 daß
1095 1708 1191 1768 dieses
1236 1700 1440 1760 abwesenden
1473 1698 1665 1758 Nachbarin
1698 1697 1722 1757 in
1762 1694 1844 1754 einem
1890 1694 1992 1754 Zirkel
2018 1691 2248 1751 gleichgesinn¬

199 1787 337 1847 fromme
362 1780 645 1840 Stoßseufzerlein
676 1775 765 1835 sind;
797 1772 826 1832 so
857 1766 959 1826 dörfte
990 1763 1074 1823 diese
1099 1760 1212 1820 aufge¬

196 1827 363 1887 kommene
386 1822 490 1882 Mode
518 1818 572 1878 gar
599 1817 667 1877 bald
699 1814 789 1874 durch
826 1808 871 1868 die
899 1808 1071 1868 beleidigte
1099 1805 1211 1865 Maje¬

196 1876 256 1936 stät
291 1870 337 1930 der
372 1867 534 1927 Eitelkeit
562 1861 609 1921 des
651 1855 772 1915 andern
806 1848 1010 1908 Geschlechts
1051 1844 1077 1904 in
1105 1843 1193 1903 fallen
1234 1837 1348 1897 cursus
1376 1840 1559 1900 creditorum
1607 1840 1688 1900 über
1716 1840 1756 1900 sie
1777 1837 1967 1897 entstanden
2001 1841 2116 1901 wäre,
2150 1843 2237 1903 laßen

193 1924 333 1984 Gnaden
365 1913 597 1973 verabscheidet
618 1902 759 1962 werden.
795 1895 860 1955 Wo
887 1894 972 1954 sollte
993 1891 1099 1951 wohl,
1120 1888 1195 1948 mein

194 1976 305 2036 Herr!
333 1967 427 2027 unter
450 1963 505 2023 uns
534 1957 639 2017 gesagt
662 1955 706 2015 ein
734 1947 895 2007 Mädchen
924 1945 951 2005 zu
985 1939 1085 1999 finden
1119 1936 1213 1996 seyn,

202 2025 256 2085 die
279 2023 333 2083 den
367 2011 543 2071 geringsten
566 2006 686 2066 Tadel
709 2000 808 2060 einige
842 1995 994 2055 Minuten
1029 1987 1204 2047 aufhalten
1239 1981 1347 2041 Ihrer
1383 1978 1546 2038 Tochter,
1570 1981 1623 2041 und
1657 1978 1723 2038 was
1758 1978 1877 2038 denken
1911 1981 2010 2041 Sie,
2034 1984 2109 2044 mein
2143 1984 2230 2044 Herr

202 2075 260 2135 und
288 2073 314 2133 in
337 2066 444 2126 Jhren
466 2056 584 2116 Nutzen
607 2052 795 2112 verwenden
822 2043 962 2103 könnte?
995 2040 1108 2100 Schon
1136 2037 1200 2097 sehe

202 2126 247 2186 h
276 2115 496 2175 Maskeraden
534 2106 589 2166 als
617 2103 681 2163 sehe
711 2102 756 2162 ich
785 2096 1042 2156 Scharmützel,
1071 2088 1199 2148 Larven
1238 2082 1339 2142 rohen
1368 2079 1450 2139 Rath
1479 2079 1533 2139 der
1552 2080 1690 2140 Jugend
1719 2079 1922 2139 übergeben,
1951 2079 2033 2139 nicht
2052 2082 2236 2142 ermangeln

194 2173 318 2233 werden
352 2163 552 2223 abgerissen,
580 2155 639 2215 und
673 2151 873 2211 mancherley
912 2145 1025 2205 freye
1053 2138 1210 2198 Ueber¬

197 2220 409 2280 setzungen
450 2209 503 2269 des
530 2205 703 2265 bekannten
737 2199 769 2259 ne
798 2196 897 2256 Sutor
924 2193 1010 2253 ultra
1037 2188 1184 2248 crepidam
1238 2182 1424 2242 Handzu
1458 2181 1657 2241 drücken?
1685 2181 1804 2241 Gewiß
1832 2181 1911 2241 mein
1938 2181 2045 2241 Herr,
2066 2180 2111 2240 ich
2132 2181 2245 2241 würde

191 2275 289 2335 treten
317 2268 377 2328 ans
405 2261 503 2321 Licht.
553 2252 673 2312 Sehen
707 2246 777 2306 Sie
794 2249 876 2309 mein
904 2246 1019 2306 Herr,
1052 2240 1112 2300 auf
1140 2237 1205 2297 was

204 2327 257 2387 für
288 2316 498 2376 Abentheuer
523 2306 565 2366 ich
595 2300 703 2360 stoße,
734 2297 824 2357 wenn
855 2297 896 2357 ich
933 2296 993 2356 auf
1018 2293 1077 2353 gut
1102 2288 1204 2348 Glück

204 2372 372 2432 ausgehe,
403 2364 446 2424 um
489 2356 536 2416 dem
579 2350 687 2410 Tanze
719 2348 779 2408 auf
804 2347 900 2407 Ihre
925 2342 1106 2402 Rechnung
1143 2339 1185 2399 ein

196 2418 489 2478 Ehrenerklärung
516 2406 542 2466 zu
569 2399 669 2459 thun.
724 2399 830 2459 Laßen
857 2396 925 2456 Sie
953 2393 1011 2453 uns
1038 2390 1112 2450 aber
1134 2387 1203 2447 nach

206 2467 304 2527 diesem
344 2460 571 2520 mislungenen
605 2446 754 2506 Projekte
778 2448 827 2508 die
855 2444 988 2504 Gefahr
1011 2437 1193 2497 beherzigen

204 2517 257 2577 der
284 2515 331 2575 sich
358 2515 400 2575 ein
427 2508 538 2568 junges
565 2497 836 2557 Frauenzimmer
858 2495 915 2555 auf
942 2491 990 2551 dem
1033 2485 1213 2545 Tanzsaale

200 2564 358 2624 aussetzt,
386 2562 423 2622 um
462 2556 511 2616 die
533 2548 636 2608 Frage
664 2545 691 2605 zu
719 2545 942 2605 entscheiden:
976 2537 1013 2597 ob
1047 2536 1095 2596 der
1118 2536 1210 2596 Tanz

204 2614 289 2674 einem
332 2612 444 2672 jungen
477 2598 743 2658 Frauenzimmer
770 2596 945 2656 vorzüglich
973 2590 1004 2650 zu
1032 2584 1207 2644 empfehlen

213 2667 287 2727 sey?
317 2658 450 2718 Stellen
479 2649 549 2709 Sie
573 2645 618 2705 sich
648 2643 687 2703 ein
723 2646 838 2706 junges
868 2643 1030 2703 Mädchen
1060 2638 1082 2698 in
1112 2633 1198 2693 einem

202 2718 336 2778 Haufen
362 2707 423 2767 von
454 2697 644 2757 Versuchern
669 2692 756 2752 vor,
775 2692 823 2752 wo
849 2694 897 2754 ihr
922 2691 977 2751 auf
1002 2689 1026 2749 so
1052 2684 1217 2744 mancher=

211 2775 256 2835 ley
284 2762 385 2822 Weise
409 2752 572 2812 zugerufen
606 2743 707 2803 wird:
736 2741 792 2801 das
821 2744 894 2804 alles
928 2742 995 2802 will
1019 2739 1057 2799 ich
1086 2736 1136 2796 dir
1165 2734 1216 2794 ge¬

203 2825 289 2885 ben,
315 2819 339 2879 so
364 2812 401 2872 du
426 2807 506 2867 mich
532 2796 736 2856 niederfallen
774 2793 835 2853 und
867 2793 928 2853 dich
960 2791 1089 2851 anbeten
1127 2784 1214 2844 läßt.

209 2875 364 2935 Nehmen
405 2859 480 2919 Sie
514 2852 581 2912 eine
616 2847 744 2907 gewisse
772 2845 996 2905 Zerstreuung
1037 2842 1090 2902 von
1132 2838 1206 2898 allen

1238 1258 1361 1318 Seiten
1392 1255 1467 1315 her,
1493 1253 1633 1313 Musik,
1658 1251 1787 1311 hitziges
1818 1249 2012 1309 Getränke,
2037 1251 2101 1311 eine
2125 1249 2248 1309 Sünd¬

1236 1306 1312 1366 fluth
1349 1306 1405 1366 von
1442 1300 1761 1360 Schmeicheleyen,
1792 1297 1848 1357 von
1885 1300 1977 1360 denen
2019 1298 2085 1358 eine
2112 1297 2240 1357 jegliche

1229 1349 1293 1409 wie
1316 1351 1386 1411 man
1414 1351 1506 1411 sagt,
1529 1350 1561 1410 es
1594 1348 1691 1408 rings
1719 1348 1795 1408 ums
1823 1348 1904 1408 Herz
1938 1345 1991 1405 der
2020 1347 2177 1407 Mädchen
2216 1348 2237 1408 so

1228 1398 1316 1458 warm
1358 1399 1477 1459 macht,
1503 1399 1549 1459 als
1576 1399 1664 1459 wenn
1690 1396 1752 1456 wir
1773 1396 1799 1456 im
1841 1396 1970 1456 Winter
1992 1393 2017 1453 in
2049 1396 2142 1456 diesen
2173 1396 2245 1456 nor¬

1237 1449 1350 1509 dischen
1388 1446 1567 1506 Gegenden
1611 1449 1654 1509 ein
1692 1446 1870 1506 Schälchen
1915 1443 1947 1503 zu
1980 1443 2044 1503 uns
2089 1443 2245 1503 nehmen.

1234 1499 1325 1559 Noch
1358 1500 1472 1560 mehr,
1500 1497 1587 1557 laßen
1614 1494 1684 1554 Sie
1712 1494 1761 1554 die
1783 1491 2103 1551 Keuschheitswache
2131 1491 2152 1551 in
2185 1494 2233 1554 den

1228 1548 1399 1608 würdigen
1425 1545 1592 1605 Personen
1623 1545 1673 1605 des
1699 1543 1789 1603 Hrn.
1810 1542 1956 1602 Papas,
1987 1542 2037 1602 der
2068 1539 2093 1599 in
2134 1542 2220 1602 einem

1236 1599 1466 1659 vertraulichen
1502 1596 1717 1656 Triumvivat
1738 1593 1818 1653 über
1839 1590 1883 1650 die
1909 1590 2079 1650 Zeitungen
2110 1590 2230 1650 votiren

1232 1646 1325 1706 läßt,
1359 1646 1419 1706 und
1453 1646 1502 1706 der
1530 1646 1613 1706 Frau
1647 1643 1796 1703 Mama,
1829 1642 1878 1702 die
1907 1640 1962 1700 alle
1985 1640 2117 1700 Sachen
2151 1643 2239 1703 ihrer

1239 1754 1285 1814 ter
1306 1753 1509 1813 Lästerinnen
1544 1751 1597 1811 zum
1631 1748 1766 1808 Ausruf
1787 1748 1901 1808 bringt
1916 1747 1976 1807 und
2011 1745 2071 1805 mit
2099 1745 2152 1805 dem
2200 1748 2253 1808 ar¬

1241 1801 1306 1861 men
1337 1799 1451 1859 Weibe
1470 1799 1553 1859 nicht
1578 1798 1692 1858 anders
1717 1796 1872 1856 umgeht,
1891 1796 1939 1856 als
1970 1797 2059 1857 wenn
2084 1795 2125 1855 ein
2156 1793 2246 1853 Con¬

1234 1882 1304 1942 Sie
1337 1884 1407 1944 sage
1440 1885 1521 1945 ich,
1559 1884 1645 1944 diese
1679 1885 2004 1945 Keuschheitswache
2042 1886 2112 1946 voll
2151 1891 2242 1951 süßer

1236 1930 1564 1990 Gleichgültigkeit,
1602 1930 1681 1990 über
1718 1929 1771 1989 die
1809 1930 2020 1990 obwaltende
2058 1936 2237 1996 Situation

1235 2033 1347 2093 mussen
1376 2028 1404 2088 es
1433 2030 1518 2090 nicht
1536 2028 1626 2088 Fälle
1650 2028 1763 2088 geben,
1792 2028 1837 2088 wo
1861 2028 1956 2088 dieses
1986 2031 2145 2091 Mädchen
2174 2034 2224 2094 dem

1237 2133 1309 2193 kann
1343 2130 1381 2190 ein
1409 2130 1581 2190 deutliches
1610 2130 1671 2190 und
1699 2130 1910 2190 aufrichtiges
1933 2127 2077 2187 Jawort
2106 2130 2139 2190 in
2178 2133 2244 2193 die

1239 2231 1321 2291 diese
1344 2231 1443 2291 meine
1466 2229 1566 2289 Feder
1589 2230 1616 2290 in
1644 2231 1693 2291 den
1716 2231 1837 2291 dicksten
1866 2231 2081 2291 Herbstnebel
2099 2231 2248 2291 tauchen,

1238 2282 1271 2342 um
1317 2279 1362 2339 die
1380 2279 1493 2339 Stelle
1516 2279 1538 2339 in
1562 2282 1669 2342 Ihrer
1687 2282 1908 2342 Abhandlung
1932 2282 1959 2342 zu
1994 2284 2198 2344 verfinstern,
2210 2282 2238 2342 in

1235 2332 1365 2392 welcher
1388 2327 1456 2387 Sie
1480 2330 1530 2390 den
1554 2332 1644 2392 Tanz
1668 2333 1718 2393 als
1742 2333 1809 2393 eine
1827 2333 2049 2393 Gelegenheit
2066 2333 2094 2393 zu
2129 2333 2242 2393 noth¬

1236 2381 1458 2441 wendigen
1502 2381 1740 2441 Bewegungen
1779 2384 1833 2444 dem
1882 2382 2012 2442 schönen
2056 2383 2240 2443 Geschlecht

1238 2429 1429 2489 aufdringen
1467 2432 1609 2492 wollen;
1643 2435 1732 2495 wenn
1770 2432 1812 2492 ich
1855 2432 1929 2492 nota
1961 2430 2040 2490 bene
2073 2429 2168 2489 selbst
2195 2429 2237 2489 ein

1248 2479 1409 2539 Mädchen
1438 2479 1548 2539 hätte,
1572 2483 1634 2543 und
1664 2482 1750 2542 sagen
1786 2482 1849 2542 Sie
1884 2479 1935 2539 auf
1965 2476 2040 2536 Jhr
2063 2478 2247 2538 Gewissen,

1247 2530 1360 2590 könnte
1383 2527 1479 2587 dieses
1502 2530 1575 2590 gute
1598 2533 1682 2593 Kind
1711 2533 1857 2593 (welchem
1898 2527 2016 2587 hiemit
2028 2526 2106 2586 Heil
2124 2529 2191 2589 sey,
2209 2529 2242 2589 sie

1248 2579 1334 2639 ziehe
1352 2575 1420 2635 Luft
1438 2578 1484 2638 wo
1502 2580 1536 2640 sie
1560 2584 1675 2644 wolle)
1687 2583 1768 2643 nicht
1792 2578 1820 2638 zu
1844 2578 1924 2638 Fuße
1948 2575 1970 2635 in
2000 2577 2051 2637 die
2075 2578 2184 2638 Kirche
2202 2578 2247 2638 ge¬

1244 2629 1321 2689 hen,
1327 2629 1409 2689 ihren
1432 2632 1531 2692 Caffee
1548 2632 1758 2692 peripatetisch
1781 2626 1896 2686 trinken
1919 2624 1990 2684 oder
2008 2626 2167 2686 allenfalls
2190 2629 2250 2689 mit

1238 2676 1325 2736 ihrem
1369 2678 1576 2738 Geschwister
1604 2679 1690 2739 Ball
1707 2676 1866 2736 schlagen,
1883 2676 1969 2736 wenn
2003 2676 2035 2736 sie
2057 2676 2253 2736 Bewegun¬

1250 2730 1300 2790 gen
1329 2727 1470 2787 bedarf?
1499 2730 1590 2790 Doch
1619 2730 1647 2790 da
1670 2729 1709 2789 ich
1733 2727 1851 2787 leider!
1875 2726 1954 2786 ohne
1977 2726 2130 2786 Mädchen
2153 2724 2175 2784 in
2204 2726 2249 2786 der

1245 2778 1335 2838 Welt
1364 2779 1449 2839 bin,
1489 2782 1517 2842 so
1546 2781 1648 2841 bleibt
1683 2776 1779 2836 dieser
1809 2775 2013 2835 Paragraph
2048 2775 2104 2835 das
2139 2775 2246 2835 schöne

1258 2830 1439 2890 Geschlecht
1460 2835 1647 2895 betreffend,
1668 2832 1693 2892 in
1726 2829 1830 2889 Jhrer
1851 2829 2071 2889 Abhandlung
2091 2824 2116 2884 in
2143 2824 2240 2884 seinen

2164 2875 2259 2935 voll¬
