2479 3508
217 374 279 434 sind
308 371 506 431 verschiedne
529 366 625 426 reiche
648 361 739 421 Leute
768 360 914 420 daselbst,
943 355 988 415 die
1011 354 1062 414 sich
1091 357 1147 417 mit
1164 354 1215 414 ihm

219 422 403 482 eingelaßen
437 417 567 477 haben,
606 413 670 473 eine
698 410 812 470 Probe
845 407 948 467 seiner
971 404 1079 464 Kunst
1107 403 1134 463 zu
1172 403 1242 463 ma¬

389 467 509 527 Sollte
540 462 570 522 es
601 461 777 521 angehen,
819 456 844 516 so
880 455 970 515 wäre
996 455 1031 515 es
1062 454 1101 514 ein
1138 453 1238 513 neuer

213 473 314 533 chen.

221 518 566 578 Handlungsartickel
587 512 639 572 für
661 509 846 569 England,
873 503 1048 563 besonders
1086 503 1122 563 da
1149 503 1233 563 Reis

225 574 322 634 genug
349 569 374 629 in
406 569 458 629 den
494 562 665 622 englischen
691 560 878 620 Plantagen
910 557 1039 617 wächst.
1086 554 1168 614 Wir
1200 549 1246 609 er¬

223 622 323 682 halten
359 618 419 678 aus
445 615 632 675 Frankreich
658 610 728 670 eine
749 607 850 667 andre
875 604 1078 664 Neuigkeit,
1113 601 1163 661 die
1184 600 1244 660 un¬

226 670 289 730 srev
311 665 538 725 Betrachtung
565 660 692 720 würdig
719 658 777 718 ist.
825 655 915 715 Man
942 652 1074 712 schreibt
1091 651 1153 711 uns
1181 648 1238 708 aus

222 718 397 778 Cherburg
424 715 513 775 unter
540 712 593 772 dem
636 707 726 767 10ten
758 706 880 766 dieses,
907 702 965 762 das
992 700 1044 760 auf
1072 700 1129 760 das
1167 697 1235 757 nach

231 766 342 826 Paris
363 764 569 824 gekommene
596 757 764 817 Gerücht,
791 753 848 813 daß
881 753 938 813 von
976 751 1102 811 unserer
1129 746 1250 806 Regie¬

221 818 308 878 rung
335 814 356 874 in
390 815 438 875 den
471 808 584 868 Inseln
618 807 785 867 Guernsey
813 803 872 863 und
900 801 1013 861 Jersey
1046 798 1247 858 Zollbedien¬

225 867 255 927 te
282 867 405 927 gesetzet
426 861 549 921 werden
581 855 704 915 sollten,
725 852 781 912 wie
808 852 838 912 es
865 852 936 912 denn
968 849 1101 909 wirklich
1128 844 1246 904 gesche¬

232 918 287 978 hen
315 915 386 975 soll,
404 912 458 972 das
487 908 691 968 französische
714 900 929 960 Ministerium
974 900 1001 960 zu
1029 900 1111 960 einem
1151 894 1250 954 Frey¬

225 966 323 1026 hafen
350 963 377 1023 zu
405 961 551 1021 machen.
611 954 730 1014 Sollte
758 951 855 1011 dieses
888 948 1024 1008 wirklich
1062 945 1252 1005 geschehen,

235 1015 260 1075 so
286 1014 410 1074 dürften
437 1007 513 1067 viele
540 1001 746 1061 Einwohner
773 998 824 1058 der
845 996 1010 1056 gedachten
1047 993 1160 1053 Inseln
1192 989 1248 1049 mit

231 1063 325 1123 ihren
358 1057 489 1117 Effecten
521 1051 589 1111 nach
616 1046 799 1106 Frankreich
826 1043 952 1103 ziehen.
1000 1040 1089 1100 Wan
1122 1039 1247 1099 schätzet

237 1110 286 1170 die
309 1108 336 1168 in
364 1100 630 1160 gegenwärtigem
670 1094 764 1154 Jahr
792 1089 864 1149 bloß
898 1086 952 1146 von
986 1088 1158 1148 englischen
1192 1088 1258 1148 Un¬

236 1159 406 1219 terthanen
449 1151 522 1211 nach
565 1148 644 1208 Rom
698 1142 867 1202 gebrachte
900 1136 1138 1196 Geldsummen
1176 1136 1249 1196 über

240 1209 326 1269 9000
359 1205 423 1265 Pf.
445 1201 563 1261 Sterl.
580 1198 644 1258 und
667 1196 725 1256 sind
753 1191 823 1251 noch
850 1190 877 1250 in
910 1187 1001 1247 dieser
1023 1186 1142 1246 Woche
1164 1184 1255 1244 aber¬

237 1260 325 1320 mals
348 1255 457 1315 11000
480 1252 546 1312 Pf.
558 1247 662 1307 wovon
701 1245 750 1305 der
779 1241 894 1301 größte
911 1237 1010 1297 Theil
1033 1237 1087 1297 zur
1105 1234 1259 1294 Auskau¬

238 1311 318 1371 fung
342 1305 509 1365 römischer
533 1298 788 1358 Originalstücke
812 1291 974 1351 bestimmt
992 1291 1037 1351 ist,
1055 1288 1258 1348 übermacht.

453 1349 710 1409 Neapolis,
742 1345 799 1405 den
837 1345 899 1405 14.
932 1340 1041 1400 Sept.

290 1404 386 1464 Unser
414 1399 548 1459 Envoye
570 1395 624 1455 bey
652 1396 700 1456 der
722 1392 1008 1452 Ottomannischen
1036 1388 1154 1448 Pforte
1187 1387 1257 1447 Hr.

234 1454 381 1514 Wilhelm
420 1446 474 1506 von
507 1446 622 1506 Ludolf
639 1443 699 1503 hat
721 1443 770 1503 den
798 1440 868 1500 Hof
885 1440 912 1500 in
946 1440 1027 1500 einem
1066 1437 1245 1497 Schreiben

236 1506 289 1566 vom
338 1504 438 1564 24sten
471 1500 572 1560 Julii
588 1494 859 1554 benachrichtigt,
887 1487 945 1547 daß
977 1488 1030 1548 ihm
1079 1485 1158 1545 zwey
1196 1487 1259 1547 un¬

241 1554 318 1614 serer
352 1551 540 1611 Fahrzeuge
580 1545 668 1605 nebst
691 1539 786 1599 ihrer
826 1539 953 1599 Lrdung
987 1536 1048 1596 und
1082 1536 1253 1596 Equipage

241 1602 356 1662 wieder
382 1599 599 1659 ausgeliefert
615 1590 741 1650 worden
772 1590 857 1650 sind,
883 1589 999 1649 welche
1025 1587 1050 1647 in
1081 1587 1131 1647 dem
1177 1587 1262 1647 Tür¬

243 1652 349 1712 kischen
381 1646 519 1706 Gebiete
546 1642 816 1702 Tripolitanische
843 1637 1055 1697 Freybeuter,
1077 1634 1124 1694 dem
1167 1631 1257 1691 Frie¬

244 1700 429 1760 densschluß
455 1691 621 1751 zuwider,
646 1688 701 1748 der
722 1685 867 1745 zwischen
898 1682 948 1742 der
969 1682 1079 1742 Krone
1110 1681 1164 1741 der
1190 1679 1260 1739 bey¬

240 1745 292 1805 den
327 1742 471 1802 Sicilien
506 1737 563 1797 und
593 1733 645 1793 der
665 1727 786 1787 Pforte
810 1725 975 1785 bestehet,
995 1724 1269 1784 hinweggenom¬

245 1790 311 1850 men
343 1787 471 1847 hatten.
524 1778 596 1838 Die
622 1772 937 1832 Friedenstractaten
979 1768 1041 1828 sind
1072 1769 1123 1829 bey
1160 1766 1258 1826 dieser

248 1838 475 1898 Gelegenheit
497 1828 610 1888 wieder
637 1827 787 1887 erneuret
813 1819 958 1879 worden.

521 1881 711 1941 Genua,
735 1876 792 1936 den
827 1873 867 1933 1.
891 1870 1006 1930 Sept.

298 1936 371 1996 Die
400 1936 501 1996 letzten
536 1932 779 1992 Nachrichten,
808 1924 927 1984 welche
956 1924 1011 1984 wir
1041 1924 1097 1984 aus
1132 1921 1255 1981 Corsica

245 1992 389 2052 erhalten
416 1987 549 2047 haben,
576 1984 637 2044 sind
664 1978 916 2038 angenehmer,
948 1975 999 2035 als
1031 1972 1082 2032 die
1113 1972 1170 2032 wir
1201 1972 1258 2032 vor

250 2041 371 2101 einiger
404 2037 478 2097 Zeit
505 2031 711 2091 empfingen.
770 2025 849 2085 Wir
881 2024 976 2084 haben
1014 2022 1109 2082 unter
1136 2020 1257 2080 andern

251 2091 312 2151 mit
333 2091 421 2151 einer
442 2085 582 2145 Barque
603 2080 659 2140 aus
691 2076 810 2136 Bastia
842 2073 903 2133 und
935 2075 997 2135 mit
1028 2073 1110 2133 einem
1153 2070 1271 2130 Tosca¬

251 2140 370 2200 nischen
409 2133 566 2193 Schiffe,
605 2131 663 2191 das
697 2127 756 2187 von
789 2124 935 2184 Centuri
958 2121 1050 2181 kam,
1083 2121 1137 2181 die
1165 2121 1272 2181 Nach¬

253 2192 333 2252 richt
359 2184 571 2244 bekommen,
597 2178 652 2238 daß
683 2178 728 2238 die
749 2175 936 2235 Pinquen,
962 2171 1078 2231 welche
1104 2171 1159 2231 von
1200 2169 1265 2229 hier

258 2237 324 2297 nach
363 2234 434 2294 St.
457 2226 612 2286 Fiorenzo
646 2226 811 2286 bestimmt
839 2223 1010 2283 gewesen,
1055 2220 1104 2280 die
1133 2218 1265 2278 Schiffe

258 2285 310 2345 des
337 2280 448 2340 Paoli
470 2277 698 2337 angegriffen,
730 2270 846 2330 welche
874 2270 905 2330 in
938 2270 990 2330 der
1017 2267 1181 2327 Einfahrt
1208 2267 1260 2327 des

254 2330 476 2390 Meerbusens
508 2324 654 2384 besagten
685 2321 771 2381 Orts
802 2321 979 2381 kreuzten,
1015 2318 1081 2378 und
1112 2318 1248 2378 nachdem

264 2386 297 2446 sie
320 2381 433 2441 selbige
456 2373 512 2433 von
541 2372 557 2432 6
586 2371 648 2431 Uhr
671 2369 727 2429 des
750 2369 879 2429 Abends
908 2369 970 2429 an,
1010 2367 1060 2427 bis
1095 2366 1128 2426 um
1180 2368 1269 2428 Mit¬

258 2434 406 2494 ternacht
424 2422 617 2482 beschossen,
645 2420 700 2480 das
723 2417 833 2477 größte
856 2420 955 2480 davon
984 2417 1177 2477 genommen
1210 2416 1271 2476 ha¬

259 2484 344 2544 ben,
367 2480 429 2540 und
458 2475 491 2535 da
521 2473 565 2533 die
589 2469 719 2529 Stärke
743 2464 828 2524 ihres
851 2467 970 2527 Feuers
999 2467 1044 2527 die
1068 2465 1186 2525 andern
1221 2464 1272 2524 ge¬

263 2533 412 2593 zwungen
452 2526 503 2586 sich
537 2518 836 2578 zurückzuziehen,
876 2515 901 2575 so
934 2518 1031 2578 haben
1065 2515 1103 2575 sie
1130 2515 1181 2575 sich
1215 2515 1259 2575 der

262 2581 482 2641 Gelegenheit
502 2571 673 2631 bedienet,
699 2566 759 2626 und
785 2563 834 2623 den
872 2566 1049 2626 Succurs,
1075 2566 1129 2626 den
1161 2566 1197 2626 sie
1222 2563 1258 2623 an

262 2629 354 2689 Bord
379 2629 483 2689 hatten
515 2624 539 2684 in
564 2623 631 2683 St.
644 2614 804 2674 Fiorenzo
823 2614 1007 2674 geworfen.
1058 2611 1137 2671 Wir
1162 2614 1254 2674 haben

262 2682 318 2742 bey
344 2676 437 2736 diesem
481 2670 619 2730 Vorfall
633 2668 701 2728 eine
727 2663 870 2723 Feluque
889 2661 952 2721 mit
972 2664 1096 2724 Pulver
1122 2664 1278 2724 beladen,

263 2729 477 2789 eingebüßet,
491 2723 601 2783 welche
622 2720 647 2780 in
680 2718 732 2778 den
759 2709 875 2769 Grund
902 2712 1065 2772 geschossen
1092 2715 1241 2775 worden.

491 2771 718 2831 Bologna,
751 2763 804 2823 den
843 2757 907 2817 11.
930 2758 1043 2818 Sept.

315 2824 401 2884 Man
431 2823 494 2883 hat
518 2820 575 2880 aus
612 2816 686 2876 Rom
728 2808 907 2868 Nachricht
937 2811 1105 2871 erhalten,
1134 2809 1186 2869 daß
1216 2810 1267 2870 der

259 2878 321 2938 alte
344 2874 452 2934 Ritter
481 2867 537 2927 von
566 2864 640 2924 St.
658 2864 766 2924 Georg
801 2861 834 2921 am
886 2855 960 2915 4ten
995 2855 1091 2915 dieses
1121 2861 1268 2921 Monats

259 2927 314 2987 von
342 2923 425 2983 einem
470 2915 692 2975 Schlagflusse
715 2912 848 2972 befallen
882 2903 1031 2963 worden,
1043 2909 1098 2969 und
1127 2911 1182 2971 daß
1210 2909 1271 2969 we¬

256 2975 309 3035 nig
339 2972 499 3032 Hofnung
523 2969 552 3029 zu
582 2966 676 3026 seinem
719 2960 931 3020 Aufkommen
962 2957 1026 3017 sey.

1468 353 1729 413 Warschau,
1759 357 1809 417 den
1845 354 1912 414 11.
1936 351 2100 411 October.

1322 398 1398 458 Die
1432 401 1498 461 mit
1521 404 1570 464 der
1598 407 1802 467 lithauischen
1841 404 2018 464 vereinigte
2041 395 2289 455 Generalkron¬

1277 452 1516 512 conföderation
1546 452 1602 512 hat
1626 456 1676 516 das
1700 455 1813 515 wieder
1837 455 1888 515 den
1928 452 2059 512 Fürsten
2094 447 2293 507 Radziwill,

1280 501 1483 561 Woywoden
1512 503 1567 563 von
1595 503 1705 563 Wilda
1739 503 1854 563 gefälte
1878 503 2004 563 Decret
2022 499 2209 559 bestätiget,
2226 497 2286 557 und

1277 551 1418 611 obgleich
1447 551 1497 611 sich
1526 552 1605 612 viele
1634 554 1803 614 besonders
1837 554 1888 614 der
1922 554 2007 614 Herr
2036 551 2114 611 Pod
2143 545 2290 605 Starost

1282 598 1336 658 von
1365 599 1475 659 Ziolow
1514 601 1685 661 bemühet,
1702 601 1801 661 dieses
1830 601 1951 661 Decret
1963 601 2006 661 wo
2035 600 2117 660 nicht
2140 597 2278 657 gänzlich

1282 649 1481 709 aufzuheben
1515 649 1584 709 doch
1617 651 1811 711 wenigstens
1845 652 1876 712 zu
1910 649 2071 709 mildern,
2094 649 2121 709 so
2154 649 2191 709 ist
2218 646 2283 706 doch

1282 697 1359 757 keine
1391 699 1682 759 Verabänderung
1709 703 1739 763 zu
1771 703 1906 763 erhalten
1938 700 2099 760 gewesen,
2130 700 2291 760 vielmehr

1282 748 1339 808 hat
1361 748 1487 808 besagte
1509 748 1761 808 Conföderation
1794 751 1841 811 die
1862 751 2078 811 Verwaltung
2110 751 2184 811 aller
2216 745 2294 805 Gü¬

1276 796 1324 856 ter
1347 798 1487 858 besagten
1515 798 1693 858 Fürstens,
1716 801 1769 861 dem
1813 798 1916 858 Herrn
1954 798 2143 858 Czeruechi,
2171 797 2295 857 Castel¬

1282 846 1329 906 lan
1362 846 1414 906 von
1447 849 1590 909 Braclaw
1633 849 1840 909 übergeben;
1862 846 1909 906 des
1936 849 2069 909 Fürsten
2096 846 2292 906 Czartorys¬

1280 896 1320 956 ki,
1351 897 1522 957 Generals
1553 897 1614 957 von
1650 900 1816 960 Podolien
1853 899 2004 959 Durchl.
2025 897 2151 957 werden
2192 897 2293 957 dieser

1291 944 1399 1004 Tagen
1427 946 1497 1006 nach
1530 948 1670 1008 Reussen
1709 947 1768 1007 auf
1801 948 1920 1008 dasigen
1959 948 2105 1008 Landtag
2138 945 2295 1005 abreisen,

1287 992 1356 1052 nach
1387 992 1578 1052 vollendeter
1604 992 1764 1052 Krönuug
1791 992 1860 1052 aber
1886 994 1976 1054 sollen
1997 995 2042 1055 sich
2067 995 2137 1055 Se.
2153 995 2298 1055 Durchl.

1285 1038 1350 1098 nach
1381 1040 1568 1100 Frankreich
1594 1040 1750 1100 begeben,
1776 1040 1877 1100 einige
1898 1040 1989 1100 sagen
2020 1040 2044 1100 in
2076 1043 2303 1103 Privataffai¬

1287 1088 1365 1148 ren,
1390 1088 1502 1148 andere
1527 1088 1600 1148 aber
1626 1088 1733 1148 wollen
1763 1088 1964 1148 behaupten,
1985 1087 2033 1147 daß
2063 1085 2136 1145 Se.
2151 1087 2298 1147 Durchl.

1293 1136 1372 1196 diese
1394 1136 1488 1196 Reise
1515 1136 1578 1196 mit
1594 1136 1646 1196 dem
1700 1139 1879 1199 Charakter
1912 1136 2001 1196 eines
2033 1136 2302 1196 bevollmächtig¬

1288 1187 1339 1247 ten
1365 1187 1556 1247 Gesandten
1582 1190 1726 1250 antreten
1757 1190 1907 1250 werden.
1954 1187 2030 1247 Der
2063 1186 2155 1246 Herr
2186 1184 2304 1244 Groß¬

1294 1237 1510 1297 schatzmeister
1549 1237 1602 1297 von
1646 1240 1797 1300 Lithauen
1835 1237 1964 1297 Grafen
2003 1237 2056 1297 von
2095 1237 2305 1297 Flemming,

1295 1291 1349 1351 sinb
1378 1291 1572 1351 entschlossen
1600 1291 1661 1351 mit
1684 1291 1828 1351 Königl.
1845 1290 1990 1350 Consens
2012 1291 2062 1351 der
2090 1288 2184 1348 ihnen
2207 1290 2295 1350 gleich

1293 1341 1361 1401 nach
1389 1342 1441 1402 der
1463 1342 1626 1402 Krönung
1653 1342 1710 1402 soll
1732 1342 1885 1402 ertheilet
1901 1339 2049 1399 werden,
2076 1339 2133 1399 das
2166 1339 2302 1399 lithaui¬

1294 1393 1352 1453 sche
1379 1393 1776 1453 Großschatzmeisteramt
1803 1390 1856 1450 dem
1905 1387 2010 1447 Herrn
2048 1387 2307 1447 Brzostowski,

1294 1440 1521 1500 Stallmeister
1548 1440 1607 1500 und
1639 1440 1824 1500 Marschall
1846 1437 1893 1497 der
1915 1437 2121 1497 lithauischen
2148 1434 2307 1494 Conföde¬

1293 1491 1393 1551 ration
1418 1491 1469 1551 vor
1490 1491 1631 1551 300000
1651 1488 1807 1548 polnische
1828 1485 1953 1545 Gulden
1985 1485 2186 1545 abzutreten,
2202 1485 2297 1545 ausser

1292 1539 1386 1599 diesem
1429 1539 1487 1599 hat
1509 1539 1556 1599 sich
1588 1539 1725 1599 letzterer
1752 1538 1821 1598 noch
1848 1536 2027 1596 anheischig
2049 1536 2212 1596 gemacht,
2229 1536 2297 1596 eine

1297 1590 1417 1650 gewisse
1438 1590 1569 1650 Schuld
1595 1590 1649 1650 von
1675 1589 1806 1649 200000
1837 1586 1963 1646 Gulden
1989 1584 2210 1644 abzutragen,
2231 1584 2291 1644 und

1294 1635 1349 1695 wie
1369 1637 1531 1697 verlauten
1557 1637 1613 1697 wil
1629 1637 1653 1697 so
1674 1637 1730 1697 soll
1751 1634 1796 1694 die
1811 1631 2080 1691 Woywodschaft
2101 1631 2156 1691 von
2177 1631 2308 1691 Wilda,

1298 1685 1350 1745 der
1374 1682 1465 1742 Graf
1485 1682 1647 1742 Oginski,
1667 1679 1902 1739 Feldnotarius
1936 1676 1992 1736 von
2027 1679 2213 1739 Lithauen,
2238 1678 2314 1738 wel¬

1299 1727 1362 1787 cher
1385 1724 1531 1784 ehestens
1559 1723 1613 1783 von
1641 1721 1741 1781 seiner
1764 1721 2001 1781 Gesandschaft
2024 1722 2078 1782 aus
2097 1721 2302 1781 Petersburg

1298 1769 1460 1829 eintreffen
1494 1769 1588 1829 wird,
1603 1769 1765 1829 erhalten.
1818 1768 1861 1828 Am
1904 1766 2114 1826 verwichenen
2148 1769 2300 1829 Freytage

1300 1822 1447 1882 versielen
1481 1822 1531 1882 des
1555 1820 1685 1880 Fürsten
1719 1819 1860 1879 Primas
1900 1819 2053 1879 Durchl.
2070 1817 2092 1877 in
2121 1819 2205 1879 einer
2229 1819 2307 1879 Ent¬

1298 1876 1479 1936 zündung,
1508 1873 1632 1933 Reissen
1684 1873 1723 1933 am
1774 1870 1864 1930 Leibe
1899 1870 1961 1930 und
2007 1870 2295 1930 Steinschmerzen

1300 1927 1407 1987 plölich
1436 1924 1464 1984 in
1492 1925 1560 1985 eine
1583 1924 1775 1984 gefährliche
1804 1924 2001 1984 Krankheit,
2030 1924 2092 1984 und
2115 1924 2216 1984 hatten
2251 1924 2295 1984 sich

1304 1977 1380 2037 schon
1417 1975 1561 2035 würklich
1598 1975 1654 2035 zum
1706 1972 1793 2032 Tode
1825 1974 2026 2034 zubereitet,
2052 1972 2222 2032 zumahlen
2259 1972 2305 2032 die

1299 2025 1404 2085 Herrn
1447 2025 1585 2085 Medici
1622 2023 1686 2083 alle
1724 2023 1893 2083 Hoffnung
1936 2021 2131 2081 aufgegeben
2175 2020 2312 2080 hatten;

1303 2076 1383 2136 Seit
1405 2073 1522 2133 gestern
1555 2070 1624 2130 aber
1651 2072 1709 2132 hat
1726 2070 1757 2130 es
1790 2072 1838 2132 sich
1866 2070 1918 2130 zur
1951 2070 2133 2130 Besserung
2171 2068 2320 2128 angelas¬

1301 2126 1369 2186 sen,
1386 2124 1449 2184 und
1476 2122 1502 2182 es
1529 2121 1661 2181 schienen
1693 2120 1772 2180 schon
1805 2121 1879 2181 Se.
1890 2121 2033 2181 Durchl.
2054 2121 2154 2181 ausser
2176 2118 2308 2178 Gefahr

1298 2180 1326 2240 zu
1355 2173 1446 2233 seyn.
1498 2169 1577 2229 Se.
1589 2169 1738 2229 Durchl.
1767 2169 1817 2229 der
1847 2167 1943 2227 Fürst
1961 2169 2189 2229 Lubomirski,
2207 2169 2315 2229 Kron¬

1303 2220 1567 2280 Untertruchses,
1584 2219 1725 2279 befinden
1752 2217 1800 2277 sich
1828 2217 1996 2277 gleichfals
2018 2218 2044 2278 in
2077 2217 2147 2277 dero
2169 2217 2298 2277 Gütern

1301 2272 1365 2332 sehr
1388 2270 1501 2330 krank,
1518 2267 1577 2327 und
1605 2267 1654 2327 der
1676 2267 1762 2327 Herr
1784 2267 1947 2327 Woywod
1969 2264 2029 2324 von
2062 2267 2186 2327 Kyow,
2214 2266 2305 2326 Graf

1311 2321 1468 2381 Potocki,
1485 2318 1571 2378 sieng
1605 2315 1685 2375 schon
1718 2318 1756 2378 an
1795 2318 1821 2378 zu
1854 2315 2011 2375 genesen.
2061 2315 2136 2375 Se.
2164 2315 2240 2375 Erl.
2257 2315 2310 2375 der

1309 2373 1392 2433 Herr
1415 2369 1569 2429 Castellan
1603 2363 1659 2423 von
1687 2369 1831 2429 Cracau,
1865 2360 2214 2420 Krongroßfeldherr,
2243 2366 2308 2426 sind

1309 2423 1386 2483 schon
1414 2417 1552 2477 wirklich
1581 2414 1636 2474 aus
1664 2415 1775 2475 Tyage
1797 2417 1820 2477 in
1854 2413 2075 2473 Cracauischen
2120 2414 2192 2474 nach
2220 2416 2314 2476 Bia¬

1307 2470 1406 2530 listock
1434 2464 1622 2524 abgereiset,
1639 2461 1666 2521 zu
1700 2467 1788 2527 dessen
1816 2462 1971 2522 Assistenz
1993 2461 2059 2521 dero
2093 2464 2192 2524 beyde
2215 2464 2314 2524 Regi¬

1310 2520 1430 2580 menter
1459 2512 1651 2572 Infanterie
1674 2512 1734 2572 und
1762 2515 1944 2575 Cavallerie
1972 2509 2110 2569 daselbst
2138 2515 2314 2575 eingetrof¬

1459 2568 1506 2628 In
1542 2560 1678 2620 hiesiger
1708 2563 1969 2623 Collegiatkirche
1999 2560 2028 2620 zu
2064 2563 2135 2623 St.
2165 2565 2300 2625 Johann

1307 2569 1382 2629 fen.

1312 2617 1389 2677 wird
1412 2617 1467 2677 zur
1490 2611 1651 2671 künftigen
1690 2614 1851 2674 Krönung
1891 2613 1930 2673 ein
1969 2611 2152 2671 prächtiges
2186 2611 2313 2671 Gerüst

1314 2667 1467 2727 gebauet,
1494 2660 1551 2720 und
1578 2659 1694 2719 hiesige
1716 2662 1826 2722 Stadt
1848 2661 1969 2721 machet
1991 2661 2048 2721 alle
2070 2661 2233 2721 Anstalten
2255 2661 2291 2721 um

1309 2716 1403 2776 dieses
1431 2712 1503 2772 Fest
1520 2709 1580 2769 mit
1598 2709 1670 2769 aller
1693 2714 1864 2774 möglichen
1887 2712 2009 2772 Pracht
2026 2714 2075 2774 bey
2098 2713 2308 2773 Erleuchtung

1306 2768 1385 2828 aller
1408 2763 1532 2823 Häuser
1556 2760 1583 2820 zu
1612 2763 1770 2823 begehen.

1304 2877 1398 2937 Diese
1416 2870 1551 2930 Gelehrte
1570 2873 1628 2933 und
1652 2873 1811 2933 Politische
1829 2876 1958 2936 Zeitung
1983 2874 2053 2934 wird
2077 2869 2129 2929 des
2154 2867 2306 2927 Montag=

1408 2916 1468 2976 und
1497 2918 1645 2978 Freytags
1668 2918 1689 2978 in
1712 2915 1761 2975 dem
1801 2918 1988 2978 Kanterschen
2022 2910 2198 2970 Buchladen

1702 2960 1919 3020 ausgegeben.
