2479 3508
249 325 302 385 dem
345 324 521 384 Schwerdt
546 324 648 384 etliche
673 321 781 381 Hiebe
806 321 830 381 in
861 321 908 381 die
927 321 1018 381 Luft,
1037 321 1091 381 und
1115 321 1163 381 die
1188 321 1272 381 Fah¬

249 375 308 435 nen
339 374 390 434 von
421 374 552 434 Pohlen
583 372 642 432 und
668 372 825 432 Lithauen
851 371 982 431 wurden
1013 369 1184 429 abgerollt,
1210 372 1270 432 und

257 425 323 485 jetzt
345 422 422 482 schon
456 422 588 482 fliegend
611 419 777 479 gehalten.
827 419 904 479 Der
932 422 1026 482 Fürst
1049 417 1192 477 Primas
1215 419 1258 479 rie

251 473 327 533 Sr.
351 475 451 535 Maj.
469 473 516 533 als
540 471 646 531 König
676 470 734 530 mit
753 467 841 527 einem
877 470 983 530 Vivat
1007 468 1089 528 aus,
1119 469 1183 529 und
1219 469 1272 529 die
1309 470 1473 530 geschoben
1503 470 1650 530 worden.
1704 474 1774 534 Auf
1792 476 1845 536 den
1876 476 1981 536 Abend
2005 473 2046 533 ist
2070 474 2123 534 bey
2159 473 2235 533 Sr.
2259 473 2329 533 Kö¬

254 526 356 586 ganze
389 521 501 581 Kirche
533 521 693 581 erschallte
720 520 822 580 davon
860 521 936 581 mit.
1015 518 1087 578 Die
1113 518 1268 578 Kanonen

256 572 386 632 wurden
428 572 569 632 gelöset,
605 571 665 631 und
707 569 767 629 das
808 569 858 629 Te
884 569 984 629 Deum
1036 569 1283 629 angestimmet.

256 622 335 682 Sr.
356 622 456 682 Maj.
476 622 601 682 wurden
632 619 752 679 darauf
777 618 962 678 nunmehro
998 619 1058 679 mit
1088 618 1138 678 der
1163 617 1273 677 Krone

248 674 313 734 auf
344 671 394 731 dem
440 673 582 733 Haupt,
608 670 673 730 mit
699 670 749 730 dem
800 668 916 728 Zepter
948 665 972 725 in
1008 667 1058 727 der
1089 667 1175 727 einen
1211 666 1271 726 und

254 724 309 784 dem
350 718 567 778 Reichsapfel
583 718 608 778 in
638 718 688 778 der
714 718 831 778 andern
862 718 977 778 Hand,
993 718 1054 778 und
1080 718 1200 778 anstatt
1221 714 1271 774 des

254 772 465 832 obgedachten
502 766 739 826 silberstücknen
776 768 930 828 Mantels
962 766 1023 826 mit
1055 766 1137 826 einem
1184 766 1282 826 roth¬

256 822 431 882 sammtnen
463 820 524 880 mit
546 817 716 877 Hermelin
742 816 1006 876 aufgeschlagnen
1038 816 1115 876 sonst
1136 813 1280 873 bekann¬

254 871 305 931 ten
336 870 481 930 Königl.
502 869 645 929 Mantel
662 865 878 925 angekleidet,
905 866 961 926 auf
982 864 1033 924 den
1070 864 1095 924 in
1132 864 1183 924 der
1204 863 1281 923 Kir¬

249 921 303 981 che
336 921 488 981 erbauten
526 918 710 978 prächtigen
755 915 868 975 Thron
912 913 1085 973 geführet,
1130 912 1276 972 woselbst

251 970 405 1030 dieselben
438 969 507 1029 noch
534 966 603 1026 eine
625 963 774 1023 Predigt
796 963 843 1023 des
865 963 1051 1023 Gnesischen
1079 963 1270 1023 Domherrn

254 1016 399 1076 Krasicki
420 1016 607 1076 anhörten,
639 1013 674 1073 da
707 1010 909 1070 unterdessen
946 1010 1002 1070 das
1024 1010 1106 1070 hohe
1133 1013 1216 1073 Amt
1242 1010 1272 1070 zu

265 1061 356 1121 Ende
378 1064 501 1124 gieng,
524 1064 593 1124 nach
631 1059 722 1119 dessen
761 1058 917 1118 Beschluß
950 1058 998 1118 die
1020 1058 1143 1118 Herren
1176 1058 1278 1118 Mar¬

260 1115 373 1175 schälle
395 1112 563 1172 abermals
586 1109 661 1169 Sr.
683 1109 824 1169 Königl.
841 1106 943 1166 Maj.
971 1109 1030 1169 mit
1053 1109 1134 1169 einem
1178 1107 1285 1167 Vivat

258 1216 421 1276 abermals
447 1213 492 1273 die
513 1210 675 1270 Kanonen
702 1207 820 1267 gelöset
840 1207 989 1267 wurden.
1023 1204 1172 1264 Hierauf
1193 1204 1277 1264 wur=
1311 1207 1434 1267 werden
1461 1210 1552 1270 Ihro
1579 1212 1741 1272 Majestät
1762 1213 1787 1273 in
1821 1210 2036 1270 höchsteigner
2069 1210 2193 1270 Person
2226 1211 2317 1271 Geld

256 1265 309 1325 den
336 1264 409 1324 Sr.
431 1261 531 1321 Maj.
548 1261 574 1321 in
607 1261 654 1321 dem
697 1258 930 1318 letztgedachten
957 1258 1084 1318 Anzuge
1106 1258 1169 1318 mit
1185 1255 1270 1315 Kror

264 1314 325 1374 und
352 1312 465 1372 Zepter
486 1309 604 1369 wieder
625 1309 697 1369 nach
724 1308 775 1368 dem
817 1309 940 1369 Schloß
972 1309 1059 1369 unter
1096 1308 1147 1368 dem
1189 1306 1286 1366 Him¬

257 1363 321 1423 mel
344 1360 518 1420 geführet,
546 1360 605 1420 und
632 1357 762 1417 nachdem
807 1357 877 1417 Sie
899 1359 1035 1419 daselbst
1063 1357 1117 1417 bis
1139 1357 1187 1417 ins
1215 1357 1285 1417 Au¬

253 1410 490 1470 dienzzimmer
520 1407 672 1467 gebracht
702 1407 830 1467 worden
865 1407 1008 1467 waren,
1033 1407 1171 1467 nahmen
1206 1402 1279 1462 Sie

257 1458 364 1518 sitzend
392 1461 483 1521 unter
516 1458 569 1518 dem
608 1458 753 1518 Königl.
769 1457 948 1517 Baldachin
986 1456 1034 1516 die
1056 1455 1277 1515 Glückswün=
1310 1455 1417 1515 wegen
1450 1458 1536 1518 ihrer
1564 1458 1628 1518 sehr
1651 1459 1747 1519 vielen
1780 1459 2049 1519 abzumachenden
2083 1459 2211 1519 Sachen
2244 1461 2319 1521 diese

264 1506 325 1566 sche
352 1509 403 1569 von
435 1507 486 1567 den
517 1506 735 1566 Senateurs,
756 1506 807 1566 den
833 1506 1076 1566 ausländischen
1103 1506 1278 1566 Ministers

259 1559 326 1619 und
357 1557 413 1617 dem
460 1556 682 1616 vornehmsten
713 1554 796 1614 Adel
817 1557 889 1617 an,
920 1557 982 1617 und
1018 1557 1116 1617 ließen
1147 1554 1281 1614 hierauf

259 1653 322 1713 von
365 1655 555 1715 Podolien,
582 1654 682 1714 Fürst
714 1651 810 1711 Adam
858 1652 1090 1712 Chartoryski
1123 1652 1185 1712 und
1218 1651 1275 1711 den

264 1704 409 1764 Königl.
426 1703 531 1763 Herrn
562 1700 699 1760 Bruder
724 1697 775 1757 den
801 1697 1013 1757 Cracauschen
1034 1697 1195 1757 Prålaten
1221 1697 1291 1757 Po¬

265 1796 347 1856 schen
375 1793 496 1853 weißen
525 1789 717 1849 Adlerorden
751 1786 949 1846 umhingen.
1027 1787 1181 1847 Nachher
1215 1784 1280 1844 war

270 1846 365 1906 große
390 1846 449 1906 und
474 1840 654 1900 öffentliche
679 1840 774 1900 Tafel
799 1838 846 1898 bey
877 1840 979 1900 Hofe.
1040 1837 1123 1897 Sr.
1142 1837 1286 1897 Königl.

268 1900 370 1960 Maj.
381 1895 467 1955 saßen
494 1894 575 1954 ganz
602 1894 688 1954 allein
716 1891 747 1951 an
781 1891 861 1951 einer
884 1891 996 1951 kleinen
1019 1889 1072 1949 auf
1094 1889 1164 1949 vier
1180 1887 1288 1947 Stuf¬

267 1948 314 2008 fen
346 1944 494 2004 erhöhten
532 1942 627 2002 Tafel
648 1942 743 2002 unter
764 1942 849 2002 einem
892 1942 1071 2002 Baldachin
1103 1939 1124 1999 in
1157 1939 1262 1999 Ihrem

266 1999 407 2059 Königl.
431 1995 544 2055 Kleide
568 1991 624 2051 und
653 1992 795 2052 Mantel
813 1991 841 2051 zu
870 1990 1006 2050 Tische,
1041 1987 1188 2047 woselbst
1217 1986 1285 2046 Jh=

264 2046 320 2106 nen
352 2044 398 2104 die
419 2043 662 2103 Kronbeamten
693 2040 718 2100 z.
740 2040 781 2100 E.
803 2037 1164 2097 Kronküchenmeister,
1180 2037 1288 2097 Kron¬

259 2094 503 2154 vorschneider,
520 2089 748 2149 Mundschenk
770 2088 811 2148 rc.
827 2088 1066 2148 aufwarteten.
1103 2088 1181 2148 Von
1213 2085 1264 2145 bey

263 2145 316 2205 den
349 2142 469 2202 Seiten
507 2139 604 2199 dieser
637 2138 778 2198 Königl.
800 2139 898 2199 Tafel
920 2139 1055 2199 giengen
1088 2136 1153 2196 zwo
1186 2136 1277 2196 lange

267 2193 412 2253 Tafeln,
428 2192 458 2252 an
488 2190 614 2250 welchen
650 2187 695 2247 die
711 2187 907 2247 Senateurs
933 2187 993 2247 und
1014 2187 1265 2247 Reichsministe

272 2240 382 2300 saßen.
402 2240 447 2300 In
473 2237 553 2297 einem
589 2237 704 2297 andern
730 2235 870 2295 Zimmer
886 2234 951 2294 war
972 2237 1082 2297 wieder
1103 2234 1168 2294 eine
1188 2234 1263 2294 Tafe

267 2290 292 2350 in
324 2288 401 2348 Form
448 2285 499 2345 des
526 2285 753 2345 Buchstabens
780 2282 810 2342 S,
826 2285 862 2345 an
888 2285 1017 2345 welcher
1044 2285 1090 2345 die
1111 2285 1286 2345 vornehm¬

267 2342 308 2402 ste
329 2336 582 2396 Reichsbeamte
604 2333 723 2393 saßen,
749 2331 811 2391 und
843 2333 915 2393 noch
947 2333 972 2393 in
1009 2336 1096 2396 einem
1139 2333 1283 2393 Zimmer

264 2389 333 2449 eine
355 2390 423 2450 sehr
445 2384 541 2444 große
563 2383 675 2443 Tafel,
691 2381 723 2441 an
750 2379 802 2439 der
824 2381 872 2441 die
894 2384 1102 2444 vornehmste
1124 2384 1176 2444 von
1203 2381 1283 2441 Adel

268 2437 378 2497 saßen.
429 2435 506 2495 Die
523 2432 760 2492 Gesundheiten
789 2432 915 2492 wurden
944 2435 1009 2495 hier
1032 2435 1087 2495 alle
1110 2435 1203 2495 unter
1226 2431 1281 2491 Ab¬

268 2488 406 2548 feurung
434 2485 483 2545 der
506 2483 665 2543 Kanonen
694 2479 887 2539 getrunken.
932 2482 1025 2542 Nach
1054 2482 1103 2542 der
1120 2480 1219 2540 Tafel
1236 2478 1269 2538 be

268 2538 364 2598 gaben
404 2536 449 2596 sich
483 2533 562 2593 Sr.
585 2533 726 2593 Königl.
755 2527 850 2587 Maj.
879 2530 907 2590 in
947 2533 1043 2593 Dero
1083 2533 1280 2593 ordentliche

268 2587 439 2647 Zimmer,
473 2585 533 2645 und
567 2581 750 2641 verblieben
784 2576 922 2636 daselbst
945 2580 994 2640 bis
1028 2581 1122 2641 gegen
1162 2581 1283 2641 Abend,

267 2638 303 2698 da
329 2635 396 2695 Sie
417 2635 442 2695 in
479 2633 525 2693 der
552 2632 665 2692 Stadt
681 2628 742 2688 und
780 2628 805 2688 in
847 2626 898 2686 den
924 2632 1121 2692 Vorstädten
1158 2630 1286 2690 herum¬

268 2685 414 2745 fuhren,
438 2682 488 2742 die
517 2679 708 2739 allgemeine
737 2676 794 2736 und
834 2675 997 2735 unstreitig
1032 2678 1082 2738 bey
1117 2682 1144 2742 so
1173 2679 1268 2739 vielen

266 2733 487 2793 Magnaten,
515 2730 692 2790 Ministers
721 2727 781 2787 und
809 2724 1025 2784 Herrschaften
1059 2729 1142 2789 ganz
1170 2728 1286 2788 außer¬

263 2784 436 2844 ordentlich
464 2778 626 2838 prächtige
654 2776 892 2836 Illumination
920 2774 1125 2834 anzusehen,
1148 2778 1180 2838 zu
1208 2778 1283 2838 wel¬

262 2835 331 2895 cher
353 2832 384 2892 an
416 2829 463 2889 den
496 2829 617 2889 meisten
644 2826 814 2886 Pallästen
841 2823 930 2883 eigne
952 2823 1095 2883 Gerüste
1117 2826 1148 2886 zu
1175 2826 1286 2886 beson¬

264 2879 336 2939 dern
367 2878 616 2938 Vorstellungen
642 2876 843 2936 aufgebauet
859 2870 988 2930 waren.
1056 2876 1169 2936 Heute
1196 2873 1273 2933 wird

261 2933 314 2993 die
333 2930 529 2990 Huldigung
553 2930 612 2990 auf
636 2930 690 2990 dem
732 2927 875 2987 Markte
905 2924 958 2984 der
982 2924 1089 2984 Stadt
1120 2927 1172 2987 von
1209 2927 1261 2987 dem

1304 321 1398 381 Rath
1424 323 1486 383 und
1513 324 1752 384 Bürgerschaft
1771 327 1827 387 der
1859 326 1998 386 hiesigen
2030 324 2187 384 Residenz
2213 328 2332 388 gesche¬

1303 372 1395 432 hen,
1422 373 1483 433 und
1510 374 1639 434 alsdenn
1670 374 1716 434 die
1743 377 1985 437 Illumination
2027 374 2079 434 des
2111 372 2322 432 Rathhauses

1298 419 1401 479 diesen
1429 419 1543 479 Abend
1565 421 1662 481 seyn,
1690 425 1804 485 welche
1827 425 1946 485 gestern
1985 425 2055 485 noch
2088 422 2223 482 deshalb
2257 424 2327 484 auf¬

1302 518 1392 578 nigl.
1421 521 1522 581 Maj.
1546 521 1579 581 zu
1609 523 1733 583 Schloß
1762 524 1835 584 groß
1875 524 2017 584 Soupee
2047 526 2102 586 für
2137 524 2194 584 alle
2223 521 2329 581 Herr¬

1306 569 1462 629 schaften,
1479 569 1705 629 ausländische
1727 575 1904 635 Ministers
1927 575 1985 635 und
2013 575 2223 635 distinguirte
2239 572 2325 632 Aus¬

1306 618 1443 678 länder,
1476 619 1539 679 wie
1566 619 1634 679 auch
1667 624 1772 684 Ball,
1810 622 1868 682 und
1906 622 1942 682 um
1991 625 2028 685 10
2065 625 2133 685 Uhr
2167 625 2240 685 geht
2272 622 2319 682 der

1311 666 1400 726 Ball
1417 666 1469 726 für
1491 667 1543 727 alle
1564 667 1595 727 en
1628 671 1775 731 Masque
1802 673 1860 733 an,
1871 673 1955 733 wozu
1987 673 2066 733 schon
2093 673 2203 733 etliche
2230 670 2314 730 1000

1306 715 1433 775 Billets
1460 718 1656 778 ausgegeben
1688 721 1767 781 sind.
1805 721 1895 781 Noch
1922 718 2038 778 müssen
2065 721 2123 781 wir
2145 721 2330 781 anführen,

1303 766 1388 826 daß,
1415 769 1441 829 so
1479 769 1536 829 wie
1558 767 1642 827 sonst
1670 769 1717 829 die
1749 772 1902 832 Könige,
1935 769 2024 829 wenn
2062 769 2099 829 sie
2131 770 2157 830 in
2190 772 2311 832 Cracau

1303 813 1442 873 gekrönt
1458 816 1608 876 werden,
1634 816 1685 876 den
1722 819 1789 879 Tag
1826 819 1924 879 zuvor
1955 819 2022 879 nach
2054 819 2177 879 Scalke
2204 819 2322 879 gehen,

1303 859 1339 919 um
1386 864 1495 924 wegen
1527 866 1573 926 des
1605 867 1662 927 vom
1699 870 1823 930 Könige
1845 869 2005 929 Boleslaw
2042 870 2219 930 getödteten
2245 870 2328 930 Sta=

1301 911 1409 971 nislai
1431 915 1498 975 noch
1519 915 1607 975 Gott
1629 915 1659 975 um
1701 918 1899 978 Vergebung
1925 918 1950 978 zu
1982 918 2112 978 bitten,
2149 919 2211 979 und
2242 918 2320 978 seine

1306 960 1444 1020 daselbst
1466 966 1673 1026 aufbehaltne
1700 967 1875 1027 Reliquien
1903 967 1934 1027 zu
1961 969 2141 1029 verehren;
2169 969 2195 1029 so
2222 969 2317 1029 haben

1309 1007 1357 1067 sich
1385 1013 1460 1073 Sr.
1482 1014 1579 1074 Maj.
1596 1013 1650 1073 der
1672 1016 1780 1076 König
1802 1015 1834 1075 am
1878 1013 2116 1073 Sonnabend,
2133 1019 2229 1079 jedoch
2257 1017 2327 1077 fah¬

1311 1058 1382 1118 rend
1414 1061 1480 1121 nach
1507 1061 1557 1121 der
1584 1062 1717 1122 hiesigen
1759 1063 1804 1123 H.
1826 1061 2037 1121 Kreuzkirche
2063 1064 2232 1124 begeben,
2269 1064 2325 1124 da¬

1311 1108 1400 1168 selbst
1422 1109 1592 1169 gebeichtet
1613 1112 1677 1172 und
1699 1113 1968 1173 communiciret.
2023 1111 2133 1171 Heute
2155 1112 2330 1172 geschiehet

263 1165 459 1225 ausriefen,
483 1161 538 1221 das
573 1159 634 1219 von
669 1160 747 1220 allen
776 1159 933 1219 freudigst
962 1157 1182 1217 mitgerufen,
1211 1157 1272 1217 und
1312 1157 1368 1217 der
1391 1160 1599 1220 Ritterschlag
1628 1163 1684 1223 auf
1707 1163 1898 1223 öffentlichem
1939 1160 2096 1220 Markte.
2169 1160 2315 1220 Morgen

1306 1257 1401 1317 unter
1418 1258 1465 1318 die
1487 1260 1576 1320 Leute
1598 1261 1741 1321 werfen,
1763 1264 1826 1324 und
1848 1262 2006 1322 künftigen
2033 1264 2176 1324 Montag
2198 1263 2240 1323 als
2262 1263 2314 1323 den

1312 1312 1379 1372 3ten
1414 1309 1498 1369 Dec.
1522 1309 1600 1369 wird
1623 1312 1674 1372 der
1692 1314 1867 1374 Reichstag
1890 1312 1992 1372 seinen
2021 1312 2150 1372 Anfang
2175 1315 2326 1375 nehmen.

1587 1360 1759 1420 Wilda,
1793 1362 1842 1422 den
1881 1362 1942 1422 23.
1970 1360 2070 1420 Nov.

1357 1407 1431 1467 Die
1455 1410 1726 1470 Capturgerichte
1744 1410 1870 1470 unserer
1894 1410 2159 1470 Woywodschaft
2188 1409 2309 1469 werden

1306 1506 1423 1566 Woche
1456 1509 1610 1569 hindurch
1648 1511 1716 1571 noch
1750 1510 1823 1570 ihre
1851 1509 2170 1569 Zusammenkünfte
2198 1509 2325 1569 halten.

1312 1554 1356 1614 Es
1384 1557 1444 1617 sind
1472 1557 1538 1617 sehr
1566 1557 1644 1617 viele
1672 1557 1793 1617 fremde
1816 1560 2037 1620 Herrschaften
2065 1558 2225 1618 hierdurch
2248 1560 2319 1620 nach

257 1606 310 1666 den
343 1608 445 1668 Russ.
468 1605 706 1665 Ambassadeur
728 1605 824 1665 Fürst
847 1602 1008 1662 Repnin,
1041 1605 1096 1665 den
1123 1604 1274 1664 General
1312 1605 1485 1665 Warschau
1513 1608 1664 1668 gereiset,
1692 1609 1723 1669 um
1767 1608 1896 1668 daselbst
1919 1608 1973 1668 bey
2001 1608 2049 1668 der
2076 1608 2238 1668 Krönung
2271 1608 2330 1668 un¬

1314 1652 1395 1712 seres
1422 1654 1567 1714 Königes
1595 1652 1762 1712 Majestät
1779 1653 2000 1713 gegenwärtig
2028 1655 2054 1715 zu
2088 1655 2179 1715 seyn.
2201 1655 2319 1715 Dieser

1313 1697 1446 1757 festliche
1471 1697 1537 1757 Tag
1566 1697 1642 1757 wird
1672 1698 1738 1758 auch
1767 1697 1790 1757 in
1820 1697 1943 1757 unserer
1958 1697 2068 1757 Stadt
2088 1700 2144 1760 auf
2164 1700 2221 1760 das
2240 1700 2326 1760 herr¬

268 1748 453 1808 niatowski
473 1745 590 1805 rufen,
615 1745 703 1805 deren
733 1742 815 1802 jeden
845 1739 918 1799 Sie
948 1742 1035 1802 selbst
1065 1739 1118 1799 den
1153 1739 1285 1799 pohlni=
1315 1739 1422 1799 lichste
1442 1739 1588 1799 gefeyret
1608 1739 1754 1799 werden.
1804 1742 1876 1802 Der
1911 1742 2101 1802 Magistrat
2122 1745 2180 1805 hat
2205 1745 2253 1805 die
2278 1745 2331 1805 be¬

1315 1787 1372 1847 sten
1404 1787 1642 1847 Verfügungen
1668 1790 1840 1850 gemacht,
1880 1792 1931 1852 daß
1970 1793 1995 1853 so
2034 1793 2123 1853 wohl
2150 1795 2201 1855 die
2227 1796 2322 1856 ganze

1313 1840 1443 1900 Stadt,
1468 1842 1514 1902 als
1539 1843 1770 1903 insbesondere
1795 1843 1848 1903 das
1878 1844 1972 1904 ganze
1991 1846 2169 1906 Rathhaus
2193 1848 2246 1908 auf
2265 1848 2317 1908 das

1315 1894 1542 1954 vorzüglichste
1571 1894 1654 1954 sollen
1688 1897 1887 1957 illuminiret
1904 1897 2054 1957 werden.

1630 1972 2016 2032 AVERTISSEMENT.

1364 2017 1437 2077 Bey
1472 2019 1522 2079 dem
1568 2022 1731 2082 Verleger
1766 2022 1861 2082 dieser
1890 2023 2031 2083 Zeitung
2060 2020 2098 2080 ist
2127 2020 2155 2080 zu
2190 2023 2324 2083 haben:

1312 2067 1436 2127 Vogels
1466 2069 1545 2129 neue
1568 2069 1784 2129 medicinische
1801 2073 2017 2133 Bibliothek,
2029 2071 2091 2131 5ter
2120 2073 2239 2133 Band,
2251 2073 2324 2133 4tes

1316 2118 1442 2178 Stück,
1460 2118 1500 2178 8,
1523 2118 1691 2178 Götting.
1709 2118 1794 2178 765,
1819 2121 1859 2181 12
1882 2121 1939 2181 gr.
2003 2123 2101 2183 Leben
2143 2121 2199 2181 und
2229 2120 2326 2180 Mey¬

1311 2166 1437 2226 nungen
1475 2165 1527 2225 des
1560 2166 1707 2226 Tristram
1755 2169 1902 2229 Shandy
1934 2172 1992 2232 aus
2030 2172 2076 2232 dem
2119 2172 2224 2232 Engl.
2251 2169 2319 2229 5ter

1317 2217 1376 2277 und
1401 2216 1467 2276 6ter
1492 2215 1606 2275 Theil,
1631 2220 1667 2280 8,
1697 2220 1800 2280 Berl.
1819 2220 1903 2280 765,
1934 2220 1945 2280 1
1970 2220 2011 2280 fl.
2055 2220 2102 2280 D.
2121 2220 2169 2280 C.
2181 2222 2230 2282 A.
2242 2220 2332 2280 Heu=

1311 2266 1432 2326 manns
1459 2261 1622 2321 Erweiß,
1650 2267 1702 2327 daß
1739 2269 1786 2329 die
1808 2267 1902 2327 Lehre
1934 2266 1986 2326 der
2019 2269 2224 2329 reformirten
2251 2267 2330 2327 Kir¬

1313 2315 1358 2375 che
1382 2315 1433 2375 die
1451 2315 1566 2375 wahre
1584 2315 1647 2375 sey,
1671 2318 1745 2378 2ter
1769 2318 1885 2378 Theil,
1908 2318 1942 2378 8,
1966 2316 2064 2376 764,
2087 2319 2104 2379 9
2128 2318 2185 2378 gr.
2255 2317 2329 2377 Kö¬

1315 2366 1469 2426 nigsberg
1492 2366 1519 2426 im
1559 2366 1679 2426 Feuer,
1697 2368 1746 2428 bey
1769 2367 1818 2427 der
1841 2366 2078 2426 unglücklichen
2106 2366 2327 2426 Gelegenheit

1312 2414 1401 2474 eines
1427 2414 1484 2474 den
1512 2417 1575 2477 11.
1595 2416 1691 2476 Nov.
1711 2419 1820 2479 1764.
1846 2417 2058 2477 entstandnen
2085 2417 2264 2477 Brandes,
2284 2423 2328 2483 4,

1314 2464 1435 2524 Danz.
1461 2465 1478 2525 4
1510 2466 1564 2526 gr.

1321 2542 1656 2602 Wechsel-Cours
1678 2536 1697 2596 &
1749 2545 1911 2605 Specier
1943 2542 1982 2602 d.
2004 2542 2043 2602 6.
2076 2542 2177 2602 Dec.
2198 2545 2319 2605 1764.

1313 2593 1499 2653 Amsterdam
1540 2594 1580 2654 41
1605 2592 1686 2652 Tage
1710 2597 1768 2657 309
1792 2595 1843 2655 gr.
1896 2593 1943 2653 71
1967 2596 2053 2656 Tage
2072 2597 2135 2657 307
2154 2601 2205 2661 gr.

1318 2643 1490 2703 Hamburg
1522 2642 1533 2702 3
1566 2642 1614 2702 W.
1634 2643 1695 2703 135
1720 2646 1769 2706 gr.

1865 2641 1881 2701 6
1910 2641 1967 2701 W.
1985 2643 2047 2703 134
2065 2646 2122 2706 gr.

1320 2691 1424 2751 Berlin
1457 2691 1467 2751 1
1495 2689 1550 2749 pr.
1567 2688 1643 2748 Cto.

1816 2691 1967 2751 Dantzig
2003 2694 2043 2754 25
2074 2693 2125 2753 pr.
2143 2691 2225 2751 Cto.

1319 2739 1463 2799 Ducaten
1490 2739 1565 2799 neue
1581 2739 1591 2799 9
1619 2741 1650 2801 fl.
1667 2744 1677 2804 2
1694 2745 1746 2805 gr.

1895 2742 2031 2802 Alberts
2048 2742 2144 2802 Taler
2162 2742 2224 2802 130
2247 2738 2303 2798 gr.

1800 2787 1850 2847 Alt
1862 2790 2010 2850 Polnisch
2033 2792 2107 2852 Geld
2130 2790 2170 2850 13
2193 2786 2238 2846 pr.
2256 2781 2329 2841 Cto.

1312 2790 1432 2850 Rubel
1450 2790 1517 2850 112
1547 2792 1603 2852 gr.

1328 2849 1423 2909 Dreje
1438 2847 1570 2907 Gelehrte
1593 2848 1644 2908 und
1674 2849 1836 2909 Politische
1852 2849 1976 2909 Zeitung
2007 2848 2072 2908 wird
2095 2846 2146 2906 des
2169 2841 2323 2901 Montags

1421 2891 1475 2951 und
1508 2891 1656 2951 Freytags
1678 2891 1705 2951 in
1727 2891 1776 2951 dem
1815 2893 2012 2953 Kanterschen
2046 2886 2220 2946 Buchladen

1704 2936 1932 2996 ausgegeben.
