2034 2755
72 156 939 263 "moralische Geschmack womit sich unser Jahrhundert
81 219 944 303 "tröstet, ein eben so erdichtetes Verdienst sey, als die
92 268 939 362 Aufrichtigkeit in dieser Geschichte eines jungen Herrn
138 417 854 498 Tunkfurt am Mayn, vom 13. Febr.
105 457 937 551 Vor etlichen Tagen traf der Churpfalzische Confe=
66 514 937 593 rentzminister Freyherr von Becker von Berlin zurück
66 551 933 637 auhier an und ist den 9ten d. wieder von hier nach
68 593 926 672 Mannheim abgegangen. Vergestern wurde durch
66 632 931 711 die Deputirten des hiesigen Raths bey der Churfurstl.
68 674 933 753 Lollnischen Wahlbothschaft, und bey des dritten Chur=
66 718 926 799 dohmischen Wahlbothschafters Freyherrn von Borie
64 753 1809 849 Sxe. die feyerliche Aufwartung abgelegt. Gestern nimmt täglich zu, und die Anzahl ihrer Mitglieder
66 803 922 882 um 2 Uhr geschah allhier die Ankunft des ersten Kay=
66 841 931 920 serlichen Herrn Commissarii, Fürstens Wenzel von
68 882 928 966 Eichtenstein, Herzogens zu Troppau und Jagerndorf,
57 931 928 1005 N. K. wirklichen geheimen Raths, Cammerers und
66 966 928 1043 Generalfeldmarschalls, des goldnen Vließes, K. K.
70 1005 922 1087 General=Feld=Land= und Haus=Artillerie=Directoris,
66 1049 928 1126 Obersten eines Dragoner Regiments rc. Se. Hoch¬
59 1137 1806 1214 schenrohl zur Seite habend, in einem Wagen, dem von Amiens, welcher die Partey der Jesuiten zu er¬
55 1174 928 1253 noch zwey andere folgten, und wurden von den Wal¬
57 1212 1802 1304 ten durch Abfeurung von 100 Canonen begrußet. nach der Bastille gebracht, weil er unsers Erzbischofs
59 1249 924 1332 Auf der Brücke paradirte die Garnison von der Stadt;
55 1295 1796 1387 eit Sachsenhausen aber in der Fahr= und Dönges= Die Seine ist bereits 21 Fuß hoch angeschwollen, und
53 1335 1809 1420 Hasse auf beyden Seiten die gesammte Bürgerschaft die Ebene zu Grenelle ganz überschwommen. Man
53 1420 913 1495 genannten Braunenfels. Diesen Morgen um 11
53 1464 918 1543 Ahr haben die Deputirte des hiesigen Magistrats,
46 1512 911 1596 Herr Schöff Schlosser und Herr von Wiesenhüten
50 1541 911 1626 beyde der Zeit regierende Bürgermeister und Herr
44 1624 564 1712 schungscomplimente abzulegen.
281 1666 698 1747 London, den 7. Jan.
90 1679 915 1798 Den 4ten dieses kamen die Bedienten des Herrn
46 1793 922 1881 wird in kurzen erwartet. Die Chaloupe, Lapwing
44 1879 918 1960 Schiffes hat an unsere Ostindische Compagnie einen
48 1912 907 1993 Expressen mit der betrübten Nachricht abgefertigt
46 1958 915 2041 daß der Nabob von Bengala, welchen der Lord Eli¬
48 2006 909 2079 de auf den Trohn gesetzt, den Englandern abtrünnig
48 2035 911 2125 geworden wåre, Pettana nahe an Calicotta erobert,
50 2079 911 2166 den Statthalter Herrn Ellis nebst den Herrn Amyatt,
48 2114 904 2202 Hay, Wollaston, Goring, Hutchinson und Gulstor
44 2166 915 2252 umgebracht, 150 andere Europaer zu Gefangene
50 2199 907 2294 bekommen, und sich hierauf von Caßimbuzar bemach¬
42 2228 902 2322 tigt hatte. Man furchtet daher, daß die Englander
48 2276 898 2375 ganzlich aus Bengala vertrieben wurden; gleich
50 2327 913 2450 wol soll kein Schiff von der Compagnie in die Hän=
961 178 1826 263 "von ihm selbst aufgezeichnet." Kostet in der Kan¬
959 246 1826 325 terschen Buchhandlung allhier, wie auch in Elbing und
957 296 1269 373 Mitau 1 fl. 15 gr.
944 424 1822 520 de der Indianer gefallen seyn. Unterdessen sind die
957 505 1817 560 Engländer selbst an diesem Unglücksfall schuld, weil
957 544 1824 590 sie mit gewafneter Hand in Decan einen Einfall ge¬
953 590 1817 639 than, und den Nabob aus seinem Pallast verjagt und
955 632 1811 683 ausgeplündert haben, ohne daß man einen andern
948 672 1813 720 Bewegungsgrund als die Habsucht des Gouverneur
955 707 1820 764 Ellis und der übrigen Bedienten von der Compagnie
953 753 1811 799 angeben kann. Die antiministerialische Cotterie
944 836 1811 880 erstreckt sich schon auf 235. Der Geldwechsel ist ge=
953 878 1811 926 genwärtig zwischen Holland und England sehr hoch;
946 920 1811 968 daher ein guter Theil der Guineen, die nach Deutsch¬
946 957 1809 1023 land währenden Krieges gegangen, wieder zurück
944 997 1126 1067 kommen.
1177 1029 1594 1098 Paris, vom 6. Febr.
981 1051 1806 1135 Die Pairs untersuchen gegenwärtig das Mande¬
66 1091 1811 1179 farstl. Durchlauchten fuhren, den Freyherrn von Lö= ment des Herrn von Orleans de la Motte, Erzbischof
944 1205 1800 1256 greifen scheint. Der Pater Perin, ein Jesuite, ist
946 1286 1802 1341 seins wo nicht ganz verfertigt doch entworfen hat.
53 1374 1815 1471 des an das für Se. Durchl. bestimmte Hotel, den so muß über Meudon nach Versailles gehen und befürch¬
931 1460 1802 1508 tet, daß das Waßer wie 1740 zu 26 Fuß anwachsen
931 1493 1802 1547 wird. Es verbreitet sich das Gerücht, daß zu Rom
937 1541 1793 1591 durch die Nachricht von der Verbannung unsers Erz
55 1580 1800 1697 Syndieus Burgk die Ehre gehabt ihre Beglückwun= andern Pralaten veranlaßet worden, um auf Mittel
939 1580 1804 1629 bischofs eine große Versammlung von Cardinalen und
931 1662 1793 1719 zu denken der Spaltung abzuhelfen, womit Frankreich
944 1703 1802 1756 scheint bedroht zu werden Wenn man einigen ver¬
931 1749 1802 1796 muthlich übel berichteten Leuten glauben sollte, scheint
50 1723 1802 1837 Wiires von Paris hier an, und seine eigene Person der heilige Stuhl nachtheilige Gesinnungen gegen die
939 1831 1800 1883 Ehre der Parlamenter zu hegen; dies möchte aber
53 1835 1802 1923 dit da Falmouth angekommen, und ein Officier dieses nicht der beste Weg seyn aufgebrachte Gemüther zu
931 1918 1800 1962 vereinigen, und die Folgen würden der Apostolischen
939 1954 1806 2004 Cammer zur Last fallen. Der Herr Meßier hat die
933 1997 1800 2050 Ehre gehabt dem Könige eine große Himmelskarte
937 2037 1802 2085 zu überreichen, auf welchen die Laufbahn des jetzigen
931 2083 1800 2131 Cometen den Beobachtungen gemäß gezeichnet war,
931 2120 1800 2175 welche der Verfasser auf dem Observatorio der Ma¬
933 2166 1791 2210 rine zu Paris bey dieser Gelegenheit angestellt hat.
933 2202 1796 2254 Ein berühmter hiesiger Banquier, Herr de la Bor¬
931 2243 1796 2298 de, erbietet sich die Königl. Bank zu halten, ohne
928 2294 1796 2335 weder das Wechselgeld, noch die Frachtkosten der
937 2327 1796 2384 spanischen Piaster zu verlangen, und aus seinen ei¬
924 2371 1800 2443 genen Mitteln die Halfte von der Schuld seines Va¬
1622 2414 1796 2476 terland es
