2479 3508
238 342 308 402 auch
339 342 367 402 in
410 342 504 402 dieser
534 342 747 402 Sammlung
789 339 842 399 den
884 339 1072 399 Philosoph
1115 339 1256 399 Bias,

232 392 287 452 den
321 389 454 449 Tyrann
488 389 632 449 Denis
667 389 727 449 und
761 387 816 447 den
851 389 1039 449 Philosoph
1074 386 1257 446 Aristip¬

237 440 318 500 pus
350 443 406 503 zum
453 440 675 500 unläugbaren
707 437 876 497 Beweis,
908 440 964 500 daß
1001 439 1052 499 der
1083 437 1248 497 Verfasser

240 491 307 551 was
338 489 571 549 rechtschafnes
608 488 670 548 aus
712 485 768 545 der
805 487 935 547 Schule
967 488 1121 548 gebracht
1153 488 1256 548 habe.

245 536 319 596 Wir
340 539 403 599 sind
425 539 556 599 indessen
589 539 699 599 soweit
716 536 879 596 entsernt,
906 539 1001 599 dieser
1028 538 1138 598 Arbeit
1160 539 1244 599 ihren

237 589 383 649 gehoften
416 589 579 649 Vortheil
607 586 720 646 strittig
753 586 780 646 zu
819 586 976 646 machen,
1014 588 1074 648 daß
1112 586 1171 646 wir
1199 586 1248 646 ihr

245 640 401 700 vielmehr
427 637 452 697 in
477 640 700 700 Betrachtung
726 635 781 695 des
802 634 892 694 Tons
918 637 968 697 der
990 637 1014 697 in
1050 637 1100 697 den
1127 637 1252 697 meisten

246 688 375 748 unserer
397 688 635 748 Gesellschaften
657 685 808 745 herrscht,
825 685 867 745 ein
889 688 1105 748 vorzuͤgliches
1127 688 1262 748 Schick¬

247 739 293 799 sal
304 739 365 799 mit
381 737 473 797 Hand
489 736 551 796 und
572 736 679 796 Mund
706 736 896 796 versprechen
922 736 1061 796 können.
1098 736 1180 796 Eine
1206 734 1262 794 gu¬

242 786 272 846 te
299 786 411 846 Priese
438 786 550 846 Saint
572 786 670 846 Omer
696 784 788 844 dieses
815 786 1021 846 Vademecum
1058 786 1176 846 dabey,
1192 785 1248 845 und

240 835 281 895 ich
307 837 400 897 wette
421 837 566 897 darauf,
592 836 664 896 man
696 834 800 894 werde
821 834 846 894 in
883 837 991 897 kurzer
1013 836 1085 896 Zeit
1111 836 1168 896 auf
1199 833 1251 893 den

242 885 497 945 Beynamen
548 885 668 945 eines
714 885 1001 945 charmanten
1052 883 1247 943 Mannes

243 933 275 993 in
315 936 598 996 Gesellschaft
627 933 705 993 stolz
727 933 793 993 seyn
822 933 966 993 können.
1017 930 1072 990 Da
1101 933 1173 993 aber
1196 929 1262 989 die¬

241 986 282 1046 ser
313 983 495 1043 Beyname
522 981 663 1041 niemals
700 981 782 1041 ohne
804 981 996 1041 Brodsame
1023 978 1080 1038 ist;
1112 981 1142 1041 so
1174 981 1251 1041 kann

245 1031 340 1091 dieses
376 1031 582 1091 Vademecum
628 1030 657 1090 in
693 1028 788 1088 dieser
814 1028 945 1088 theuren
981 1028 1056 1088 Zeit
1086 1028 1252 1088 allenfalls

247 1079 509 1139 Pensionsstelle
541 1077 721 1137 vertreten.
799 1076 917 1136 Kostet
943 1079 968 1139 in
1010 1079 1247 1139 vorbemeldten

249 1131 464 1191 Kanterschen
493 1130 805 1190 Buchhandlungen
834 1127 845 1187 1
874 1128 907 1188 fl.
931 1128 941 1188 9
970 1127 1026 1187 gr.

646 1228 849 1288 Beschluß

360 1281 410 1341 der
451 1281 518 1341 letzt
553 1279 798 1339 abgebrochnen
838 1278 1020 1338 Recension
1054 1276 1133 1336 über

570 1328 622 1388 die
651 1328 732 1388 Acta
761 1324 923 1384 litteraria

297 1376 346 1436 In
374 1376 423 1436 der
451 1376 595 1436 Vorrede
617 1378 684 1438 ruft
706 1375 733 1435 er
756 1378 816 1438 auf
839 1377 905 1437 eine
928 1377 993 1437 sehr
1022 1378 1176 1438 komische
1199 1374 1259 1434 Art

242 1427 330 1487 aus,
356 1427 407 1487 daß
439 1425 480 1485 Er
501 1425 532 1485 es
558 1428 630 1488 sey,
657 1427 708 1487 der
735 1425 827 1485 dieses
854 1425 1014 1485 schreibt;
1051 1425 1144 1485 wenn
1176 1425 1247 1485 etwa

245 1476 287 1536 ein
319 1473 404 1533 Leser
431 1476 483 1536 von
510 1476 616 1536 blöden
648 1477 754 1537 Augen
791 1476 843 1536 den
870 1476 1002 1536 Namen
1035 1474 1092 1534 auf
1120 1474 1172 1534 den
1204 1471 1262 1531 Ti=

242 1524 284 1584 tel
306 1524 476 1584 übersehen
503 1526 604 1586 haben
631 1524 731 1584 sollte.
785 1524 939 1584 Klotzius
961 1524 1061 1584 igitur
1077 1524 1173 1584 sum,
1200 1521 1258 1581 qui

237 1572 325 1632 hunc
346 1572 449 1632 librum
502 1575 631 1635 scripsi,
663 1575 693 1635 et
725 1574 860 1634 posthac
886 1572 974 1632 illius
1006 1572 1120 1632 plures
1146 1572 1255 1632 partes

241 1619 319 1679 edam
369 1622 378 1682 —
443 1619 516 1679 Non
546 1622 679 1682 ignoras
704 1621 783 1681 nunc
803 1621 846 1681 o!
872 1621 931 1681 tu,
956 1620 1108 1680 quisquis
1128 1619 1182 1679 es,
1207 1619 1256 1679 vir

245 1670 364 1730 docte,
398 1670 460 1730 siue
494 1670 537 1730 ita
566 1667 743 1727 appelleris
768 1667 925 1727 tantum,
955 1667 1021 1727 siue
1050 1664 1184 1724 ingenio
1223 1667 1256 1727 et

243 1717 392 1777 doctrina
419 1716 445 1776 te
467 1715 528 1775 hoc
551 1715 687 1775 nomine
714 1709 815 1769 digum
855 1711 1061 1771 reddideris,
1084 1709 1158 1769 quis
1181 1711 1260 1771 ego,

243 1760 274 1820 et
297 1757 401 1817 qualis
420 1757 496 1817 sim.
547 1757 632 1817 Man
660 1755 741 1815 sieht
760 1754 868 1814 wohl,
905 1754 936 1814 er
959 1754 1032 1814 läßt
1050 1754 1136 1814 keine
1159 1754 1258 1814 Gele¬

243 1811 381 1871 genheit
411 1809 555 1869 vorbey,
590 1811 688 1871 seinen
729 1808 833 1868 Lesern
874 1807 920 1867 ein
961 1805 1192 1865 Compliment
1216 1803 1250 1863 zu

240 1861 396 1921 machen.

292 1909 359 1969 Von
400 1912 450 1972 den
497 1912 565 1972 hier
600 1912 804 1972 angezeigten
845 1906 981 1966 Werken
1016 1908 1158 1968 schlagen
1205 1906 1255 1966 die

237 1962 409 2022 mehresten
438 1963 464 2023 in
497 1960 540 2020 die
568 1959 785 2019 Philologie,
812 1957 915 2017 einige
943 1957 969 2017 in
1008 1957 1056 2017 die
1079 1954 1257 2014 Rechtsge¬

243 2012 448 2072 lehrsamkeit
471 2011 535 2071 ein.
612 2008 660 2068 Er
694 2008 867 2068 verspricht
900 2008 1002 2068 jedoch
1041 2006 1067 2066 in
1111 2007 1263 2067 Zukunft

240 2062 354 2122 größre
376 2061 718 2121 Mannigfaltigkeit;
746 2058 811 2118 und
833 2055 882 2115 die
904 2055 990 2115 wäre
1018 2055 1175 2115 vielleicht
1203 2055 1257 2115 nö¬

240 2112 337 2172 thig;
364 2112 445 2172 sonst
462 2109 597 2169 möchten
630 2109 688 2169 wir
711 2109 781 2169 eben
808 2105 905 2165 seiner
927 2105 1062 2165 Schrift
1079 2103 1165 2163 keine
1187 2103 1262 2163 ewi¬

240 2161 274 2221 ge
300 2160 421 2220 Dauer
442 2160 668 2220 versprechen;
700 2157 760 2217 und
791 2156 836 2216 die
857 2154 962 2214 plures
988 2154 1088 2214 partes
1109 2154 1245 2214 möchten

243 2211 292 2271 sich
331 2208 424 2268 wohl
453 2208 541 2268 nicht
575 2208 652 2268 über
686 2208 768 2268 einen
808 2205 990 2265 Jahrgang
1024 2203 1173 2263 belaufen

245 2255 327 2315 Eine
353 2255 492 2315 Lobrede
523 2255 579 2315 auf
606 2255 652 2315 die
683 2252 842 2312 deutschen
874 2252 1085 2312 Gelehrten,
1116 2251 1162 2311 die
1199 2249 1255 2309 S.

240 2310 270 2370 30
302 2306 499 2366 vorkömmt,
525 2303 634 2363 dürfen
666 2301 728 2361 wir
754 2301 842 2361 wohl
858 2300 941 2360 nicht
963 2300 1019 2360 mit
1035 2301 1258 2361 Stillschwei=

231 2357 287 2417 gen
319 2354 522 2414 übergehen.
595 2350 673 2410 Nos
704 2351 823 2411 quidem
876 2351 1162 2411 existimauimus,
1188 2348 1250 2408 esse

232 2405 316 2465 hunc
343 2404 574 2464 Germanorum
619 2399 774 2459 proprium
819 2399 970 2459 morem,
997 2399 1050 2459 vt,
1086 2399 1166 2459 quae
1197 2396 1255 2456 ne-

230 2453 287 2513 mo
321 2452 464 2512 nesciat,
503 2452 608 2512 immo
642 2446 723 2506 quae
758 2446 849 2506 nemo
888 2447 964 2507 scire
993 2449 1108 2509 cupiat
1142 2449 1257 2509 saepe,

234 2503 429 2563 argumenta
452 2500 484 2560 ex
511 2497 721 2557 antiquitatis
739 2494 903 2554 memoria
926 2497 1094 2557 tractanda
1122 2497 1258 2557 eligant,

239 2552 334 2612 atque
358 2551 386 2611 ad
416 2551 549 2611 nauseam
588 2547 684 2607 vsque
708 2545 827 2605 centies
847 2544 928 2604 dicta
953 2545 1115 2605 repetant.
1187 2544 1249 2604 His

236 2602 315 2662 solis
341 2599 552 2659 credebamus
573 2599 587 2659 a
608 2597 708 2657 bonis
724 2594 844 2654 Diuis,
870 2593 950 2653 (wie
981 2597 1041 2657 viel
1067 2597 1137 2657 mag
1162 2596 1252 2656 wohl

237 2650 285 2710 der
313 2649 410 2709 Verf.
427 2649 551 2709 Götter
568 2649 736 2709 glauben?
775 2639 823 2699 Er
856 2641 997 2701 schwatzt
1025 2643 1052 2703 in
1090 2646 1166 2706 allen
1199 2643 1252 2703 sei¬

231 2699 286 2759 nen
317 2697 489 2757 Schriften
515 2697 570 2757 von
601 2697 728 2757 vielen.
784 2691 875 2751 Man
911 2691 982 2751 muß
1018 2694 1155 2754 nämlich
1191 2693 1251 2753 mit

235 2751 282 2811 den
315 2748 537 2808 Schönheiten
570 2745 623 2805 der
644 2745 772 2805 Heyden
799 2741 932 2801 zugleich
964 2742 1033 2802 auch
1060 2742 1123 2802 ihre
1145 2742 1251 2802 Thor=

241 2802 337 2862 heiten
370 2799 402 2859 an
430 2796 478 2856 sich
505 2796 666 2856 nehmen;
694 2796 780 2856 sonst
797 2792 909 2852 möchte
937 2790 963 2850 es
986 2790 1071 2850 nicht
1083 2792 1239 2852 lateinisch

228 2852 328 2912 genug
359 2849 510 2909 klingen)
536 2844 667 2904 animum
713 2843 743 2903 et
764 2841 870 2901 vires,
896 2838 1032 2898 molestm
1078 2841 1113 2901 et
1138 2841 1244 2901 inuti-

233 2900 278 2960 lem
324 2897 460 2957 laborem
506 2894 712 2954 perferendi,
743 2894 839 2954 datas
865 2888 955 2948 esse:
991 2889 1096 2949 horum
1153 2894 1243 2954 causa

1288 336 1537 396 arbitrabamur
1559 337 1694 397 Pitiscum
1733 339 1803 399 suos
1826 339 1993 399 thesauros
2021 336 2200 396 collegisse,
2222 339 2302 399 quos

1289 380 1427 440 impune
1456 386 1700 446 compilarent,
1724 389 1901 449 raperent,
1930 386 2111 446 auferrent.

1340 434 1413 494 Bey
1448 434 1498 494 der
1527 437 1776 497 Beurtheilung
1811 437 1867 497 von
1908 438 2003 498 Hrn.
2027 437 2134 497 Prof.
2163 434 2304 494 Fischers

1293 485 1454 545 Ausgabe
1482 485 1537 545 von
1566 488 1793 548 Theophrasts
1822 488 2038 548 Charakteren
2066 488 2149 548 zeigt
2178 487 2227 547 sich
2261 487 2311 547 der

1294 533 1401 593 Verf.
1419 535 1447 595 in
1476 535 1578 595 seiner
1601 537 1743 597 völligen
1772 536 1908 596 Größe.

1962 537 2005 597 Es
2039 536 2139 596 findet
2161 538 2211 598 sich
2239 536 2316 596 dar=

1297 583 1372 643 inne
1394 580 1421 640 so
1448 580 1513 640 viel
1530 584 1741 644 Hämisches,
1763 586 1789 646 so
1823 586 1919 646 vieler
1942 586 2110 646 armselige
2132 586 2234 646 Witz,
2256 586 2310 646 der

1298 634 1395 694 seinen
1432 631 1556 691 elenden
1599 632 1697 692 Spas
1729 634 1780 694 bis
1817 637 1873 697 auf
1900 634 1988 694 einen
2025 638 2242 698 Druckfehler
2274 636 2320 696 er¬

1298 682 1424 742 streckt,
1451 679 1508 739 und
1546 681 1603 741 mit
1630 685 1714 745 einem
1762 685 1936 745 herzlichen
1968 688 2137 748 Gelächter
2169 688 2305 748 darüber

1299 730 1346 790 die
1368 730 1542 790 Recension
1569 733 1754 793 beschließt.
1787 730 1823 790 —-
1855 736 1961 796 Einen
1988 736 2098 796 andern
2126 738 2305 798 hämischen

1300 781 1410 841 Anfall
1439 781 1510 841 thut
1539 779 1566 839 er
1600 781 1654 841 S.
1677 784 1760 844 105.
1788 784 1848 844 auf
1871 784 1920 844 den
1960 784 2004 844 D.
2032 786 2242 846 Sannert
2270 789 2303 849 zu

1296 831 1439 891 Leipzig.
1489 828 1539 888 Er
1567 828 1694 888 erzählt
1722 831 1843 891 lachend
1877 831 1932 891 sein
1966 834 2109 894 erlittnes
2143 837 2308 897 Unglück;

1289 876 1315 936 er
1342 879 1427 939 zieht
1449 879 1625 939 Anekdoten
1657 880 1710 940 von
1743 882 1796 942 ihm
1844 882 1988 942 herbey,
2021 883 2074 943 die
2101 885 2127 945 in
2165 885 2229 945 kein
2261 885 2314 945 ge¬

1294 927 1408 987 lehrtes
1436 930 1539 990 Blatt
1567 930 1736 990 gehören,
1769 932 1834 992 und
1868 930 1916 990 die
1949 933 2036 993 einem
2081 933 2303 993 Philosophen

1296 978 1357 1038 und
1404 978 1724 1038 Menschenfreunde
1771 978 1817 1038 als
1870 978 1915 1038 die
1957 981 2132 1041 liebloseste
2169 984 2313 1044 Spötte¬

1290 1025 1344 1085 rey
1384 1025 1590 1085 vorkommen
1635 1025 1787 1085 müssen;
1832 1026 1895 1086 und
1935 1024 1994 1084 hat
2029 1027 2082 1087 bey
2122 1031 2176 1091 dem
2226 1034 2299 1094 allen

1293 1073 1364 1133 noch
1404 1073 1453 1133 die
1487 1073 1814 1133 Unverschämtheit,
1859 1075 1909 1135 sich
1948 1073 1997 1133 für
2037 1076 2136 1136 seinen
2176 1079 2303 1139 Freund

1288 1121 1517 1181 auszugeben.
1565 1124 1728 1184 Aduersae
1753 1124 1903 1184 fortunae
1927 1121 1992 1181 iram
2039 1124 2165 1184 semper
2194 1124 2311 1184 exper-

1295 1168 1344 1228 tus
1369 1172 1427 1232 est,
1452 1172 1506 1232 bis
1526 1172 1604 1232 etiam
1644 1175 1766 1235 castra,
1792 1175 1855 1235 non
1885 1175 2072 1235 Apollinis,
2097 1173 2146 1233 sed
2180 1175 2312 1235 Martis,

1291 1219 1383 1279 sequi
1398 1219 1528 1279 coactus
1562 1216 1571 1276 —
1633 1224 1740 1284 Verum
1787 1222 1950 1282 malumus
1975 1222 2081 1282 laudes
2105 1222 2133 1282 et
2152 1225 2236 1285 bona
2260 1223 2306 1283 vi¬

1283 1270 1317 1330 ri
1335 1273 1503 1333 enarrare,
1530 1273 1607 1333 quem
1651 1273 1711 1333 nos
1733 1273 1819 1333 valde
1846 1273 2014 1333 amamus,
2036 1274 2196 1334 cuiusque
2222 1273 2308 1333 ami¬

1291 1323 1386 1383 citiam
1430 1321 1592 1381 memoria
1617 1323 1703 1383 grata
1727 1323 1918 1383 repetimus.
1967 1322 2115 1382 Würden
2144 1324 2235 1384 wohl
2260 1324 2307 1384 die

1294 1375 1374 1435 Leser
1405 1375 1471 1435 uns
1512 1372 1553 1432 ein
1589 1374 1649 1434 Lob
1680 1374 1705 1434 im
1751 1370 1868 1430 Ernste
1894 1375 2082 1435 zutrauen,
2108 1375 2193 1435 wenn
2235 1377 2315 1437 wir,

1292 1423 1345 1483 zur
1367 1422 1642 1482 Nachahmung,
1669 1422 1722 1482 von
1759 1422 1806 1482 dem
1855 1422 1960 1482 Verf.
1988 1422 2013 1482 so
2046 1422 2178 1482 sagten:
2216 1417 2295 1477 ”Ein

1301 1473 1616 1533 "unternehmender
1645 1470 1744 1530 Geist
1767 1470 1872 1530 pflegt
1900 1473 1950 1533 sich
1989 1473 2083 1533 gleich
2128 1470 2299 1530 frühzeitig

1301 1521 1587 1581 "anzukündigen.
1636 1518 1727 1578 Eben
1755 1519 1814 1579 also
1842 1519 1896 1579 hat
1918 1521 1966 1581 der
1993 1521 2090 1581 große
2112 1523 2220 1583 Prof.
2248 1524 2306 1584 Kl.

1312 1569 1347 1629 'in
1379 1572 1482 1632 seinen
1519 1572 1653 1632 jüngern
1690 1571 1824 1631 Jahren
1856 1570 1990 1630 Proben
2032 1571 2120 1631 eines
2151 1572 2301 1632 muntern

1295 1617 1444 1677 "Kopfes
1470 1619 1526 1679 von
1558 1618 1603 1678 sich
1630 1619 1794 1679 gegeben,
1821 1618 1856 1678 da
1888 1616 1918 1676 er
1950 1619 2006 1679 aus
2043 1622 2093 1682 der
2115 1619 2305 1679 Landschule

1296 1649 1300 1709 "
1321 1658 1345 1718 zu
1376 1667 1442 1727 M.
1458 1664 1670 1724 entsprungen
1701 1664 1762 1724 ist;
1788 1661 1964 1721 (wiewohl
1985 1666 2051 1726 man
2082 1666 2132 1726 sich
2158 1667 2309 1727 darunter

1297 1706 1422 1766 "keinen
1451 1709 1475 1769 so
1510 1709 1726 1769 gefährlichen
1755 1704 1900 1764 Sprung
1934 1709 2098 1769 vorstellen
2137 1712 2233 1772 darf,
2262 1712 2310 1772 als

1290 1750 1462 1810 sehemals
1496 1751 1549 1811 der
1573 1751 1668 1811 große
1698 1754 1894 1814 Grotius
1923 1754 2018 1814 that;
2043 1757 2148 1817 nein,
2173 1757 2201 1817 es
2240 1760 2306 1820 war

1311 1799 1384 1859 blos
1415 1802 1451 1862 ein
1484 1803 1630 1863 Sprung
1656 1802 1711 1862 auf
1730 1805 1847 1865 ebener
1866 1805 1995 1865 Erde);
2032 1807 2105 1867 doch
2143 1808 2198 1868 wir
2230 1808 2309 1868 wol¬

1307 1852 1359 1912 'len
1386 1855 1486 1915 davon
1513 1855 1612 1915 nichts
1640 1855 1813 1915 gedenken,
1835 1855 1961 1915 sondern
1994 1858 2146 1918 vielmehr
2168 1858 2215 1918 die
2237 1861 2310 1921 Tu¬

1318 1906 1431 1966 genden
1473 1906 1555 1966 eines
1592 1906 1747 1966 Mannes
1778 1908 1943 1968 rühmen,
1980 1907 2072 1967 dessen
2115 1909 2305 1969 Verdienste

1287 1952 1374 2012 „wir
1395 1954 1565 2014 aufrichtig
1591 1954 1771 2014 verehren,
1803 1956 1859 2016 und
1886 1955 1911 2015 in
1948 1957 1999 2017 dem
2046 1957 2107 2017 wir
2133 1957 2215 2017 schon
2252 1957 2288 2017 itz

1290 1997 1359 2057 "ein
1391 2003 1518 2063 Gestirn
1551 2002 1641 2062 erster
1668 2004 1784 2064 Größe
1811 2005 1933 2065 funkeln
1960 2005 2072 2065 sehen,
2088 2008 2140 2068 das
2168 2010 2305 2070 dereinst

1315 2052 1346 2112 zu
1373 2055 1579 2115 allgemeiner
1606 2052 1864 2112 Bewunderung
1902 2055 1960 2115 sein
1987 2057 2066 2117 Licht
2093 2058 2151 2118 auf
2183 2060 2230 2120 die
2257 2059 2309 2119 ge¬

1304 2100 1412 2160 'lehrte
1440 2103 1532 2163 Welt
1549 2100 1787 2160 herabschießen
1820 2102 1918 2162 wird.

1339 2148 1413 2208 Den
1445 2150 1599 2210 Beschluß
1626 2151 1699 2211 mag
1721 2151 1763 2211 ein
1795 2151 1912 2211 andrer
1939 2154 2077 2214 Beweis
2099 2156 2199 2216 seiner
2226 2157 2305 2217 frey¬

1288 2202 1453 2262 müthigen
1481 2199 1768 2259 Wahrheitsliebe
1791 2202 1933 2262 machen.
1995 2203 2055 2263 Ein
2083 2205 2226 2265 gewisser
2249 2205 2298 2265 M.

1292 2252 1424 2312 Franz
1452 2249 1546 2309 hatte
1563 2249 1596 2309 zu
1629 2249 1750 2309 Leipzig
1784 2249 1851 2309 eine
1879 2249 2106 2309 Streitschrift
2134 2252 2305 2312 ausgefer¬

1287 2300 1373 2360 tigt:
1412 2299 1465 2359 des
1504 2298 1676 2358 Jnhalts:
1715 2299 1953 2359 philosophiam
2002 2298 2148 2358 moralem
2192 2303 2300 2363 prauis

1286 2348 1438 2408 moribus
1463 2348 1668 2408 corrigendis
1688 2345 1744 2405 non
1774 2348 1936 2408 sufficere.
1985 2347 2109 2407 Davon
2138 2350 2219 2410 wird
2248 2354 2300 2414 S.

1286 2399 1375 2459 109.
1399 2399 1458 2459 also
1488 2397 1683 2457 geurtheilt.
1743 2398 1861 2458 Neque
1898 2396 1956 2456 ipse
1987 2396 2140 2456 Franzius
2170 2401 2288 2461 aliquid

1290 2445 1374 2505 noui
1391 2446 1416 2506 in
1443 2446 1502 2506 hoc
1529 2444 1640 2504 libello
1667 2443 1766 2503 dixit,
1794 2446 1894 2506 neque
1921 2446 1989 2506 apte
2016 2443 2042 2503 et
2064 2449 2228 2509 sapienter
2249 2451 2302 2511 iis,

1287 2496 1364 2556 quae
1390 2496 1534 2556 sexcenti
1555 2494 1642 2554 super
1669 2491 1730 2551 hoc
1757 2494 1952 2554 argumento
1984 2494 2190 2554 scripserint,
2221 2501 2293 2561 vsus

1286 2545 1345 2605 est.
1391 2544 1532 2604 Quare,
1558 2542 1613 2602 cur
1638 2540 1693 2600 has
1714 2544 1840 2604 chartas
1860 2545 2062 2605 perdiderit,
2093 2548 2203 2608 causam
2248 2551 2298 2611 vi-

1286 2593 1342 2653 deo
1369 2593 1524 2653 nullam,
1546 2590 1675 2650 praeter
1696 2593 1800 2653 hanc,
1826 2593 1909 2653 quod
1946 2593 2081 2653 libellum
2128 2599 2200 2659 suum
2248 2599 2304 2659 de¬

1283 2643 1367 2703 ferri
1389 2643 1489 2703 voluit
1511 2642 1537 2702 in
1565 2641 1633 2701 viam
1670 2643 1946 2703 Grimmensem,
1973 2643 2100 2703 halecem

1705 2715 1929 2775 vendentem,
1952 2715 2005 2775 tus
2033 2715 2063 2775 et
2095 2721 2229 2781 adores,

1335 2763 1370 2823 et
1395 2766 1509 2826 piper,
1540 2763 1570 2823 et
1595 2764 1752 2824 quicquid
1783 2766 1904 2826 chartis
1935 2766 2086 2826 amicitut
2117 2769 2255 2829 ineptis.

1282 2841 1384 2901 Ausus
1406 2838 1449 2898 est
1471 2835 1546 2895 etiam
1590 2838 1767 2898 aliquoties
1790 2838 1821 2898 de
1844 2839 1989 2899 antiquis
2011 2840 2216 2900 philosophis
2249 2838 2292 2898 sa¬

1285 2891 1324 2951 tis
1345 2888 1537 2948 arroganter
1558 2888 1729 2948 iudicare,
1760 2888 1866 2948 neque
1896 2888 2002 2948 tamen
2038 2885 2224 2945 cogitauit,
2260 2886 2290 2946 se

2163 2936 2273 2996 eorum
