2479 3508
219 330 429 390 Verdiensten
468 333 532 393 und
566 330 728 390 Talenten
761 330 972 390 vorbehalten
1005 330 1096 390 war.

1168 330 1226 390 Ein

228 381 461 441 weltkundiger
494 382 571 442 Fall
594 380 666 440 war
689 383 744 443 ihr
772 380 888 440 ganzer
922 380 1016 440 Ruf.

1082 380 1180 440 Dies
1208 377 1247 437 ist

224 429 284 489 das
307 428 406 488 Werk
429 428 484 488 der
507 431 717 491 Eigenliebe.
762 428 845 488 Wie
873 430 956 490 viele
984 428 1105 488 witzige
1134 428 1244 488 Köpfe

232 479 319 539 zählt
348 479 430 539 nicht
458 478 535 538 diese
569 479 734 539 Begierde
762 479 856 539 unter
884 479 955 539 ihre
978 479 1248 539 Schlachtopfer,

231 525 280 585 die
303 527 352 587 sich
380 529 468 589 durch
497 527 546 587 die
569 527 673 587 Kunst
696 528 785 588 selbst
807 529 995 589 unglücklich
1024 530 1167 590 gemacht
1195 527 1250 587 ha¬

232 574 316 634 ben,
359 578 412 638 die
439 578 533 638 ihnen
571 578 671 638 Ruhm
714 578 899 638 verschaffen
937 578 1052 638 sollte,
1091 578 1143 638 die
1175 577 1248 637 aber

233 621 302 681 bloß
341 625 471 685 diente,
493 627 536 687 sie
564 625 596 685 zu
623 627 857 687 erniedrigen!
906 627 981 687 Die
1009 625 1166 685 Eitelkeit
1194 625 1253 685 hat

233 673 326 733 ihnen
360 673 459 733 Wege
483 676 737 736 vorgezeichnet,
760 676 875 736 welche
892 675 941 735 ihr
964 676 1124 736 Ehrgeiz,
1142 674 1180 734 sie
1197 673 1252 733 mit

237 725 372 785 hitziger
396 724 451 784 Eil
469 724 678 784 durchlaufen
713 727 802 787 läßt.

861 724 975 784 Durch
1003 724 1252 784 Verzweiflung

237 772 415 832 getrieben,
427 773 475 833 die
497 772 567 832 eine
589 775 779 835 schändliche
801 775 1001 835 Niederlage
1028 775 1131 835 erregt
1153 775 1239 835 hatte

241 822 284 882 sah
318 822 384 882 man
412 822 450 882 sie
473 819 516 879 oft
539 822 589 882 zur
617 821 722 881 Rache
744 822 893 882 greifen,
928 824 977 884 sich
1010 825 1060 885 der
1082 822 1181 882 Wuth
1215 819 1242 879 zu

237 873 388 933 schreiben
427 873 632 933 überlaßen,
666 873 866 933 ungereimte
888 873 1116 933 Lehrgebäude
1143 870 1262 930 errich¬

232 920 311 980 ten,
338 921 385 981 die
418 921 554 981 Tugend
587 923 756 983 anfallen,
789 923 846 983 das
879 924 1058 984 Verdienst
1085 921 1254 981 verrufen,

240 972 336 1032 kurz,
364 969 450 1029 durch
478 969 548 1029 ihre
570 969 732 1029 seltsamen
761 969 928 1029 Schriften
967 971 1020 1031 der
1042 970 1258 1030 Menschlich=

236 1017 298 1077 keit
319 1017 474 1077 Schande
500 1016 650 1076 machen.
723 1016 879 1076 Umsonst
905 1018 977 1078 aber
1009 1019 1101 1079 geben
1138 1019 1174 1079 sie
1206 1016 1252 1076 die

246 1065 361 1125 Musen
395 1064 444 1124 als
466 1064 703 1124 Mitschuldige
725 1064 813 1124 ihrer
836 1064 934 1124 Wuth
973 1064 1033 1124 und
1067 1064 1155 1124 ihres
1183 1063 1254 1123 Be¬

240 1114 332 1174 trugs
354 1115 418 1175 an;
435 1112 472 1172 sie
490 1112 646 1172 beseufzen
668 1112 825 1172 vielmehr
842 1112 906 1172 ihre
928 1112 1258 1172 Ausschweifungen.

285 1163 355 1223 Die
383 1163 476 1223 Liebe
509 1163 564 1223 zum
614 1163 755 1223 Ruhme
790 1163 887 1223 bildet
915 1163 970 1223 den
1003 1162 1156 1222 Helden;
1195 1162 1255 1222 und

243 1213 287 1273 ein
315 1213 398 1273 edler
420 1213 558 1273 Ehrgeiz
581 1213 641 1273 hat
664 1213 713 1273 der
736 1213 830 1273 Welt
847 1213 913 1273 eine
941 1212 1073 1272 Menge
1096 1210 1250 1270 Gelehrte

238 1264 424 1324 geschenkt,
447 1264 492 1324 die
521 1267 650 1327 Zierden
679 1264 837 1324 derselben
866 1264 945 1324 sind.
1002 1264 1075 1324 Die
1098 1261 1256 1321 großmü¬

240 1312 327 1372 thige
354 1314 549 1374 Sorgfalt,
583 1313 637 1373 die
665 1314 697 1374 er
725 1313 762 1373 sie
790 1315 969 1375 anwenden
1008 1315 1100 1375 ließ,
1128 1312 1257 1372 brachte

240 1364 305 1424 jene
330 1363 562 1423 unsterblichen
598 1363 754 1423 Werke,
795 1365 845 1425 die
876 1366 996 1426 ewigen
1037 1363 1248 1423 Denkmaale

236 1410 289 1470 des
316 1410 517 1470 Verstandes
539 1413 602 1473 und
634 1413 681 1473 der
709 1413 953 1473 Wissenschaft,
969 1413 1106 1473 hervor.
1128 1413 1244 1473 Durch

231 1461 532 1521 unüberwindliche
554 1462 850 1522 Standhaftigkeit
867 1464 960 1524 haben
986 1464 1017 1524 sie
1039 1464 1080 1524 die
1101 1461 1257 1521 Schwie=

230 1509 382 1569 rigkeiten
416 1510 464 1570 der
487 1512 596 1572 Kunst
613 1512 754 1572 besiegt;
788 1514 841 1574 der
864 1512 1049 1572 Mißgunst
1066 1512 1256 1572 Verschwö¬

231 1560 355 1620 rungen
387 1560 511 1620 dienten
543 1562 630 1622 nur,
662 1563 755 1623 ihren
792 1563 952 1623 Triumph
989 1563 1181 1623 berühmter
1213 1563 1243 1623 zu

234 1608 383 1668 machen.
436 1608 508 1668 Sie
529 1610 705 1670 bändigten
736 1610 783 1670 die
810 1612 1027 1672 Eigenliebe,
1053 1612 1115 1672 und
1146 1613 1244 1673 ließen

239 1655 339 1715 davon
385 1657 451 1717 nur
487 1656 592 1716 soviel
628 1661 759 1721 übrig,
800 1661 845 1721 als
881 1661 967 1721 ihren
1008 1661 1169 1721 Talenten
1205 1660 1260 1720 nö¬

235 1705 307 1765 thig
342 1703 431 1763 war.

289 1742 365 1802 Wir
402 1745 510 1805 wollen
552 1745 613 1805 uns
655 1745 742 1805 nicht
763 1745 881 1805 irren;
908 1745 959 1805 die
990 1745 1181 1805 Eigenliebe
1217 1745 1258 1805 ist

231 1793 392 1853 nützlich;
419 1793 491 1853 ihre
507 1790 700 1850 Schranken
737 1790 809 1850 aber
841 1790 955 1850 müssen
993 1793 1070 1853 enge
1107 1793 1263 1853 umzeich¬

240 1840 295 1900 net
318 1840 412 1900 seyn.
479 1840 562 1900 Wie
596 1842 673 1902 viele
707 1843 835 1903 würden
869 1843 962 1903 wohl
991 1843 1074 1903 ohne
1102 1846 1141 1906 sie
1169 1843 1257 1903 jener

245 1891 371 1951 Menge
388 1891 440 1951 von
467 1891 619 1951 Werken,
646 1891 693 1951 die
710 1891 857 1951 Beweise
878 1894 931 1954 der
947 1894 1168 1954 Wissenschaft
1190 1894 1247 1954 und

231 1942 280 2002 des
319 1942 565 2002 Geschmacks,
598 1945 746 2005 bekannt
779 1945 926 2005 gemacht
954 1943 1091 2003 haben?
1141 1945 1244 2005 Allein

231 1995 307 2055 man
340 1993 416 2053 muß
455 1993 655 2053 aufmerksam
711 1993 808 2053 seyn,
842 1993 934 2053 ihren
973 1993 1244 2053 verführerischen

243 2042 497 2102 Eingebungen,
524 2043 587 2103 und
609 2041 826 2101 vornehmlich
853 2043 905 2103 den
932 2042 1170 2102 Lobsprüchen,
1203 2043 1250 2103 die

238 2091 274 2151 sie
296 2092 523 2152 veranlaßen,
550 2091 576 2151 zu
609 2091 836 2151 widerstehen.
911 2091 979 2151 Oft
1001 2092 1080 2152 darf
1107 2091 1175 2151 man
1213 2091 1250 2151 sie

236 2140 299 2200 nur
326 2140 368 2200 als
395 2142 442 2202 die
463 2140 585 2200 Frucht
607 2139 653 2199 der
675 2139 944 2199 Schmeicheley,
956 2142 1040 2202 nicht
1062 2142 1109 2202 der
1136 2142 1257 2202 Wahr¬

240 2192 319 2252 heit,
335 2190 494 2250 ansehen;
526 2190 606 2250 stets
638 2190 706 2250 muß
744 2190 812 2250 man
850 2190 897 2250 sich
930 2190 961 2250 zu
999 2190 1168 2250 überreden
1211 2188 1258 2248 su¬

236 2237 341 2297 chen,
361 2237 416 2297 daß
442 2237 557 2297 andrer
583 2239 799 2299 Gefälligkeit
820 2237 849 2297 zu
880 2239 930 2299 den
956 2240 1137 2300 verdienten
1172 2240 1252 2300 neue

237 2285 433 2345 Lobsprüche
455 2285 645 2345 hinzusetze.
695 2288 788 2348 Dies
816 2286 875 2346 sind
897 2288 940 2348 die
962 2288 1137 2348 mächtigen
1170 2288 1256 2348 Mit¬

237 2335 278 2395 tel
304 2333 402 2393 diesen
428 2333 666 2393 fürchterlichen
698 2336 873 2396 Tyrannen
905 2339 931 2399 zu
963 2339 1122 2399 besiegen,
1149 2339 1200 2399 der
1221 2336 1247 2396 so

240 2384 441 2444 eifersüchtig
474 2383 533 2443 ist,
566 2382 647 2442 seine
680 2384 870 2444 Herrschaft
898 2385 930 2445 zu
963 2390 1163 2450 erweitern,
1196 2385 1250 2445 der

243 2435 426 2495 Schwache
443 2432 492 2492 sich
520 2429 737 2489 unterwirft,
766 2435 916 2495 zuweilen
949 2439 1055 2499 Kluge
1089 2437 1250 2497 verführt,

235 2485 291 2545 das
320 2487 410 2547 Herz
440 2482 598 2542 gefangen
639 2479 781 2539 nimmt,
816 2482 866 2542 den
907 2486 1065 2546 Verstand
1106 2485 1253 2545 blendet,

239 2533 337 2593 kurz,
362 2536 387 2596 in
419 2536 486 2596 eine
511 2530 746 2590 Trunkenheit
765 2530 882 2590 stürzt,
914 2534 963 2594 die
995 2537 1043 2597 für
1081 2539 1131 2599 den
1162 2536 1254 2596 Fort¬

234 2586 316 2646 gang
350 2584 398 2644 der
426 2584 564 2644 Talente
586 2581 624 2641 am
663 2578 877 2638 schädlichsten
911 2584 959 2644 ist.

290 2632 411 2692 Nichts
434 2632 472 2692 ist
494 2635 687 2695 nützlicher,
721 2629 759 2689 um
809 2629 858 2689 die
881 2632 1013 2692 Klippen
1058 2635 1107 2695 der
1130 2635 1251 2695 Eigen=

234 2682 311 2742 liebe
333 2682 363 2742 zu
390 2679 608 2739 vermeiden,
630 2681 681 2741 als
713 2675 759 2735 die
791 2673 973 2733 rührenden
1005 2682 1181 2742 Beyspiele
1208 2682 1249 2742 je¬

237 2731 290 2791 ner
318 2730 431 2790 großen
458 2730 637 2790 Männer,
665 2727 713 2787 die
735 2724 805 2784 eben
833 2722 854 2782 so
882 2727 1033 2787 berühmt
1055 2732 1141 2792 durch
1174 2732 1244 2792 ihre

237 2778 528 2838 Wissenschaften,
556 2778 604 2838 als
637 2779 690 2839 der
718 2775 810 2835 Welt
838 2773 924 2833 durch
957 2777 1027 2837 ihre
1060 2781 1232 2841 Tugenden

232 2829 288 2889 lieb
320 2829 453 2889 waren.
500 2826 572 2886 Die
604 2829 902 2889 Parmeniden
939 2823 1026 2883 sahen
1063 2832 1238 2892 diejenigen

238 2879 285 2939 als
309 2879 486 2939 Unsinnige
510 2881 574 2941 an,
599 2882 710 2942 welche
734 2880 782 2940 sich
818 2877 870 2937 für
906 2874 1059 2934 wirkliche
1084 2882 1242 2942 Gelehrte

1287 327 1424 387 hielten.
1497 330 1575 390 Der
1617 330 1713 390 weise
1744 333 1966 393 Socrates
2009 330 2104 390 schrie
2135 333 2309 393 überlaut,

1286 374 1319 434 er
1354 374 1443 434 wisse
1472 377 1602 437 nichts.
1659 383 1737 443 Die
1761 380 2071 440 Phereciden,
2100 380 2144 440 die
2173 383 2302 443 Zeno,

1293 425 1342 485 die
1376 425 1690 485 Eupedocles,
1730 431 1829 491 haben
1868 431 1917 491 die
1951 430 2188 490 Ungewißheit
2211 429 2304 489 ihrer

1292 473 1512 533 Kenntnisse,
1535 476 1585 536 den
1620 479 1738 539 kleinen
1772 482 1913 542 Umfang
1947 482 2037 542 ihrer
2066 478 2308 538 Wissenschaft,

1296 524 1484 584 gestanden.
1556 522 1621 582 Ich
1647 527 1751 587 werde
1771 530 1830 590 also
1857 530 1966 590 reden,
1993 530 2077 590 sagte
2097 530 2149 590 der
2169 527 2298 587 Redner

1314 572 1481 632 Roms,
1509 574 1562 634 daß
1590 577 1627 637 ich
1661 578 1763 638 nichts
1791 580 2007 640 ausdrücklich
2034 579 2234 639 bekräftige;
2256 577 2299 637 ich

1296 618 1387 678 "will
1421 622 1447 682 in
1486 622 1556 682 mich
1594 625 1686 685 selbst
1714 626 1756 686 ein
1795 628 1990 688 Mißtrauen
2028 629 2147 689 setzen,
2175 627 2239 687 will
2267 625 2299 685 an

1315 669 1392 729 allem
1432 673 1609 733 zweifeln,
1632 675 1692 735 und
1721 676 1781 736 also
1810 676 1859 736 die
1882 676 2065 736 Wahrheit
2088 679 2120 739 zu
2149 678 2298 738 erkennen

1324 718 1447 778 suchen.
1525 721 1592 781 Wo
1623 724 1736 784 könnte
1768 727 1835 787 man
1872 727 2057 787 würdigere
2089 727 2222 787 Muster
2254 727 2305 787 der

1296 769 1588 829 Bewunderung,
1621 774 1680 834 und
1714 775 1908 835 mächtigern
1941 775 2108 835 Beystand
2142 775 2174 835 zu
2207 772 2309 832 Ersti¬

1287 819 1381 879 ckung
1419 819 1471 879 der
1504 822 1694 882 Eigenliebe
1726 825 1789 885 und
1811 822 2038 882 Vermeidung
2071 822 2154 882 ihrer
2182 825 2308 885 Blend¬

1292 867 1392 927 werke
1414 870 1552 930 finden,
1585 870 1632 930 als
1669 872 1716 932 die
1744 873 1855 933 Lehren
1888 873 1977 933 jener
1999 875 2136 935 Meister
2169 875 2216 935 der
2243 875 2312 935 Be¬

1293 918 1508 978 redsamkeit,
1531 921 1617 981 jener
1645 921 1763 981 Orakel
1785 921 1834 981 der
1856 921 2050 981 Weisheit?

1341 966 1452 1026 Durch
1489 968 1542 1028 den
1580 969 1754 1029 Gebrauch
1791 967 1844 1027 der
1876 969 2003 1029 Waffen
2046 972 2098 1032 der
2131 972 2310 1032 Vernunft

1291 1012 1368 1072 kann
1405 1013 1477 1073 man
1514 1016 1612 1076 diesen
1649 1013 1824 1073 mächtigen
1867 1016 1964 1076 Feind
1996 1019 2213 1079 bezwingen,
2245 1021 2296 1081 den

1296 1061 1481 1121 Hochmuth
1508 1064 1662 1124 erzeugt,
1689 1064 1747 1124 und
1774 1063 2013 1123 Schwachheit
2034 1064 2203 1124 verstärkt.
2236 1067 2309 1127 Die

1297 1109 1503 1169 Belohnung
1531 1111 1626 1171 dieser
1649 1112 1832 1172 Triumphe
1855 1112 1894 1172 ist
1917 1112 1983 1172 sehr
2006 1112 2179 1172 schätzbar.
2219 1113 2302 1173 Man

1300 1157 1445 1217 sammelt
1467 1160 1565 1220 davon
1592 1163 1619 1223 in
1652 1164 1738 1224 jedem
1782 1163 1993 1223 Augenblicke
2026 1160 2080 1220 des
2102 1160 2221 1220 Lebens
2254 1161 2307 1221 die

1291 1207 1444 1267 schönsten
1479 1212 1649 1272 Früchte;
1695 1216 1746 1276 die
1775 1213 2031 1273 Zufriedenheit
2054 1213 2105 1273 des
2140 1211 2309 1271 Herzens,

1289 1256 1344 1316 das
1368 1258 1575 1318 Wachsthum
1621 1261 1670 1321 des
1699 1266 1918 1326 Verstandes,
1935 1264 1980 1324 die
2003 1264 2317 1324 Vollkommenheit

1298 1310 1347 1370 der
1370 1312 1536 1372 Talente,
1564 1315 1774 1375 erwünschten
1803 1318 1902 1378 Ruf,
1930 1315 1975 1375 die
2009 1315 2096 1375 Liebe
2130 1315 2185 1375 der
2208 1313 2313 1373 Welt,

1293 1361 1348 1421 den
1376 1362 1482 1422 Preis
1504 1363 1554 1423 der
1577 1366 1955 1426 Nachkommenschaft,
1989 1366 2089 1426 kurz,
2123 1365 2178 1425 das
2206 1363 2311 1423 Glück

1293 1411 1349 1471 des
1373 1410 1508 1470 Lebens.
1537 1413 1609 1473 Die
1627 1414 1728 1474 ganze
1746 1416 1830 1476 Welt
1853 1415 1988 1475 bestrebt
2006 1413 2073 1473 sich,
2091 1413 2141 1473 dem
2181 1412 2294 1472 großen

1293 1462 1433 1522 Manne
1455 1464 1708 1524 Siegeszeichen
1736 1465 1978 1525 aufzurichten;
2011 1464 2103 1524 allein
2136 1461 2195 1521 nur
2217 1461 2297 1521 dann

1297 1514 1330 1574 ist
1348 1512 1370 1572 er
1393 1513 1444 1573 es,
1456 1513 1541 1573 wenn
1564 1512 1592 1572 er
1609 1515 1666 1575 mit
1684 1515 1729 1575 den
1758 1515 1911 1575 Talenten
1934 1515 2070 1575 Tugend
2094 1515 2275 1575 verbindet.

1719 1658 1891 1718 Zittau.

1346 1699 1531 1759 „Cleone
1566 1700 1639 1760 und
1668 1700 1843 1760 Elvire;
1872 1703 1956 1763 zwey
1980 1705 2228 1765 Trauerspiele,
2246 1703 2302 1763 aus

1313 1742 1372 1802 'dem
1412 1743 1622 1803 Englischen,
1647 1742 1730 1802 8vo,
1751 1745 1863 1805 1764,
1883 1748 1922 1808 12
1947 1745 2089 1805 Bogen.
2144 1748 2217 1808 Von
2247 1748 2300 1808 den

1293 1790 1493 1850 Originalen
1520 1793 1558 1853 ist
1574 1793 1634 1853 uns
1667 1793 1780 1853 bereits
1808 1793 1867 1853 das
1889 1793 1948 1853 1ste
1970 1796 1997 1856 im
2036 1796 2105 1856 4ten
2128 1796 2230 1856 Stuͤck
2253 1796 2306 1856 des

1292 1843 1363 1903 4ten
1402 1842 1546 1902 Bandes
1579 1843 1629 1903 der
1657 1846 1834 1906 brittischen
1873 1846 2067 1906 Bibliothek
2096 1847 2234 1907 bekannt
2262 1846 2311 1906 ge¬

1292 1891 1400 1951 macht
1416 1891 1565 1951 worden.
1617 1894 1689 1954 Die
1710 1894 1937 1954 Uebersetzung
1969 1897 2102 1957 scheinet
2129 1897 2190 1957 uns
2227 1897 2309 1957 nicht

1297 1941 1374 2001 übel
1391 1942 1541 2002 gerathen
1570 1943 1597 2003 zu
1625 1945 1725 2005 seyn;
1748 1944 1786 2004 ob
1814 1945 1863 2005 sich
1886 1945 1981 2005 wohl
1998 1945 2064 2005 hier
2087 1945 2148 2005 und
2176 1945 2209 2005 da
2237 1948 2303 2008 noch

1296 1990 1428 2050 Stellen
1466 1993 1640 2053 verbessern
1678 1993 1799 2053 ließen.
1853 1996 1937 2056 Wir
1964 1996 2065 2056 haben
2102 1993 2139 2053 sie
2166 1995 2229 2055 mit
2256 1996 2308 2056 der

1293 2040 1520 2100 Uebersetzung
1543 2042 1570 2102 in
1598 2042 1647 2102 der
1670 2043 1847 2103 brittischen
1875 2043 2069 2103 Bibliothek
2103 2043 2308 2103 verglichen;

1292 2086 1353 2146 und
1380 2090 1482 2150 finden
1509 2088 1560 2148 itzt
1581 2090 1632 2150 bey
1664 2091 1782 2151 dieser,
1808 2091 1859 2151 itzt
1881 2091 1932 2151 bey
1953 2094 2040 2154 jener
2067 2094 2164 2154 etwas
2196 2094 2226 2154 zu
2263 2093 2309 2153 er¬

1292 2139 1432 2199 innern.
1476 2139 1589 2199 Gleich
1622 2141 1761 2201 anfangs
1784 2139 1869 2199 sagen
1902 2143 1993 2203 beyde
2016 2144 2209 2204 Uebersetzer
2243 2145 2301 2205 auf

1293 2186 1359 2246 eine
1381 2187 1553 2247 schielende
1576 2187 1658 2247 Art:
1687 2190 1791 2250 ”habe
1814 2190 1852 2250 ich
1881 2190 1925 2250 dir
1947 2193 2030 2253 nicht
2053 2193 2224 2253 Proben
2258 2192 2307 2252 ge¬

1314 2234 1432 2294 geben,
1449 2234 1503 2294 daß
1531 2234 1611 2294 mein
1639 2234 1725 2294 Herz
1748 2240 1801 2300 das
1829 2240 1953 2300 deinige
1975 2234 2056 2294 ist?”
2106 2236 2187 2296 Das
2203 2240 2305 2300 Wort

1297 2282 1412 2342 proof,
1435 2282 1495 2342 das
1529 2284 1611 2344 zwar
1640 2286 1723 2346 sonst
1751 2289 1794 2349 die
1823 2288 2017 2348 Bedeutung
2051 2288 2200 2348 Probe
2233 2292 2305 2352 hat,

1291 2336 1373 2396 sollte
1404 2333 1471 2393 hier
1502 2333 1584 2393 nicht
1610 2336 1723 2396 anders
1755 2337 1806 2397 als
1837 2339 1930 2399 durch
1961 2336 2136 2396 Beweis
2178 2339 2301 2399 ausge¬

1286 2384 1394 2444 drückt
1415 2384 1559 2444 werden.
1612 2384 1684 2444 Die
1700 2390 1881 2450 unrichtige
1907 2384 2171 2444 Verwechselung
2202 2391 2300 2451 dieser

1288 2432 1398 2492 beyden
1426 2435 1608 2495 Ausdrücke
1631 2434 1747 2494 kömmt
1770 2437 1958 2497 überhaupt
1981 2435 2030 2495 bey
2058 2437 2163 2497 unsern
2186 2440 2301 2500 Ueber=

1285 2482 1392 2542 setzern
1421 2484 1534 2544 häufig
1563 2482 1653 2542 vor;
1687 2483 1732 2543 ein
1767 2485 1907 2545 Fehler,
1936 2485 1992 2545 den
2027 2485 2089 2545 wir
2118 2487 2179 2547 uns
2214 2492 2298 2552 nicht

1286 2533 1402 2593 anders
1430 2533 1455 2593 zu
1493 2530 1631 2590 erklären
1663 2533 1801 2593 wissen,
1834 2536 1881 2596 als
1913 2536 1971 2596 aus
2003 2536 2056 2596 der
2078 2542 2300 2602 Eilfertigkeit

1288 2581 1381 2641 dieser
1404 2583 1553 2643 Herren.
1597 2581 1747 2641 Probe
1780 2587 1813 2647 ist
1841 2587 1885 2647 die
1907 2584 1985 2644 erste
2007 2590 2222 2650 Bedeutung,
2245 2593 2294 2653 die

1291 2632 1334 2692 sich
1372 2632 1393 2692 im
1443 2629 1681 2689 Wörterbuche
1703 2635 1812 2695 zeigt;
1845 2635 1953 2695 sobald
1981 2635 2018 2695 sie
2046 2638 2127 2698 diese
2160 2640 2219 2700 mit
2242 2641 2290 2701 den

1287 2681 1395 2741 Augen
1422 2677 1563 2737 erhascht
1585 2679 1704 2739 haben,
1721 2685 1840 2745 machen
1868 2682 1905 2742 sie
1927 2682 2100 2742 geschwind
2128 2687 2182 2747 das
2204 2688 2290 2748 Buch

1282 2733 1341 2793 zu,
1368 2730 1427 2790 und
1449 2727 1557 2787 fahren
1590 2733 1785 2793 unermüdet
1802 2733 1828 2793 im
1872 2733 2051 2793 Schreiben
2078 2734 2159 2794 fort.
2197 2733 2289 2793 Doch

1281 2778 1384 2838 dieses
1422 2775 1606 2835 beylänfig.
1666 2784 1758 2844 Noch
1803 2784 1889 2844 einen
1933 2784 2095 2844 wichtigen
2134 2781 2290 2841 Umstand

1288 2829 1403 2889 müssen
1437 2823 1492 2883 wir
1515 2829 1691 2889 berühren.
1742 2833 1790 2893 Im
1830 2829 2028 2889 Vorbericht
2045 2832 2100 2892 zur
2129 2829 2294 2889 Cleone

1282 2878 1361 2938 wird
1390 2878 1520 2938 gesagt,
1544 2879 1663 2939 Pope
1686 2885 1765 2945 habe
1800 2885 1839 2945 ein
1869 2883 2084 2943 Trauerspiel
2107 2878 2181 2938 nach
2216 2876 2300 2936 dem¬

2182 2927 2279 2987 selben
