2479 3508
228 324 260 384 zu
287 324 398 384 statten
425 324 568 384 kömmt,
589 324 679 384 wenn
706 324 739 384 er
759 324 994 384 Specereyen,
1015 322 1139 382 Wein,
1159 321 1243 381 Hee¬

219 372 288 432 ring
321 374 352 434 u.
374 374 400 434 s.
417 374 459 434 w.
480 374 533 434 von
566 373 704 433 Rostock
726 372 837 432 holet,
859 373 975 433 welche
997 371 1140 431 Waaren
1173 371 1247 431 als¬

225 421 300 481 denn
333 422 354 482 in
388 422 436 482 den
464 422 713 482 Pommerschen
741 419 887 479 Städten
932 420 997 480 eben
1041 420 1062 480 so
1095 419 1246 479 wohlfeil

230 472 262 532 zu
300 473 403 533 haben
441 473 505 533 seyn
544 473 690 533 werden.
762 470 837 530 Der
870 469 1016 529 Gewinn
1049 470 1103 530 für
1131 467 1244 527 unsere

1071 512 1151 572 Sie
1169 518 1254 578 wer¬

232 521 362 581 Städte
388 521 465 581 wird
493 521 638 581 hiedurch
669 521 861 581 verdoppelt
883 521 1028 581 werden.

227 572 281 632 den
315 572 374 632 das
402 571 570 631 Getrayde
604 571 663 631 und
696 571 745 631 die
778 569 886 629 Wolle
915 569 1001 629 selbst
1029 569 1252 629 verhandlen,

233 619 346 679 welche
374 621 552 681 diejenigen
590 619 617 679 so
650 619 851 679 Ländereyen
889 618 1040 678 besitzen,
1074 619 1143 679 jetzt
1171 616 1241 676 nach

228 667 361 727 Rostock
384 670 545 730 bringen,
574 670 606 730 da
635 668 668 728 sie
691 669 757 729 doch
791 667 818 727 zu
847 667 1024 727 Abholung
1058 667 1253 727 obbenann¬

230 718 273 778 ter
301 717 443 777 Waaren
471 716 597 776 Wagen
630 718 723 778 dahin
751 718 876 778 schicken
910 716 1046 776 müssen.

417 766 734 826 Petersburg,
756 766 810 826 den
849 766 909 826 26.
937 766 1062 826 Octob.

283 813 363 873 Wie
387 816 450 876 man
485 816 664 876 versichert,
688 814 716 874 so
740 813 861 873 werden
890 814 1052 874 künftiges
1076 813 1248 873 Frühjahr

235 865 366 925 unweit
393 866 525 926 hiesiger
552 865 752 925 Hauptstadt
774 864 890 924 40000
928 864 1033 924 Mann
1070 863 1250 923 regulairer

238 915 390 975 Truppen
425 915 635 975 versammlet
653 912 806 972 werden,
841 915 903 975 und
932 915 1022 975 Jhro
1046 912 1249 972 Kayserliche

239 967 410 1027 Majestät
429 966 475 1026 die
494 963 612 1023 Revüe
637 963 713 1023 über
737 960 849 1020 selbige
880 960 1003 1020 halten.

462 1010 722 1070 Warschau,
756 1009 809 1069 den
848 1007 913 1067 22.
941 1007 1038 1067 Nov.

288 1061 362 1121 Auf
392 1058 444 1118 das
474 1058 677 1118 zukünftigen
712 1054 869 1114 Sonntag
898 1055 1090 1115 einfallende
1114 1055 1258 1115 Königl.

235 1109 504 1169 Krönungsfest,
527 1106 589 1166 sind
617 1106 701 1166 schon
729 1103 791 1163 alle
814 1103 976 1163 Anstalten
1005 1103 1060 1163 und
1089 1103 1251 1163 prächtige

238 1157 477 1217 Zurichtungen
510 1157 788 1217 vorgenommen,
816 1154 860 1214 die
882 1154 985 1214 ganze
1008 1151 1252 1211 Warschausche

240 1207 407 1267 Altstadt,
429 1204 602 1264 besonders
630 1205 678 1265 der
706 1207 797 1267 Ring
836 1203 894 1263 und
928 1204 976 1264 die
1004 1201 1128 1261 darauf
1144 1198 1257 1258 errich¬

234 1258 303 1318 tete
325 1258 568 1318 Ehrenpforte,
590 1258 675 1318 nicht
702 1255 829 1315 minder
857 1253 904 1313 die
936 1252 1132 1312 vornehmen
1170 1252 1260 1312 herr¬

248 1307 436 1367 schaftlichen
470 1306 636 1366 Palläste,
659 1305 719 1365 und
747 1303 797 1363 die
820 1304 1041 1364 Wohnungen
1086 1301 1135 1361 des
1164 1303 1257 1363 Ruß.

238 1358 383 1418 Kaiserl.
406 1357 462 1417 und
502 1355 642 1415 Königl.
665 1354 804 1414 Preuß.
833 1354 1091 1414 Abgesandten,
1125 1354 1248 1414 werden

245 1407 301 1467 mit
328 1404 520 1464 Oellampen
546 1404 743 1464 illuminirt.
796 1402 869 1462 Die
890 1402 915 1462 in
942 1402 1170 1462 Compagnien
1196 1402 1258 1462 ein¬

248 1455 400 1515 getheilte
424 1455 730 1515 Kaufmannschaft
747 1452 809 1512 und
838 1452 894 1512 alle
923 1452 1041 1512 Zünfte
1065 1452 1183 1512 werden
1212 1449 1262 1509 be¬

243 1503 378 1563 waffnet
395 1503 428 1563 um
467 1505 558 1565 diesem
598 1503 673 1563 Actu
696 1503 750 1563 zur
762 1500 913 1560 Assistenz
931 1501 1192 1561 beyzuwohnen,
1209 1499 1257 1559 auf

237 1554 372 1614 welchen
400 1551 480 1611 schon
513 1554 588 1614 viele
622 1554 740 1614 Herren
779 1551 979 1611 Senatoren
1012 1551 1071 1611 und
1104 1551 1255 1611 Landbo=
1294 1551 1352 1611 und
1380 1552 1428 1612 dem
1467 1554 1651 1614 prächtigen
1679 1557 1916 1617 Namenszuge
1949 1554 2024 1614 Sr.
2041 1556 2181 1616 Königl.
2209 1551 2306 1611 Maj.

237 1605 290 1665 ten
317 1604 348 1664 zu
381 1602 433 1662 dem
487 1602 757 1662 bevorstehenden
801 1602 1172 1662 Krönungsreichstage
1210 1598 1263 1658 be¬

245 1651 322 1711 reits
354 1649 561 1709 eingetroffen
598 1649 692 1709 seyn,
734 1648 795 1708 und
827 1648 900 1708 noch
937 1649 1050 1709 täglich
1077 1643 1242 1703 eintreffen

246 1699 342 1759 unter
361 1697 472 1757 welche
501 1695 545 1755 die
569 1694 694 1754 Billets
724 1691 839 1751 bereits
869 1691 1090 1751 ausgetheilet
1119 1691 1268 1751 werden.

246 1740 293 1800 Am
337 1742 504 1802 Montage
533 1739 638 1799 hatten
668 1736 720 1796 des
744 1733 873 1793 Fürsten
912 1733 1084 1793 Primatis
1113 1733 1261 1793 Durchl.

249 1792 322 1852 nach
357 1790 430 1850 dero
454 1787 642 1847 Krankheit
665 1784 710 1844 die
734 1781 808 1841 erste
831 1781 1099 1841 Privataudienz
1123 1780 1173 1840 bey
1197 1778 1265 1838 Sr.

255 1843 441 1903 Majestät,
466 1840 531 1900 eben
562 1838 658 1898 solche
683 1835 815 1895 erhielte
834 1834 899 1894 auch
930 1834 959 1894 am
996 1833 1177 1893 Dienstage
1195 1831 1267 1891 Sr.

248 1894 399 1954 Durchl.
416 1889 469 1949 der
497 1888 665 1948 Erbprinz
692 1888 751 1948 von
785 1885 953 1945 Curland,
991 1885 1175 1945 imgleichen
1219 1882 1267 1942 er¬

251 1943 358 2003 halten
386 1941 456 2001 auch
489 1939 581 1999 solche
603 1937 711 1997 täglich
739 1936 788 1996 die
815 1934 869 1994 von
897 1936 972 1996 allen
1005 1933 1184 1993 Woywod=
1195 1932 1254 1992 und

245 1993 469 2053 Landschaften
508 1987 710 2047 abgeschickte
743 1984 929 2044 Deputirte
957 1984 995 2044 um
1044 1983 1115 2043 ihre
1149 1982 1263 2042 devote

255 2040 471 2100 Recognition
504 2037 529 2097 zu
556 2036 730 2096 bezeugen.
757 2032 915 2092 Nachdem
958 2031 1005 2091 der
1032 2030 1126 2090 Graf
1142 2031 1263 2091 Ogins¬

250 2093 306 2153 ki,
338 2088 684 2148 Kron=Feldnotarius
716 2082 777 2142 aus
809 2082 1015 2142 Petersburg
1047 2080 1248 2140 retourniret

253 2147 280 2207 so
303 2141 386 2201 hatte
408 2138 547 2198 derselbe
570 2133 659 2193 heute
682 2132 731 2192 bey
765 2133 842 2193 Sr.
871 2130 970 2190 Maj.
993 2130 1171 2190 Audienz,
1205 2130 1271 2190 im¬

261 2190 395 2250 gleichen
423 2187 471 2247 die
493 2184 618 2244 Grafen
656 2181 834 2241 Sapscka,
862 2181 1024 2241 Woywod
1062 2180 1116 2240 von
1154 2178 1267 2238 Sozo¬

257 2237 389 2297 leuski,
425 2234 586 2294 Minsck,
622 2229 981 2289 Kronhoffähndrich,
1022 2229 1270 2289 Wielopolski,

261 2285 453 2345 Marggraf
471 2279 526 2339 von
555 2281 731 2341 Pinczow,
759 2276 810 2336 der
839 2279 900 2339 alte
923 2277 1019 2337 Fürst
1048 2276 1262 2336 Sulkowski,

250 2339 314 2399 und
336 2333 458 2393 andere
480 2330 586 2390 mehr.
640 2327 688 2387 Am
732 2324 945 2384 verwichenen
978 2327 1143 2387 Montage
1165 2325 1255 2385 gaben

257 2384 330 2444 Se.
353 2383 500 2443 Durchl.
517 2379 568 2439 der
591 2375 687 2435 Fürst
710 2375 931 2435 Czartoriski,
954 2378 1180 2438 Großkanzler
1198 2375 1254 2435 von

258 2435 432 2495 Lithauen,
457 2431 486 2491 zu
523 2427 632 2487 Ehren
663 2425 717 2485 der
735 2425 892 2485 Gemalin
936 2426 983 2486 des
1014 2426 1122 2486 Herrn
1159 2424 1243 2484 Kron

247 2481 519 2541 großfeldherrn,
548 2476 593 2536 als
622 2473 656 2533 an
690 2470 775 2530 ihrem
810 2473 1025 2533 Namensfest
1043 2476 1122 2536 einen
1151 2476 1264 2536 präch¬

250 2533 338 2593 tigen
368 2530 468 2590 Ball,
492 2529 551 2589 auf
576 2524 705 2584 welchen
735 2521 788 2581 sich
812 2522 877 2582 auch
907 2524 984 2584 Se.
1008 2526 1155 2586 Königl.
1174 2527 1267 2587 Maj.

250 2581 311 2641 wie
331 2581 405 2641 auch
431 2580 486 2640 auf
511 2577 598 2637 einer
630 2573 680 2633 des
718 2569 854 2629 Abends
886 2571 910 2631 im
966 2575 1097 2635 Sächs.
1123 2575 1259 2635 Pallais

254 2632 481 2692 aufgeführten
516 2625 673 2685 Comödie
685 2620 866 2680 befanden.
890 2621 964 2681 Der
982 2623 1122 2683 Königl.
1134 2624 1267 2684 Preuß.

258 2677 444 2737 Gesandte,
469 2675 565 2735 Fürst
590 2675 643 2735 von
674 2670 848 2730 Carolath,
873 2667 909 2727 ist
927 2669 987 2729 von
1024 2673 1126 2733 seinem
1169 2673 1259 2733 Hofe

256 2729 442 2789 rapelliret,
467 2725 527 2785 und
552 2723 630 2783 wird
661 2721 751 2781 gleich
782 2718 849 2778 nach
879 2718 1072 2778 vollendeter
1097 2721 1260 2781 Krönung

258 2780 313 2840 von
344 2777 412 2837 hier
432 2772 598 2832 abreisen.
642 2769 722 2829 Der
747 2767 840 2827 Fürst
871 2768 1099 2828 Czartoryski,
1126 2770 1267 2830 Kronjä-

254 2826 468 2886 germeister,
510 2823 567 2883 hat
597 2821 649 2881 bey
673 2820 777 2880 seiner
806 2814 1038 2874 Anwesenheit
1062 2820 1091 2880 zu
1126 2820 1248 2880 Berlin

259 2879 316 2939 von
348 2879 418 2939 Sr.
438 2876 533 2936 Maj.
553 2873 605 2933 dem
644 2871 771 2931 Könige
804 2869 861 2929 von
894 2867 1047 2927 Preussen
1087 2872 1131 2932 die
1163 2870 1271 2930 Versi=

1283 324 1415 384 cherung
1441 324 1604 384 erhalten,
1631 327 1687 387 daß
1719 328 1807 388 Dero
1833 330 1952 390 Armee
1972 327 2015 387 die
2029 327 2167 387 schärfste
2187 327 2287 387 Ordre

1283 374 1417 434 gegeben
1448 373 1515 433 sey,
1541 373 1577 433 um
1619 374 1701 434 nicht
1728 377 1779 437 die
1800 379 1954 439 polnische
1981 376 2110 436 Grenze
2131 374 2162 434 zu
2193 377 2296 437 betre¬

1281 420 1352 480 ten,
1375 419 1452 479 solte
1475 422 1546 482 aber
1570 422 1680 482 solches
1708 427 1797 487 durch
1825 428 2026 488 Deserteurs
2048 425 2231 485 geschehen,
2260 424 2292 484 so

1280 470 1402 530 können
1430 470 1466 530 sie
1493 473 1642 533 ergriffen
1680 473 1738 533 und
1771 476 1973 536 abgestrafet
2000 476 2143 536 werden.

2217 470 2292 530 Die

1291 518 1415 578 Grafen
1443 520 1584 580 Potocki
1601 521 1660 581 sind
1693 524 1769 584 vors
1802 527 2214 587 Conföderationsgericht
2247 521 2301 581 ge¬

1289 569 1399 629 laden,
1422 568 1483 628 aus
1511 572 1660 632 Ursache,
1683 574 1766 634 daß,
1788 574 1821 634 da
1855 575 1893 635 sie
1916 575 1949 635 zu
1988 578 2104 638 Halicz
2138 575 2204 635 eine
2232 568 2298 628 Re¬

1292 616 1534 676 conföderation
1562 621 1738 681 gemachet,
1750 622 1821 682 ihre
1843 623 1975 683 Cosaken
2020 623 2074 683 auf
2097 625 2162 685 eine
2191 621 2295 681 polni¬

1292 667 1352 727 sche
1374 667 1484 727 Fahne
1507 669 1673 729 gestossen,
1701 673 1800 733 solche
1829 673 2055 733 angegriffen,
2089 673 2154 733 und
2199 670 2287 730 einen

1288 715 1525 775 Tawarzyczen
1556 719 1698 779 getödtet
1714 721 1835 781 haben.
1896 723 1967 783 Auf
1998 721 2083 781 einer
2114 721 2170 781 bey
2196 721 2291 781 denen

1293 763 1345 823 P.
1362 766 1414 826 P.
1430 766 1632 826 Theatinern
1659 769 1843 829 liegenden,
1870 772 1928 832 und
1955 772 2013 832 von
2040 772 2092 832 der
2114 771 2230 831 Stadt
2246 769 2299 829 der

1289 813 1455 873 Republik
1478 816 1667 876 geschenkten
1689 819 1916 879 Brandstelle,
1939 819 2000 879 soll
2012 822 2172 882 künftiges
2195 819 2300 879 Früh¬

1292 861 1365 921 jahr
1389 862 1444 922 auf
1468 864 1580 924 Kosten
1609 865 1659 925 des
1688 867 1914 927 Kronschatzes
1949 867 1993 927 ein
2039 869 2168 929 Palais
2197 867 2259 927 mit
2277 869 2287 929 4

1291 912 1404 972 großen
1436 914 1549 974 Saals
1575 915 1709 975 erbauet
1741 918 1895 978 werden,
1927 918 1968 978 um
2015 918 2149 978 daselbst
2176 916 2299 976 allezeit

1285 960 1341 1020 das
1384 963 1596 1023 Hofgericht,
1623 963 1768 1023 Schatz=
1800 965 1856 1025 und
1889 966 2231 1026 Kriegeskommißion
2257 966 2288 1026 zu

1288 1007 1415 1067 halten,
1442 1009 1500 1069 und
1532 1010 1590 1070 alle
1606 1010 1743 1070 Archive
1770 1010 1902 1070 daselbst
1924 1013 1950 1073 zu
1977 1016 2188 1076 verwahren.
2226 1011 2299 1071 Ob¬

1293 1055 1419 1115 besagte
1452 1058 1774 1118 Schatzcommißion
1828 1059 1906 1119 wird
1944 1059 2055 1119 fleißig
2092 1061 2298 1121 fortgesetzet,

1286 1106 1345 1166 und
1373 1106 1405 1166 es
1433 1106 1492 1166 sind
1526 1107 1640 1167 bereits
1673 1111 1749 1171 viele
1772 1109 1984 1169 Privatzolle
2007 1109 2202 1169 abgeschaft.

1534 1159 1728 1219 Elbing,
1752 1160 1803 1220 den
1844 1160 1906 1220 28.
1936 1157 2032 1217 Nov.

1356 1198 1409 1258 Es
1457 1204 1558 1264 haben
1612 1209 1665 1269 die
1708 1207 1844 1267 hiesigen
1892 1207 2189 1267 Schützenbrüder
2243 1201 2302 1261 der

1289 1251 1369 1311 alten
1397 1255 1446 1315 als
1474 1255 1565 1315 neuen
1593 1260 1702 1320 Stadt
1719 1258 1838 1318 Elbing
1866 1260 1919 1320 auf
1942 1261 2007 1321 eine
2029 1256 2300 1316 ehrfurchtsvolle

1287 1303 1349 1363 und
1389 1306 1475 1366 ganz
1504 1309 1714 1369 vorzügliche
1744 1309 1886 1369 Weise,
1921 1309 1995 1369 ihre
2041 1307 2303 1367 unterthänigste

1327 1355 1419 1415 reude
1461 1356 1496 1416 an
1548 1357 1605 1417 dem
1662 1360 1811 1420 solennen
1858 1360 2002 1420 Königl.
2033 1356 2296 1416 Krönungstage

1292 1404 1405 1464 unsers
1449 1404 1718 1464 glorwürdigsten
1768 1407 1919 1467 Königes
1974 1407 2038 1467 und
2082 1404 2206 1464 Herren
2261 1403 2293 1463 zu

1286 1453 1438 1513 erkennen
1466 1455 1634 1515 gegeben:
1657 1458 1694 1518 da
1722 1455 1820 1515 beyde
1842 1455 2065 1515 Societäten,
2093 1455 2169 1515 ihre
2191 1452 2305 1512 Schü¬

1291 1500 1373 1560 tzen-
1405 1503 1466 1563 und
1503 1506 1745 1566 Bogenhäuser
1777 1506 1838 1566 mit
1865 1506 1963 1566 vielen
1994 1506 2123 1566 tausend
2160 1502 2294 1562 Lampen

1299 1602 1481 1662 Stanislai
1504 1605 1658 1665 Augusti,
1681 1604 1752 1664 auch
1786 1603 1907 1663 andern
1941 1602 2062 1662 schönen
2102 1602 2306 1662 Inscriptio¬

1290 1649 1348 1709 nen
1378 1649 1437 1709 und
1467 1649 1692 1709 Sinnbildern
1718 1649 1923 1709 illuminiret
1943 1649 2081 1709 gehabt,
2111 1649 2223 1709 wobey
2258 1646 2306 1706 be¬

1296 1692 1417 1752 ständig
1450 1692 1510 1752 mit
1534 1691 1725 1751 Trompeten
1758 1694 1813 1754 und
1846 1694 1981 1754 Pauken
2019 1694 2149 1754 herrlich
2182 1694 2307 1754 musici¬

1290 1733 1341 1793 ret
1365 1733 1523 1793 worden:
1552 1733 1688 1793 worauf
1716 1735 1763 1795 die
1796 1736 1909 1796 sämtl.
1947 1739 2157 1799 Altstädtsche
2195 1739 2312 1799 Schü¬

1300 1784 1508 1844 tzenbrüder,
1538 1784 1656 1844 welche
1686 1786 1745 1846 mit
1775 1787 1947 1847 besondern
1983 1790 2203 1850 vorzüglichen
2245 1790 2303 1850 und

1299 1837 1471 1897 herrlichen
1505 1837 1710 1897 Privilegien
1744 1840 1799 1900 von
1827 1840 1877 1900 den
1917 1843 2300 1903 allerdurchläuchtigsten

1297 1888 1441 1948 Königen
1475 1888 1530 1948 von
1559 1890 1664 1950 Polen
1687 1891 1887 1951 begnadiget
1905 1891 1987 1951 sind,
2016 1891 2060 1951 sich
2089 1893 2116 1953 in
2139 1893 2188 1953 des
2206 1894 2311 1954 Kauf¬

1291 1936 1430 1996 manns,
1446 1939 1487 1999 H.
1498 1939 1575 1999 Carl
1592 1939 1736 1999 Kaverau
1757 1942 1845 2002 Haus
1866 1942 2021 2002 begaben,
2032 1941 2156 2001 welches
2177 1942 2233 2002 auf
2250 1942 2301 2002 das

1296 1987 1486 2047 prächtigste
1508 1987 1571 2047 mit
1598 1990 1835 2050 Ehrenpforten
1862 1990 1919 2050 und
1947 1990 1999 2050 dem
2036 1990 2062 2050 in
2089 1993 2210 2053 allerley
2232 1990 2311 2050 Far¬

1291 2034 1346 2094 ben
1377 2034 1559 2094 brennende
1585 2039 1802 2099 Namenszug
1833 2040 1939 2100 unsers
1960 2040 2071 2100 großen
2097 2039 2299 2099 Monarchen

1296 2085 1438 2145 gezieret
1455 2084 1533 2144 war,
1550 2085 1692 2145 woselbst
1709 2088 1761 2148 das
1777 2088 1872 2148 ganze
1894 2090 2216 2150 Schutzencollegium
2253 2088 2311 2148 mit

1293 2133 1377 2193 einem
1424 2133 1509 2193 Ball
1527 2133 1572 2193 sich
1601 2133 1652 2193 bis
1676 2136 1715 2196 um
1756 2138 1772 2198 7
1796 2136 1863 2196 Uhr
1893 2138 1944 2198 des
1979 2139 2155 2199 morgens,
2179 2142 2213 2202 zu
2248 2139 2315 2199 Eh¬

1285 2184 1340 2244 ren
1366 2184 1453 2244 ihres
1479 2184 1503 2244 so
1529 2184 1691 2244 gnädigen
1723 2187 1892 2247 Königes,
1923 2190 2135 2250 divertirten.

1609 2316 2009 2376 AVERTISSEMENT.

1338 2363 1411 2423 Bey
1451 2363 1506 2423 dem
1557 2363 1719 2423 Verleger
1753 2369 1848 2429 dieser
1882 2366 2016 2426 Zeitung
2056 2366 2117 2426 sind
2152 2372 2308 2432 folgende

1292 2414 1434 2474 optische
1463 2411 1695 2471 Instrumente
1724 2417 1752 2477 in
1787 2417 1854 2477 sehr
1884 2414 1997 2474 civilen
2026 2415 2156 2475 Preisen
2191 2420 2225 2480 zu
2259 2423 2315 2483 ha¬

1283 2461 1375 2521 ben:
1423 2461 1489 2521 Ein
1521 2458 1764 2518 Microscopium
1806 2461 2049 2521 compositum.

2096 2467 2154 2527 Ein
2196 2470 2312 2530 Cylin=

1298 2512 1520 2572 der=Spiegel
1537 2509 1600 2569 mit
1621 2510 1658 2570 12
1685 2512 1801 2572 großen
1833 2514 2102 2574 Vorstellungen.
2151 2516 2214 2576 Ein
2246 2521 2314 2581 Ka¬

1301 2563 1361 2623 sten
1389 2560 1454 2620 mit
1471 2560 1629 2620 optischen
1657 2563 2006 2623 Repräsentationen.

2051 2563 2139 2623 Eine
2160 2566 2306 2626 Camera

1303 2608 1457 2668 obscura.
1520 2605 1607 2665 Eine
1638 2608 1772 2668 Laterna
1804 2614 1958 2674 magica,
1985 2614 2046 2674 mit
2072 2617 2201 2677 saubern
2238 2614 2309 2674 Bil=

1303 2658 1398 2718 dern.
1446 2658 1535 2718 Eine
1562 2658 1642 2718 extra
1679 2659 1784 2719 schöne
1806 2661 2123 2721 Prospectmaschine
2150 2665 2213 2725 mit
2240 2664 2314 2724 vor¬

1304 2709 1462 2769 treflichen
1492 2709 1769 2769 Vorstellungen,
1792 2710 1956 2770 bestehend
1979 2712 2007 2772 in
2036 2715 2098 2775 119
2127 2715 2251 2775 Stück.

1306 2790 1409 2850 Diese
1420 2789 1562 2849 Gelehrte
1582 2790 1637 2850 und
1657 2791 1818 2851 Politische
1838 2793 1960 2853 Zeitung
1989 2796 2054 2856 wird
2085 2796 2131 2856 des
2161 2796 2311 2856 Montag=

1407 2837 1464 2897 und
1498 2835 1647 2895 Freytags
1667 2835 1686 2895 in
1713 2835 1758 2895 dem
1797 2837 1992 2897 Kanterschen
2019 2841 2194 2901 Buchladen

1684 2880 1918 2940 ausgegeben.
