2479 3508
214 369 296 429 nicht
322 369 456 429 zulaßen
495 363 647 423 wollen,
680 362 737 422 der
776 360 942 420 Krönung
981 357 1255 417 beyzuwohnen.

221 414 296 474 Sie
318 419 470 479 erkennen
503 413 572 473 Sr.
595 412 697 472 Maj.
720 408 784 468 mit
806 410 882 470 aller
910 407 1088 467 Ehrfurcht
1116 407 1169 467 vor
1202 404 1256 464 ih¬

216 467 271 527 ren
299 467 438 527 Herrn,
472 464 533 524 und
567 461 751 521 übergeben
790 460 846 520 zur
874 458 1019 518 Königl.
1041 455 1247 515 Disposition

225 516 279 576 den
308 515 579 575 Feldherrnstab.
630 509 679 569 Es
707 509 784 569 wird
813 506 1017 566 gesprochen,
1034 506 1090 566 daß
1118 506 1173 566 auf
1195 505 1245 565 den

218 566 495 626 bevorstehenden
539 560 723 620 Reichstag
762 557 984 617 verschiedene
1023 555 1251 615 ausländische

227 616 356 676 Herren
389 613 442 673 das
476 610 599 670 pohln.
616 610 816 670 Indigenat
838 607 978 667 erhalten
1016 604 1173 664 werden,
1200 603 1243 663 sol

229 665 298 725 ches
321 664 412 724 sollen
445 662 515 722 auch
543 659 592 719 die
625 658 754 718 Herren
787 657 917 717 Grafen
961 655 1015 715 von
1053 654 1177 714 Brühl
1210 652 1258 712 be¬

228 715 403 775 kommen,
431 712 499 772 doch
526 709 616 769 gegen
649 707 828 767 Abtretung
856 706 903 766 der
925 706 1041 766 Zipzer
1064 703 1238 763 Starostey

237 766 293 826 zur
316 763 457 823 Königl.
481 760 706 820 Disposition.
753 754 803 814 Es
832 754 865 814 ist
888 754 961 814 auch
985 751 1086 811 gewiß
1126 751 1176 811 daß
1205 749 1255 809 die

232 811 353 871 Russen
382 812 443 872 aus
465 807 592 867 Pohlen
626 807 687 867 und
710 804 865 864 Lithauen
905 804 1015 864 zurück
1043 799 1237 859 marschiren

1149 849 1243 909 Man

227 860 293 920 wie
315 859 353 919 sie
376 861 453 921 denn
481 858 563 918 schon
591 855 657 915 ihre
686 855 873 915 Magazine
896 852 1094 912 verkaufen.

230 911 301 971 will
325 909 437 969 allhier
462 908 651 968 versichern,
670 904 729 964 daß
754 903 848 963 Ihro
872 901 973 961 Russ.
991 897 1151 957 Kayserl.
1164 900 1258 960 Maj.

233 962 331 1022 Ihro
354 960 459 1020 Maj.
471 958 581 1018 unserm
628 954 755 1014 Könige
779 954 837 1014 bey
867 951 924 1011 der
948 948 1249 1008 Glückwünschung

240 1012 295 1072 zur
317 1007 516 1067 Gelangung
544 1004 599 1064 zum
639 1001 743 1061 Thron
772 998 848 1058 habe
877 1000 1015 1060 hundert
1037 998 1164 1058 tausend
1187 997 1264 1057 Du¬

233 1058 323 1118 caten
354 1058 388 1118 an
419 1055 469 1115 den
495 1050 616 1110 Tresor
641 1050 747 1110 zahlen
778 1046 888 1106 laßen.

495 1097 677 1157 Wilda,
701 1097 760 1157 den
796 1094 860 1154 30.
890 1094 989 1154 Nov.

287 1148 362 1208 Die
380 1150 654 1210 Kapturgerichte
678 1144 806 1204 unserer
830 1142 1097 1202 Woywodschaft
1122 1142 1179 1202 sind
1209 1142 1243 1202 am

239 1204 466 1264 vergangenen
498 1198 715 1258 Sonnabend
736 1196 912 1256 geendiget
933 1193 1093 1253 worden,
1120 1192 1151 1252 da
1182 1190 1254 1250 denn

240 1252 293 1312 der
314 1252 406 1312 Herr
427 1249 612 1309 Marschall
633 1248 666 1308 an
693 1246 826 1306 selbigem
867 1243 959 1303 Tage
980 1240 1152 1300 sämmtlich
1186 1237 1259 1297 ver=
1287 1243 1353 1303 mit
1373 1244 1426 1304 der
1447 1244 1606 1304 größesten
1633 1246 1779 1306 Gewalt
1800 1246 1833 1306 an
1873 1241 1979 1301 meine
2000 1240 2125 1300 Thür,
2153 1240 2212 1300 und
2239 1240 2299 1300 gas

243 1354 321 1414 gab.
373 1354 423 1414 Am
469 1350 628 1410 Sonntag
657 1348 775 1408 frühe,
810 1347 860 1407 als
895 1344 929 1404 an
969 1344 1020 1404 dem
1066 1342 1263 1402 Krönungs=

245 1402 322 1462 tage
350 1399 476 1459 unseres
505 1399 647 1459 Königes
676 1396 775 1456 Maj.
798 1393 913 1453 wurde
947 1395 974 1455 in
1008 1393 1084 1453 allen
1118 1392 1250 1452 Kirchen

237 1452 373 1512 unserer
396 1446 598 1506 Hauptstadt
621 1445 664 1505 ein
692 1445 878 1505 feyerlicher
901 1440 1136 1500 Gottesdienst
1159 1440 1256 1500 gehal

240 1499 325 1559 ten,
348 1500 381 1560 da
410 1498 460 1558 die
478 1494 698 1554 aufrichtigste
721 1494 777 1554 und
806 1491 958 1551 devoteste
981 1491 1094 1551 Bitten
1134 1491 1184 1551 für
1213 1488 1258 1548 die

240 1548 429 1608 glückselige
463 1547 652 1607 Regierung
685 1542 816 1602 unseres
844 1542 1077 1602 Monarchen,
1104 1540 1131 1600 zu
1164 1539 1267 1599 GOtt

245 1597 293 1657 dem
338 1596 572 1656 Allmächtigen
605 1593 752 1653 gebracht
775 1590 928 1650 wurden.
977 1590 1058 1650 Das
1082 1590 1261 1650 Rathhaus

242 1646 301 1706 und
323 1646 366 1706 die
388 1646 485 1706 ganze
507 1643 615 1703 Stadt
632 1641 728 1701 waren
756 1640 809 1700 auf
832 1640 885 1700 das
913 1637 1086 1697 kostbarste
1103 1637 1265 1697 illumini=
1292 1643 1546 1703 zuzubringen,
1590 1642 1622 1702 so
1655 1640 1801 1700 schafften
1845 1639 1904 1699 wir
1942 1639 2006 1699 aus
2045 1637 2131 1697 einem
2180 1637 2299 1697 andern

236 1694 311 1754 ret;
342 1696 443 1756 unter
475 1691 560 1751 einem
607 1691 810 1751 beständigen
846 1685 988 1745 Donner
1024 1685 1074 1745 der
1100 1685 1257 1745 Kanonen

249 1742 343 1802 Hörte
364 1742 434 1802 man
464 1739 589 1799 überall
610 1736 649 1796 ein
680 1734 846 1794 freudiges
876 1730 1011 1790 Rufen:
1052 1730 1102 1790 Es
1127 1730 1192 1790 lebe
1213 1730 1262 1790 der

242 1888 393 1948 bezeugte
418 1882 484 1942 ihre
504 1877 771 1937 unterthaͤnigste
796 1873 959 1933 Devotion
990 1873 1027 1933 an
1058 1870 1148 1930 diesem
1204 1870 1276 1930 fest¬

246 1936 344 1996 lichen
373 1935 484 1995 Tage,
502 1933 588 1993 indem
629 1930 664 1990 sie
688 1927 757 1987 ihre
781 1924 966 1984 Sinagoge
990 1924 1053 1984 mit
1072 1921 1262 1981 unzähligen

244 1987 424 2047 Lampions
452 1981 621 2041 erleuchtet
643 1979 781 2039 hatten;
808 1975 839 2035 es
866 1975 993 2035 wurden
1026 1972 1094 2032 auch
1127 1972 1264 2032 zugleich

247 2037 308 2097 von
347 2034 441 2094 ihnen
480 2031 580 2091 außer
614 2025 730 2085 andern
769 2025 963 2085 Gebetern,
992 2026 1041 2086 der
1075 2025 1169 2085 45ste
1203 2024 1263 2084 und

260 2088 350 2148 72ste
375 2084 471 2144 Psalm
514 2079 714 2139 vorgelesen.

529 2127 726 2187 Elbing,
751 2124 807 2184 den
838 2122 881 2182 5.
907 2121 998 2181 Dec.

298 2181 379 2241 Wir
403 2181 501 2241 haben
531 2178 623 2238 ihnen
659 2175 781 2235 neulich
817 2172 915 2232 unter
945 2172 997 2232 den
1038 2166 1142 2226 28sten
1178 2169 1276 2229 Nov.

253 2233 320 2293 von
349 2231 399 2291 den
439 2231 490 2291 zur
513 2226 603 2286 Ehre
626 2224 739 2284 unsers
768 2223 891 2283 Köͤnigs
931 2220 1135 2280 angestellten
1164 2217 1276 2277 Feyer¬

259 2330 418 2390 gegeben.
442 2326 513 2386 Hr.
532 2324 684 2384 Heinrich
709 2321 844 2381 Döring
869 2321 915 2381 ein
946 2318 1140 2378 74jähriger
1165 2316 1276 2376 Nego¬

254 2383 338 2443 tiant
361 2378 475 2438 allhier
498 2375 618 2435 findet,
641 2372 669 2432 zu
693 2369 834 2429 Rettung
870 2366 966 2426 seiner
990 2367 1069 2427 Ehre
1098 2366 1154 2426 und
1178 2366 1274 2426 seines

255 2432 388 2492 Credits
419 2425 473 2485 für
510 2420 723 2480 nothwendig
760 2417 1009 2477 nachstehenden
1052 2417 1161 2477 eignen
1204 2417 1282 2477 Auf=
1314 2420 1349 2480 10
1381 2420 1416 2480 fl.

261 2479 317 2539 satz
335 2479 385 2539 dem
426 2473 568 2533 Publico
597 2467 733 2527 bekannt
757 2464 785 2524 zu
814 2464 967 2524 machen:

311 2523 434 2583 "Unter
459 2526 511 2586 den
535 2518 823 2578 Illuminations,
836 2515 941 2575 welche
965 2515 1012 2575 die
1036 2512 1147 2572 hiesige
1166 2512 1277 2572 Schü¬

249 2576 429 2636 "hengilde
448 2575 502 2635 zur
526 2569 731 2629 Bezeugung
768 2563 852 2623 ihrer
883 2566 1039 2626 innigsten
1070 2563 1190 2623 Freude
1227 2563 1257 2623 an
1300 2569 1541 2629 Anweisungen
1571 2566 1619 2626 der
1644 2566 1885 2626 Bewegungen
1922 2563 2006 2623 eines
2031 2565 2151 2625 Heeres
2188 2566 2211 2626 in
2254 2566 2302 2626 den

286 2675 385 2735 stellet
412 2673 525 2733 hatte,
539 2668 638 2728 hielte
652 2665 691 2725 ich
725 2662 792 2722 auch
819 2660 872 2720 für
899 2661 1005 2721 meine
1033 2661 1278 2721 Schuldigkeit,

270 2726 369 2786 "mein
403 2722 496 2782 Haus
519 2719 546 2779 in
579 2717 628 2777 der
651 2713 866 2773 Waagegasse
889 2709 916 2769 zu
944 2712 1175 2772 illuminiren,
1198 2709 1264 2769 wel

266 2775 352 2835 "ches
376 2772 473 2832 oben,
486 2769 531 2829 der
555 2765 670 2825 Giebel
694 2761 751 2821 mit
774 2759 826 2819 den
849 2757 935 2817 durch
959 2760 1091 2820 Lampen
1115 2760 1276 2820 brennen¬

265 2820 342 2880 den
379 2820 577 2880 Buchstaben
615 2814 723 2874 unsers
760 2808 891 2868 Königs
928 2808 1025 2868 Maj.
1050 2808 1085 2868 S.
1110 2811 1151 2871 A.
1176 2808 1218 2868 R.
1243 2808 1278 2868 P.

258 2870 371 2930 "nebst
401 2870 451 2930 dem
491 2866 588 2926 Vivat
617 2864 758 2924 gezieret
782 2858 872 2918 war.
924 2855 974 2915 In
1015 2856 1066 2916 der
1083 2858 1191 2918 Länge
1220 2855 1276 2915 des

265 2924 423 2984 "Giebels
457 2918 584 2978 standen
618 2918 671 2978 die
698 2913 837 2973 Worte:
878 2909 977 2969 (Der
1004 2909 1117 2969 König
1151 2910 1277 2970 schaffet

1289 354 1416 414 "Recht
1436 357 1493 417 und
1519 358 1673 418 behütet,
1693 359 1743 419 die
1763 357 1795 417 da
1828 354 1923 414 leiden
1949 352 1974 412 in
2000 351 2102 411 seinem
2141 351 2275 411 Reich."

1288 402 1348 462 Ich
1377 407 1464 467 hatte
1493 406 1542 466 die
1576 407 1670 467 Ehre
1698 406 1758 466 und
1792 406 1847 466 das
1886 401 2119 461 Vergnügen,
2141 398 2168 458 in
2213 401 2296 461 einer

1284 455 1503 515 auserlesenen
1540 455 1672 515 hiesigen
1708 454 1928 514 patriotischen
1963 449 2195 509 Gesellschaft,
2225 449 2293 509 auch

1288 504 1488 564 verschiedne
1521 505 1646 565 fremde
1679 504 1902 564 Herrschaften
1941 503 1967 563 in
2011 503 2136 563 meinem
2191 497 2304 557 Hause

1279 554 1534 614 aufzuwarten,
1561 556 1623 616 und
1655 556 1717 616 wir
1744 557 1879 617 trunken
1911 554 2135 614 insgesammt
2167 549 2219 609 auf
2240 545 2297 605 das

1280 604 1385 664 Wohl
1408 602 1469 662 und
1492 601 1542 661 die
1570 604 1737 664 glückliche
1766 604 1955 664 Regierung
1995 601 2106 661 unsers
2134 598 2290 658 gesalbten

1280 652 1419 712 Königs
1447 652 1502 712 und
1531 652 1625 712 dessen
1653 655 1814 715 Familie.
1859 653 1909 713 Um
1949 652 1965 712 8
1993 652 2060 712 Uhr
2094 649 2232 709 eröfnete
2255 648 2293 708 ich

1280 701 1333 761 den
1365 702 1472 762 Ball,
1499 701 1558 761 und
1585 703 1649 763 wir
1671 703 1772 763 waren
1805 703 1831 763 in
1859 700 1970 760 unserm
2014 701 2212 761 Vergnüͤgen
2250 697 2297 757 bis

1282 751 1319 811 um
1367 751 1404 811 12
1442 751 1537 811 Uhr,
1565 751 1612 811 als
1650 752 1703 812 der
1735 754 1804 814 Hr.
1831 751 2049 811 Hauptmann
2098 751 2151 811 von
2189 751 2300 811 Flantz

1280 800 1369 860 nebst
1398 799 1414 859 3
1449 801 1633 861 Gemeinen
1667 801 1729 861 mit
1758 801 1886 861 gröͤßten
1920 798 2083 858 Ungestüm
2128 798 2190 858 vor
2218 798 2296 858 mein

1288 849 1387 909 Haus
1415 849 1508 909 kam,
1537 852 1597 912 und
1619 852 1768 912 vorgab,
1802 852 1835 912 er
1858 852 1934 912 habe
1957 849 2089 909 Ordre,
2117 849 2161 909 die
2194 848 2304 908 Musi¬

1280 900 1391 960 kanten
1419 900 1491 960 nach
1519 900 1568 960 der
1591 900 1707 960 Wache
1730 900 1757 960 zu
1786 900 1946 960 bringen.
1997 904 2063 964 Ich
2097 897 2224 957 sowohl
2241 897 2296 957 wie

1291 948 1336 1008 die
1359 950 1455 1010 ganze
1478 950 1590 1010 hiesige
1619 950 1670 1010 als
1704 950 1823 1010 fremde
1852 948 2061 1008 Gesellschaft
2090 946 2208 1006 suchten
2242 945 2292 1005 ihn

1288 998 1319 1058 zu
1347 998 1573 1058 besanftigen,
1596 998 1654 1058 und
1677 998 1762 1058 baten
1796 995 1876 1055 ihn,
1904 997 1935 1057 er
1958 997 2043 1057 sollte
2066 997 2124 1057 mit
2147 997 2205 1057 uns
2233 995 2297 1055 hier

1288 1046 1454 1106 vergnügt
1477 1049 1546 1109 sey,
1574 1048 1649 1108 denn
1676 1046 1714 1106 ich
1741 1045 1854 1105 würde
1876 1044 1924 1104 als
1946 1043 1989 1103 ein
2022 1046 2183 1106 Privatus
2216 1046 2297 1106 ohne

1287 1094 1529 1154 zureichendere
1546 1094 1653 1154 Ordre
1675 1096 1720 1156 die
1742 1094 1969 1154 Musikanten,
1980 1091 2088 1151 welche
2109 1091 2145 1151 ich
2177 1091 2305 1151 bezahlt

1287 1144 1394 1204 hätte,
1418 1145 1497 1205 diese
1526 1145 1633 1205 Nacht
1656 1147 1741 1207 nicht
1759 1145 1906 1205 abfolgen
1935 1139 2048 1199 laßen,
2072 1139 2162 1199 gieng
2191 1141 2292 1201 herein

1981 1191 2029 1251 Er
2063 1190 2199 1250 stürmte
2232 1190 2302 1250 aber

1293 1193 1351 1253 und
1385 1196 1439 1256 ließ
1472 1196 1575 1256 meine
1603 1195 1695 1255 Thür
1722 1196 1912 1256 zumachen.

246 1303 429 1363 sammleten
459 1300 579 1360 Herren
614 1300 666 1360 von
695 1299 781 1359 Adel
810 1295 879 1355 eine
902 1292 1069 1352 prächtige
1092 1291 1259 1351 Mahlzeit
1294 1294 1345 1354 den
1375 1296 1541 1356 Soldaten
1571 1294 1720 1354 Befehl,
1743 1297 1794 1357 die
1812 1296 1938 1356 Fenster
1962 1291 2105 1351 zwischen
2141 1291 2186 1351 der
2216 1291 2307 1351 Illu¬

1293 1348 1449 1408 mination
1483 1345 1726 1405 einzuwerfen,
1749 1345 1878 1405 welches
1906 1345 2003 1405 auch,
2031 1342 2236 1402 ohnerachtet
2264 1344 2301 1404 ich

1294 1397 1420 1457 sogleich
1450 1396 1502 1456 zur
1526 1396 1618 1456 Thür
1642 1396 1850 1456 zurüͤckeilte,
1874 1393 2041 1453 geschahe.

1337 1443 1406 1503 Die
1429 1444 1635 1504 Musikanten
1658 1446 1782 1506 wurden
1815 1444 1874 1504 mit
1897 1443 2060 1503 Schlägen
2088 1438 2141 1498 aus
2163 1437 2288 1497 meinem

1293 1494 1403 1554 Hause
1426 1494 1581 1554 gerissen,
1610 1496 1670 1556 und
1699 1494 1753 1554 auf
1782 1492 1837 1552 die
1866 1491 2031 1551 Neustadt
2060 1488 2087 1548 in
2127 1490 2170 1550 ein
2204 1488 2303 1548 Haus

1296 1545 1445 1605 geführt,
1473 1544 1517 1604 wo
1546 1542 1578 1602 sie
1606 1543 1650 1603 die
1678 1545 1783 1605 ganze
1812 1542 1921 1602 Nacht
1950 1540 2099 1600 umsonst
2122 1539 2154 1599 zu
2188 1539 2298 1599 spielen

1295 1593 1491 1653 gezwungen
1518 1593 1671 1653 wurden.
1698 1593 1740 1653 Um
1778 1590 1873 1650 diesen
1900 1590 1963 1650 Tag
1990 1590 2122 1650 dennoch
2149 1590 2313 1650 vergnüͤgt

1292 1688 1473 1748 Sprengel
1498 1685 1740 1745 Musikanten,
1771 1685 1831 1745 und
1862 1685 1987 1745 tanzten
2028 1685 2073 1745 bis
2104 1682 2118 1742 5
2154 1685 2219 1745 Uhr
2250 1682 2300 1742 des

1296 1730 1492 1790 Morgens.
1541 1730 1598 1790 Da
1632 1730 1704 1790 man
1733 1729 1785 1789 von
1815 1727 1915 1787 dieser
1945 1727 2059 1787 Sache
2088 1729 2299 1789 Nachrichten

248 1787 390 1847 König:
424 1782 473 1842 Es
502 1779 567 1839 lebe
590 1778 639 1838 der
662 1778 767 1838 Water
795 1772 849 1832 des
878 1772 1121 1832 Vaterlandes!
1160 1769 1270 1829 GOtt
1298 1775 1480 1835 außerhalb
1508 1775 1767 1835 überschrieben,
1790 1775 1817 1835 ja
1840 1772 1934 1832 sogar
1956 1774 1983 1834 in
2012 1775 2121 1835 solchen
2150 1775 2226 1835 mich
2255 1775 2304 1835 des

250 1834 412 1894 bewahre
439 1828 490 1888 den
517 1825 667 1885 König!
719 1823 803 1883 Auch
837 1819 881 1879 die
915 1819 1032 1879 hiesige
1052 1818 1273 1878 Judenschaft
1307 1822 1527 1882 Verbrechens
1554 1822 1658 1882 wider
1679 1825 1723 1885 die
1750 1825 1912 1885 Majestät
1932 1825 2141 1885 beschuldiget
2154 1825 2225 1885 hat,
2239 1825 2303 1885 weh

1299 1876 1363 1936 ches
1394 1876 1534 1936 offenbar
1559 1876 1588 1936 zu
1618 1876 1735 1936 meinem
1777 1876 1959 1936 Nachtheil
1978 1879 2148 1939 gereichet;
2178 1879 2201 1939 so
2231 1879 2307 1939 habe

1296 1927 1339 1987 ich
1367 1927 1477 1987 solches
1511 1927 1538 1987 zu
1578 1927 1727 1987 Rettung
1761 1927 1882 1987 meiner
1916 1927 2020 1987 Ehre,
2043 1927 2159 1987 welche
2188 1927 2231 1987 ich
2259 1926 2309 1986 bis

1301 1975 1329 2035 in
1364 1978 1448 2038 mein
1488 1975 1583 2035 74tes
1618 1976 1838 2036 Greisenjahr
1867 1978 2014 2038 niemals
2049 1978 2189 2038 befleckt,
2235 1978 2291 2038 dem

1301 2028 1448 2088 Publico
1471 2025 1742 2085 benachrichtigen
1771 2025 1906 2085 wollen.

1611 2121 2013 2181 AVERTISSEMENT.

1351 2171 1426 2231 Bey
1461 2172 1512 2232 dem
1560 2169 1722 2229 Verleger
1752 2172 1849 2232 dieser
1885 2172 2024 2232 Zeitung
2054 2172 2093 2232 ist
2117 2173 2151 2233 zu
2187 2172 2319 2232 haben:

1297 2226 1397 2286 Joh.
1421 2221 1563 2281 Friedr.
1587 2220 1723 2280 Glasers
1759 2220 1959 2280 Vorschläge
1990 2222 2042 2282 bey
2072 2222 2208 2282 heftigen
2250 2220 2308 2280 und

255 2282 416 2342 lichkeiten
453 2276 501 2336 der
532 2273 663 2333 hiesigen
706 2269 1068 2329 Schützengesellschaft
1093 2267 1272 2327 Nachricht
1304 2270 1520 2330 geschwinden
1545 2270 1822 2330 Feuersbrünsten
1847 2270 1979 2330 Häuser
1997 2270 2057 2330 und
2082 2270 2250 2330 Mobilien
2281 2267 2304 2327 zu

1299 2321 1420 2381 retten,
1444 2322 1483 2382 8,
1507 2318 1622 2378 1764,
1652 2321 1663 2381 2
1698 2321 1738 2381 fl.
1762 2321 1773 2381 9
1803 2321 1854 2381 gr.
1930 2317 2005 2377 Der
2029 2318 2213 2378 Gesellige,
2243 2318 2311 2378 eine

1300 2372 1486 2432 moralische
1524 2368 1802 2428 Wochenschrift,
1833 2369 1844 2429 6
1881 2366 2026 2426 Theile,
2063 2369 2118 2429 gr.
2142 2369 2184 2429 8,
2227 2370 2317 2430 764,

1480 2420 1579 2480 Joh.
1596 2420 1696 2480 Dav.
1719 2420 1807 2480 Cube
1836 2417 2085 2477 Anmerkungen
2124 2417 2196 2477 über
2224 2418 2318 2478 Heu=

1299 2470 1422 2530 manns
1446 2467 1604 2527 Erweis,
1627 2469 1678 2529 8,
1702 2467 1797 2527 764,
1826 2467 1865 2527 15
1894 2467 1945 2527 gr.
2020 2464 2155 2524 Turpin
2190 2465 2251 2525 und
2286 2467 2314 2527 le

1298 2519 1401 2579 Fevre
1423 2518 1673 2578 Taschenbuch,
1706 2518 1874 2578 worinnen
1913 2513 1961 2573 die
1989 2515 2211 2575 Zeichnungen
2250 2515 2309 2575 und

268 2626 339 2686 "dem
382 2623 646 2683 Krönungstage
664 2617 779 2677 unsers
803 2611 989 2671 gnädigsten
1020 2614 1145 2674 Königs
1176 2611 1277 2671 ange=
1303 2618 1435 2678 meisten
1465 2617 1567 2677 Fällen
1598 2614 1729 2674 deutlich
1754 2616 1946 2676 anzutreffen
1971 2614 2060 2674 sind,
2091 2614 2259 2674 bestehend
2284 2613 2307 2673 in

1305 2667 1409 2727 lauter
1438 2664 1700 2724 Kupfertafeln,
1724 2667 1775 2727 gr.
1793 2665 1833 2725 8,
1863 2664 1967 2724 Berl.
1986 2661 2043 2721 und
2073 2664 2217 2724 Leipzig,
2241 2666 2252 2726 8
2282 2661 2321 2721 fl.

1310 2715 1390 2775 Das
1426 2715 1588 2775 Portrait
1618 2712 1693 2772 Sr.
1723 2715 1827 2775 Maj.
1857 2712 1909 2772 des
1950 2712 2083 2772 Königs
2119 2713 2147 2773 in
2182 2711 2316 2771 Pohlen

1314 2764 1523 2824 Stanislaus
1552 2761 1737 2821 Augustus,
1760 2766 1811 2826 gr.
1834 2761 1907 2821 Fol.
1930 2763 1946 2823 2
1975 2763 2014 2823 fl.

1320 2826 1407 2886 Diese
1430 2820 1571 2880 Gelehrte
1586 2820 1644 2880 und
1667 2820 1830 2880 Politische
1846 2817 1970 2877 Zeitung
2001 2817 2066 2877 wird
2097 2816 2141 2876 des
2164 2811 2318 2871 Montag=

1414 2865 1471 2925 und
1498 2861 1650 2921 Freytags
1671 2861 1870 2921 Vormittags
1897 2860 1928 2920 um
1966 2859 1991 2919 10
2023 2858 2085 2918 Uhr
2102 2858 2122 2918 in
2149 2855 2196 2915 dem

1494 2909 1694 2969 Kanterschen
1718 2906 1895 2966 Buchladen
1925 2903 2137 2963 ausgegeben.
