2479 3508
253 315 536 375 einzuschränken,
561 315 632 375 oder
668 315 862 375 wenigstens
899 315 927 375 in
964 315 1082 375 bessere
1107 317 1265 377 Ordnung

249 368 280 428 zu
308 366 440 426 bringen
472 366 530 426 und
557 366 589 426 zu
617 366 828 426 bestimmen.
877 366 924 426 4)
947 366 1020 426 Die
1042 366 1196 426 Unkosten
1218 366 1270 426 bey

248 411 302 471 den
342 415 641 475 Particulieracten
677 413 730 473 des
765 413 986 473 Parlements
1031 412 1065 472 zu
1100 413 1272 473 mindern.

251 459 298 519 5)
320 459 393 519 Den
426 464 536 524 Credit
558 463 611 523 der
633 462 828 522 öffentlichen
861 463 972 523 Fonds
999 461 1147 521 aufrecht
1174 463 1199 523 zu
1232 461 1279 521 er¬

251 512 359 572 halten
386 514 451 574 und
479 513 586 573 empor
609 512 640 572 zu
669 515 825 575 bringen.
875 512 917 572 6)
940 514 1009 574 Die
1037 512 1091 572 den
1124 512 1264 572 Ehstand

251 560 446 620 betreffende
467 563 544 623 Acte
576 563 606 623 zu
638 563 895 623 wiederruffen,
932 563 993 623 und
1030 563 1164 623 selbigen
1201 561 1251 621 dem

256 610 422 670 gemeinen
453 610 558 670 Volke
578 610 699 670 leichter
725 609 755 669 zu
791 610 942 670 machen.
988 607 1033 667 7)
1054 610 1124 670 Die
1155 610 1280 670 ausser¬

249 658 445 718 ordentliche
476 661 602 721 Menge
632 661 682 721 der
698 658 829 718 Bettler
845 658 905 718 und
925 658 1147 718 Vagabonden
1173 658 1263 718 durch

251 711 505 771 nachdrückliche
532 710 733 770 Bestrafung
760 707 934 767 derjenigen
972 707 1083 767 welche
1110 709 1163 769 den
1211 705 1279 765 Ort

252 757 339 817 ihrer
362 760 522 820 Heymath
561 760 732 820 verlassen,
761 757 1053 817 einzuschränken;
1082 759 1131 819 die
1159 757 1275 817 gebor¬

252 806 311 866 nen
338 807 489 867 Bettler,
517 807 565 867 die
582 807 651 867 ihre
674 807 787 867 Jahre
809 807 868 867 und
895 807 1165 867 Schwachheiten
1204 803 1273 863 hin¬

256 855 348 915 dern,
374 855 425 915 sich
452 856 539 916 ihren
565 858 863 918 Lebensunterhalt
884 855 914 915 zu
941 858 1126 918 erwerben,
1162 853 1275 913 einzu¬

251 903 411 963 sperren,
453 906 515 966 und
547 906 593 966 die
620 909 738 969 jungen
776 906 837 966 und
869 906 988 966 starken
1030 906 1164 966 Bettler
1186 903 1273 963 nach¬

256 954 410 1014 Amerika
433 954 465 1014 zu
488 957 638 1017 schicken.
710 957 754 1017 8)
782 954 870 1014 Eine
899 951 976 1011 Zeit
1004 954 1059 1014 zur
1087 952 1270 1012 Endigung

253 1003 331 1063 aller
356 1001 508 1061 Processe
529 1002 557 1062 zu
593 1001 814 1061 bestimmen,
859 998 962 1058 etwan
1007 999 1050 1059 ein
1085 1001 1158 1061 oder
1189 1001 1267 1061 zwey

260 1048 398 1108 Jahre,
419 1049 533 1109 welche
559 1049 625 1109 Zeit
647 1046 672 1106 zu
703 1046 945 1106 Producirung
982 1048 1028 1108 der
1054 1049 1177 1109 Zeugen
1209 1048 1265 1108 und

247 1097 406 1157 Beweise
428 1097 634 1157 hinreichend
662 1097 688 1157 zu
720 1097 783 1157 seyn
816 1096 964 1156 scheinet.
991 1097 1033 1157 9)
1055 1097 1129 1157 Dem
1172 1097 1277 1157 schäd¬

255 1147 347 1207 lichen
375 1148 740 1208 Contrabandehandel
768 1147 909 1207 Einhalt
926 1145 953 1205 zu
981 1145 1084 1205 thun.
1123 1147 1188 1207 10)
1205 1148 1269 1208 Die

256 1198 431 1258 Absetzung
469 1198 521 1258 der
553 1196 728 1256 englischen
771 1196 1036 1256 Manufacturen
1079 1196 1169 1256 durch
1212 1196 1269 1256 das

251 1247 398 1307 schärfste
430 1249 562 1309 Verbot
583 1249 809 1309 auswärtiger
836 1246 1015 1306 Waaren,
1058 1245 1173 1305 welche
1211 1245 1258 1305 den

255 1297 427 1357 englischen
460 1298 724 1358 Manufacturen
751 1297 940 1357 nachtheilig
968 1297 1059 1357 sind,
1087 1294 1124 1354 zu
1162 1297 1275 1357 beför¬

249 1345 346 1405 dern.
399 1347 466 1407 11)
492 1348 694 1408 Diejenigen
721 1346 902 1406 Auflagen,
928 1347 1042 1407 welche
1074 1347 1125 1407 die
1157 1348 1265 1408 armen

256 1396 488 1456 Handwerker
515 1398 726 1458 unmittelbar
753 1393 923 1453 betreffen,
955 1396 1192 1456 abzuschaffen,
1219 1399 1275 1459 da¬

256 1446 319 1506 mit
335 1443 372 1503 sie
393 1443 419 1503 im
462 1446 598 1506 Stande
625 1446 688 1506 seyn
725 1443 862 1503 mögen,
884 1445 909 1505 so
942 1445 1083 1505 wolfeil,
1126 1445 1173 1505 als
1216 1446 1262 1506 die

254 1494 450 1554 Nachbaren
482 1494 539 1554 von
570 1494 741 1554 England,
767 1494 803 1554 zu
835 1494 1001 1554 arbeiten.
1074 1494 1177 1554 Denn
1219 1497 1270 1557 der

248 1542 329 1602 hohe
351 1542 454 1602 Preis
481 1544 530 1604 der
553 1542 726 1602 englischen
755 1542 873 1602 seidnen
912 1542 1048 1602 Stoffen
1092 1543 1151 1603 und
1179 1544 1271 1604 Spi¬

247 1593 305 1653 tzen
332 1593 454 1653 macht,
482 1595 535 1655 daß
567 1593 609 1653 die
636 1592 769 1652 Großen
796 1592 844 1652 sich
866 1590 1051 1650 dergleichen
1073 1593 1132 1653 aus
1153 1596 1275 1656 Frank¬

254 1642 334 1702 reich
359 1640 500 1700 kommen
531 1641 641 1701 lassen.
692 1640 762 1700 12)
787 1640 892 1700 Einen
923 1640 1033 1700 kurzen
1064 1640 1124 1700 und
1140 1643 1225 1703 nicht
1241 1643 1260 1703 so

250 1685 467 1745 gefährlichen
493 1688 575 1748 Weg
602 1687 653 1747 zur
680 1683 881 1743 Bestrafung
913 1685 1063 1745 geringer
1094 1685 1265 1745 Diebstäle

253 1733 317 1793 und
343 1728 544 1788 Verbrechen
583 1727 832 1787 auszufinden;
858 1727 935 1787 weil
962 1727 1163 1787 diejenigen,
1198 1727 1274 1787 wel¬

248 1778 302 1838 che
327 1775 429 1835 davon
459 1775 655 1835 überwiesen
685 1772 827 1832 werden,
862 1772 998 1832 dadurch
1033 1772 1087 1832 daß
1122 1772 1190 1832 man
1230 1772 1263 1832 sie

252 1828 305 1888 ins
335 1827 529 1887 Gefängniß
560 1825 719 1885 geschickt,
743 1823 802 1883 nur
826 1822 1050 1882 Gelegenheit
1069 1825 1245 1885 bekommen

252 1879 307 1939 das
335 1879 729 1939 Spitzbubenhandwerk
752 1874 834 1934 recht
852 1876 885 1936 zu
913 1876 1074 1936 erlernen.
1108 1876 1168 1936 13)
1185 1876 1257 1936 Den

247 1930 337 1990 Fleis
369 1930 432 1990 und
469 1930 516 1990 die
554 1927 797 1987 Sparsamkeit
824 1927 855 1987 zu
893 1925 1072 1985 belohnen,
1105 1927 1167 1987 und
1205 1927 1257 1987 den

252 1981 490 2041 Müßiggang,
514 1979 604 2039 nebst
628 1978 679 2038 der
696 1975 929 2035 Trunkenheit
958 1975 986 2035 zu
1015 1976 1191 2036 bestrafen.

452 2028 721 2088 Warschau,
749 2027 803 2087 den
842 2025 908 2085 18.
941 2025 1067 2085 Octob.

299 2076 348 2136 Am
388 2076 460 2136 Fest
482 2079 648 2139 Francisci
671 2076 727 2136 hat
744 2074 793 2134 der
821 2073 910 2133 Herr
933 2073 1271 2133 Krongroßfeldmar¬

252 2126 343 2186 schall
365 2127 457 2187 Graf
479 2126 652 2186 Bielinski
675 2126 718 2186 als
746 2124 777 2184 an
805 2121 902 2181 seinem
941 2124 1179 2184 Namenstage
1202 2124 1255 2184 das

252 2175 353 2235 Glück
388 2175 529 2235 gehabt,
564 2174 643 2234 Sr.
672 2175 813 2235 Königl.
831 2174 933 2234 Maj.
956 2175 1069 2235 unsern
1104 2175 1250 2235 allergnä

247 2223 363 2283 digsten
396 2223 496 2283 Herrn
523 2223 575 2283 bey
602 2223 649 2283 sich
676 2223 702 2283 zu
734 2223 882 2283 Mittage
909 2223 940 2283 zu
967 2223 1168 2283 bewirthen,
1195 2225 1253 2285 und

250 2267 299 2327 sich
328 2270 388 2330 mit
416 2270 599 2330 allerhöchst
628 2271 833 2331 denenselben
868 2270 928 2330 fast
957 2273 1006 2333 den
1045 2270 1162 2330 ganzen
1190 2272 1256 2332 Tag

248 2318 280 2378 zu
313 2319 502 2379 verweilen.
552 2316 633 2376 Sr.
650 2318 747 2378 Maj.
764 2319 850 2379 geben
878 2321 992 2381 täglich
1015 2321 1177 2381 Audienz,
1199 2321 1258 2381 und

254 2369 353 2429 haben
382 2369 464 2429 Sich
492 2366 642 2426 öffentlich
682 2366 842 2426 erkläret,
870 2369 930 2429 wie
954 2372 1025 2432 Sie
1054 2372 1142 2432 nicht
1164 2369 1258 2429 allein

248 2419 345 2479 denen
372 2417 590 2477 Magnaten,
623 2414 677 2474 dem
726 2417 829 2477 Adel,
862 2419 922 2479 und
955 2420 1047 2480 denen
1085 2418 1242 2478 Bürgern

248 2470 380 2530 sondern
409 2470 475 2530 auch
503 2467 552 2527 dem
598 2464 770 2524 geringsten
798 2467 936 2527 Bauren
965 2467 1080 2527 Gehör
1104 2468 1131 2528 zu
1165 2468 1253 2528 geben

246 2518 348 2578 bereit
371 2518 468 2578 seyn,
496 2517 555 2577 nur
583 2512 642 2572 mit
665 2512 713 2572 dem
757 2515 931 2575 Bedinge,
958 2518 1067 2578 damit
1095 2518 1138 2578 ein
1171 2516 1257 2576 jeder

253 2566 337 2626 ohne
372 2569 428 2629 alle
458 2566 708 2626 Complimente
742 2560 799 2620 sein
845 2566 1021 2626 Begehren
1061 2569 1254 2629 beybringen

250 2614 368 2674 möge,
392 2617 425 2677 es
448 2617 487 2677 ist
510 2614 703 2674 derohalben
743 2611 782 2671 ein
817 2617 1094 2677 Kammerjunker
1124 2620 1247 2680 gesetzet

244 2664 374 2724 welcher
398 2664 454 2724 alle
477 2664 653 2724 diejenigen
683 2660 705 2720 so
734 2658 893 2718 Audience
916 2664 1013 2724 haben
1042 2667 1155 2727 wollen
1190 2669 1263 2729 auf¬

246 2712 421 2772 schreibet,
442 2714 503 2774 und
530 2713 663 2773 alsdenn
695 2709 782 2769 einer
804 2706 875 2766 nach
902 2711 948 2771 dem
990 2715 1108 2775 andern
1145 2717 1258 2777 vorge¬

242 2763 369 2823 fordert
393 2763 491 2823 wird.
538 2763 613 2823 Die
643 2760 840 2820 öffentlichen
876 2760 1055 2820 Audienzen
1097 2766 1253 2826 hingegen

246 2813 364 2873 werden
403 2811 679 2871 außerordentlich
717 2808 885 2868 ertheilet.
956 2813 1015 2873 Da
1054 2814 1107 2874 der
1141 2817 1259 2877 hiesige

253 2861 435 2921 Magistrat
459 2861 547 2921 durch
571 2861 754 2921 Deputirte
779 2857 825 2917 die
849 2855 937 2915 Ehre
955 2860 1073 2920 gehabt
1103 2864 1161 2924 vor
1185 2865 1255 2925 Sr.

236 2915 342 2975 Maj.
361 2912 574 2972 vorgelaßen,
598 2912 639 2972 um
676 2913 728 2973 zum
771 2911 931 2971 Handkuß
961 2915 1091 2975 geläßen
1121 2918 1150 2978 zu
1181 2915 1257 2975 wer¬

1315 329 1403 389 den,
1433 330 1546 390 wurde
1576 333 1783 393 denenselben
1819 339 1848 399 zu
1884 338 2044 398 verstehen
2080 334 2240 394 gegeben,
2264 345 2322 405 daß

1313 377 1351 437 sie
1374 377 1478 437 keinen
1507 383 1667 443 Aufwand
1695 386 1750 446 auf
1778 386 1827 446 die
1855 389 2043 449 zukünftige
2066 383 2225 443 Krönung
2259 390 2325 450 ma¬

1309 428 1373 488 chen
1403 428 1524 488 sollen,
1548 432 1583 492 da
1607 431 1647 491 sie
1671 434 1740 494 aber
1764 437 1892 497 sowohl
1910 437 1962 497 bey
1992 437 2067 497 Sr.
2085 435 2230 495 Durchl.
2254 438 2306 498 dem

1312 476 1441 536 Fürsten
1474 479 1614 539 Primas
1642 484 1690 544 als
1712 485 1830 545 andern
1853 488 1955 548 Herrn
1982 488 2171 548 Senatoren
2204 485 2236 545 um
2274 488 2322 548 die

1315 525 1470 585 Freyheit
1488 532 1702 592 angehalten,
1720 536 1788 596 ihre
1806 535 1985 595 Ehrfurcht
2009 539 2060 599 bey
2085 539 2136 599 der
2160 536 2315 596 Krönung

1311 572 1344 632 an
1372 577 1427 637 den
1456 578 1521 638 Tag
1550 580 1583 640 zu
1617 583 1733 643 legen,
1767 584 1794 644 so
1823 583 1861 643 ist
1889 586 1983 646 ihnen
2018 586 2134 646 solches
2168 586 2334 646 zugestan¬

1309 624 1396 684 den,
1423 625 1453 685 es
1485 628 1609 688 werden
1652 631 1708 691 also
1740 631 1796 691 vom
1844 637 2108 697 allergeringsten
2140 637 2248 697 Hause
2280 634 2326 694 bis

1308 677 1363 737 zum
1414 679 1540 739 größten
1581 679 1702 739 Palais
1738 681 1865 741 Gelder
1901 683 1956 743 von
1987 685 2103 745 2000,
2119 688 2180 748 von
2216 688 2331 748 1000,

1309 722 1367 782 von
1398 727 1520 787 etlichen
1550 727 1609 787 100
1644 729 1688 789 bis
1713 730 1742 790 zu
1772 734 1894 794 etlichen
1929 736 2057 796 Gulden
2092 736 2327 796 eingetrieben,

1308 772 1434 832 welches
1470 778 1540 838 eine
1571 778 1773 838 ansehnliche
1804 784 1960 844 Summe
1986 786 2183 846 ausmachen
2224 787 2325 847 wird,

1316 819 1362 879 die
1383 825 1449 885 man
1476 825 1527 885 zur
1548 828 1784 888 Ehrenpforte,
1800 834 2083 894 Illuminationen
2114 834 2176 894 und
2197 837 2248 897 auf
2269 837 2299 897 an

1316 868 1381 928 dere
1406 873 1472 933 Art
1491 876 1671 936 anwenden
1719 879 1822 939 wird.

1896 883 1954 943 Ein
1993 885 2083 945 jeder
2111 885 2319 945 Einwohner

1310 919 1346 979 ist
1367 921 1392 981 zu
1424 924 1522 984 dieser
1548 927 1782 987 Contribution
1813 930 1844 990 um
1886 930 1912 990 so
1938 933 2094 993 williger,
2115 933 2146 993 da
2172 934 2208 994 sie
2234 936 2316 996 durch

1310 967 1364 1027 das
1395 973 1556 1033 verfloßne
1577 978 1808 1038 Interregnum
1849 978 1874 1038 in
1904 981 1989 1041 keine
2010 984 2161 1044 Unkosten
2197 986 2322 1046 gesetzet

1311 1016 1390 1076 sind.
1443 1019 1522 1079 Sr.
1538 1022 1686 1082 Durchl.
1702 1022 1754 1082 der
1776 1024 1871 1084 Fürst
1893 1026 2051 1086 Woywod
2078 1032 2135 1092 von
2162 1034 2315 1094 Rußland

1307 1064 1368 1124 und
1396 1073 1892 1133 Generalkronregimentarius
1921 1073 2023 1133 haben
2057 1076 2089 1136 am
2136 1079 2224 1139 10ten
2262 1079 2327 1139 die¬

1311 1114 1355 1174 ses
1385 1113 1399 1173 2
1439 1119 1703 1179 Staabsofficier
1729 1123 1787 1183 und
1817 1124 1866 1184 den
1896 1124 2141 1184 Oberauditeur
2171 1125 2229 1185 von
2264 1127 2313 1187 der

1309 1163 1510 1223 Krongarde
1542 1168 1610 1228 nach
1643 1172 1817 1232 Caminiec
1849 1175 1875 1235 in
1913 1174 2076 1234 Podolien
2114 1175 2320 1235 abgeschicket

1310 1211 1347 1271 um
1391 1213 1456 1273 eine
1478 1219 1689 1279 Inquisition
1722 1223 1831 1283 wegen
1869 1222 1923 1282 des
1951 1222 2162 1282 Verfahrens
2196 1225 2314 1285 dasigen

1310 1267 1589 1327 Commendanten
1620 1270 1682 1330 und
1708 1272 1806 1332 seiner
1828 1274 1993 1334 Garnison
2030 1276 2132 1336 wegen
2169 1276 2329 1336 anzustel¬

1305 1313 1370 1373 len.
1419 1315 1495 1375 Des
1523 1321 1652 1381 Fürsten
1680 1323 1826 1383 Primas
1848 1327 1994 1387 Durchl.
2011 1327 2114 1387 haben
2142 1327 2228 1387 durch
2267 1327 2315 1387 die

1305 1366 1516 1426 Bemühung
1555 1369 1647 1429 derer
1675 1373 1815 1433 Königl.
1843 1375 1957 1435 Aerzte
1984 1375 2038 1435 den
2077 1375 2212 1435 Appetit
2245 1378 2299 1438 zum

1310 1414 1449 1474 Speisen
1490 1416 1608 1476 wieder
1640 1422 1809 1482 erhalten,
1841 1423 1902 1483 und
1929 1425 2062 1485 scheinen
2099 1423 2181 1483 schon
2217 1425 2315 1485 außer

1305 1461 1440 1521 Gefahr
1462 1466 1494 1526 zu
1521 1467 1613 1527 seyn.
1662 1470 1737 1530 Die
1754 1470 1927 1530 vereinigte
1949 1475 2030 1535 Kron
2057 1475 2116 1535 und
2144 1473 2316 1533 lithausche

1305 1515 1554 1575 Conföderation
1592 1517 1650 1577 hat
1677 1521 1724 1581 dem
1768 1521 1895 1581 Fürsten
1933 1524 2119 1584 Radziwill
2146 1524 2310 1584 Woywod

1306 1563 1359 1623 von
1391 1563 1501 1623 Wilda
1528 1566 1613 1626 durch
1645 1568 1682 1628 ein
1714 1572 1841 1632 Decret
1857 1573 2052 1633 aufgeleget,
2069 1572 2180 1632 binnen
2207 1574 2222 1634 4
2244 1572 2323 1632 Wo¬

1304 1609 1370 1669 chen
1397 1613 1469 1673 nach
1491 1614 1619 1674 Pohlen
1652 1618 1760 1678 zurück
1781 1619 1812 1679 zu
1838 1620 2004 1680 kommen.
2056 1622 2315 1682 Hochgedachter

1304 1658 1401 1718 Fürst
1422 1660 1478 1720 soll
1500 1660 1545 1720 sich
1572 1662 1628 1722 aus
1660 1664 1711 1724 der
1732 1667 1912 1727 Wallachey
1949 1667 2021 1727 nach
2047 1667 2139 1727 Wien
2176 1670 2310 1730 begeben

1299 1703 1426 1763 haben,
1459 1703 1499 1763 um
1546 1706 1600 1766 sein
1632 1709 1801 1769 Herzeleid
1834 1709 1888 1769 dem
1925 1712 2048 1772 Kayser
2081 1715 2318 1775 vorzutragen.

1308 1742 1384 1802 Sr.
1398 1745 1546 1805 Durchl.
1570 1748 1622 1808 der
1647 1751 1737 1811 Fürst
1757 1752 1895 1812 Bischof
1919 1754 1976 1814 von
2006 1757 2129 1817 Cracau
2168 1759 2225 1819 soll
2254 1761 2306 1821 den

1305 1792 1397 1852 16ten
1430 1795 1528 1855 dieses
1556 1796 1611 1856 von
1644 1799 1736 1859 Kielc
1759 1802 1917 1862 abreisen,
1928 1805 1988 1865 und
2016 1808 2179 1868 künftigen
2202 1811 2327 1871 Sonn¬

1304 1846 1354 1906 tag
1383 1846 1495 1906 allhier
1519 1849 1705 1909 eintreffen.
1762 1855 1813 1915 In
1842 1858 1988 1918 Lemberg
2018 1859 2079 1919 und
2108 1861 2226 1921 dasiger
2249 1861 2316 1921 Ge¬

1300 1900 1381 1960 gend
1414 1900 1561 1960 befinden
1599 1903 1647 1963 sich
1681 1903 1761 1963 viele
1789 1906 1892 1966 Russ.
1915 1909 2072 1969 Truppen
2105 1915 2202 1975 unter
2246 1918 2294 1978 dem

1305 1951 1511 2011 Commando
1537 1953 1592 2013 des
1618 1954 1774 2014 General
1795 1957 1850 2017 von
1881 1960 2057 2020 Stoffeln.

1612 2049 2004 2109 AVERTISSEMENT.

1348 2094 1423 2154 Dem
1467 2097 1608 2157 Publico
1637 2097 1712 2157 wird
1740 2103 1854 2163 hiemit
1876 2106 2094 2166 nachrichtlich
2116 2109 2258 2169 bekannt
2275 2111 2317 2171 ge¬

1299 2148 1426 2208 macht:
1453 2145 1510 2205 daß
1543 2145 1595 2205 auf
1611 2151 1833 2211 eingegangne
1854 2156 2070 2216 Verordnung
2092 2157 2134 2217 E.
2145 2160 2314 2220 hochprßl.

1301 2195 1613 2255 Generalpostamts
1646 2196 1693 2256 die
1715 2201 1879 2261 Berliner
1906 2204 2049 2264 reitende
2076 2205 2165 2265 Post
2187 2210 2308 2270 präcise

1307 2246 1339 2306 um
1388 2245 1425 2305 12
1453 2243 1523 2303 Uhr
1545 2243 1696 2303 Mittags
1724 2247 1745 2307 in
1778 2249 1826 2309 den
1854 2252 2091 2312 gewöhnlichen
2124 2255 2302 2315 Posttagen

1301 2294 1434 2354 abgehen
1461 2292 1563 2352 wird;
1585 2295 1701 2355 dahero
1718 2297 1765 2357 die
1782 2300 1979 2360 sämmtliche
1996 2303 2161 2363 xespective
2183 2305 2300 2365 Herren

1303 2343 1540 2403 Interessenten
1580 2343 1714 2403 ersuchet
1736 2348 1888 2408 werden,
1921 2349 1996 2409 ihre
2023 2350 2148 2410 Briefe
2175 2356 2310 2416 allemal

1299 2393 1355 2453 vor
1392 2393 1432 2453 10
1469 2391 1535 2451 Uhr
1567 2391 1618 2451 dem
1665 2399 1891 2459 Postcomtoir
1922 2399 2159 2459 einzuliefern,
2195 2404 2282 2464 indem

1299 2442 1372 2502 nach
1399 2440 1436 2500 10
1457 2442 1526 2502 Uhr
1548 2440 1631 2500 keine
1653 2443 1737 2503 mehr
1759 2446 1996 2506 angenommen
2023 2449 2144 2509 werden
2171 2454 2308 2514 koͤnnen.

1302 2494 1535 2554 Königsberg,
1554 2494 1598 2554 den
1630 2494 1693 2554 18.
1712 2497 1787 2557 Oct.
1807 2498 1920 2558 1764.

1743 2547 1885 2607 Königl.
1904 2548 2034 2608 Preuß.
2053 2553 2308 2613 Hof=Postamt.

1350 2620 1425 2680 Bey
1460 2617 1512 2677 dem
1559 2618 1714 2678 Verleger
1750 2626 1848 2686 dieser
1877 2626 2016 2686 Zeitung
2045 2634 2085 2694 ist
2115 2635 2143 2695 zu
2179 2635 2311 2695 haben:

1300 2667 1469 2727 Manifest
1488 2664 1578 2724 Jhro
1603 2671 1699 2731 Ruß.
1731 2676 1876 2736 Kaiserl.
1907 2679 2002 2739 Maj.
2034 2683 2312 2743 Selbstherrsche=

1301 2718 1342 2778 rin
1372 2716 1449 2776 aller
1473 2713 1626 2773 Reussen,
1662 2723 1721 2783 das
1745 2727 1946 2787 Verbrechen
1976 2731 2023 2791 des
2053 2732 2159 2792 Lieut.
2178 2733 2212 2793 v.
2231 2731 2307 2791 Mit

1296 2766 1441 2826 rowitsch
1472 2766 1654 2826 betreffend,
1691 2775 1749 2835 fol.
1779 2775 1814 2835 15
1852 2780 1902 2840 gr.

1300 2840 1391 2900 Diese
1407 2838 1544 2898 Gelehrte
1568 2844 1620 2904 und
1644 2847 1803 2907 Politische
1827 2849 1948 2909 Zeitung
1980 2851 2047 2911 wird
2071 2849 2116 2909 des
2140 2849 2292 2909 Montags

1400 2882 1457 2942 und
1484 2885 1632 2945 Freytags
1653 2888 1679 2948 in
1701 2888 1748 2948 dem
1785 2893 1980 2953 Kanterschen
2013 2891 2186 2951 Buchladen

1683 2933 1905 2993 ausgegeben.
