2479 3508
195 339 257 399 mit
280 342 501 402 Vitriolsäure
524 339 625 399 haben
655 339 705 399 sich
734 339 926 399 dergleichen
955 336 1028 396 eben
1057 339 1085 399 so
1109 339 1215 399 wenig

189 393 339 453 eräuget.
387 392 465 452 Aus
497 389 601 449 diesen
638 386 694 446 und
732 386 851 446 andren
884 385 1013 445 Proben
1055 389 1222 449 erhellete,

201 441 250 501 daß
281 440 387 500 weder
408 437 539 497 irdische
565 435 766 495 Materien,
792 437 862 497 noch
894 437 933 497 ein
964 437 1075 497 acidum
1116 437 1196 497 fixum

191 490 265 550 oder
290 488 358 548 eine
389 486 684 546 unverbrennliche
710 488 862 548 Säure,
898 486 966 546 noch
1006 487 1074 547 auch
1110 488 1222 548 alcali¬

202 542 261 602 sche
283 539 359 599 oder
381 539 593 599 laugenhafte
626 537 696 597 noch
730 539 957 599 schwefelichte
980 536 1093 596 Theile
1126 536 1212 596 darin

205 591 343 651 waren,
365 589 498 649 sondern
529 586 596 646 bloß
627 586 694 646 eine
720 586 869 646 flüchtige
895 586 1116 646 Vitriolsaure
1142 586 1214 646 oder

200 640 247 700 ein
277 637 387 697 acidum
436 635 565 695 volatile
599 631 786 691 vitriolicum
840 634 888 694 seu
927 634 1133 694 universale,
1157 634 1219 694 und

201 688 248 748 ein
281 688 434 748 geringer
466 687 640 747 röthlicher
672 685 857 745 Schleim,
884 685 1016 745 welcher
1043 685 1122 745 denn
1165 684 1228 744 mit

205 739 256 799 der
278 737 448 797 flüchtigen
480 736 604 796 Säure
630 736 806 796 vermengt
838 733 884 793 die
916 735 1004 795 rothe
1025 733 1128 793 Farbe
1160 733 1232 793 ver¬

210 789 333 849 ursacht
355 789 430 849 hat.
479 784 581 844 Diese
603 784 700 844 beyde
733 784 781 844 die
803 784 916 844 Röthe
943 784 1228 844 hervorbringen¬

202 834 232 894 de
259 837 383 897 Stücke
410 834 508 894 haben
534 834 559 894 in
591 834 643 894 der
670 831 747 891 Luft
768 831 846 891 oder
878 832 903 892 in
945 834 996 894 den
1029 834 1215 894 Regenwol

205 885 254 945 ken
283 887 343 947 aus
372 885 421 945 den
450 883 543 943 fetten
572 884 743 944 Dämpfen
772 882 821 942 der
844 882 932 942 Erde
961 883 1115 943 entstehen
1155 882 1226 942 kön¬

201 935 287 995 nen.
334 936 386 996 Es
410 933 514 993 finden
550 932 601 992 sich
637 933 705 993 auch
742 930 770 990 in
805 930 903 990 diesem
944 933 1095 993 Wasser,
1125 931 1223 991 außer

212 985 263 1045 dem
315 984 481 1044 faulichten
523 981 637 1041 Wesen
673 979 761 1039 keine
793 978 890 1038 andre
918 980 1088 1040 schädliche
1120 979 1233 1039 Mate¬

207 1031 295 1091 rien.
342 1031 544 1091 Diejenigen
586 1028 684 1088 aber,
711 1025 825 1085 welche
851 1027 913 1087 aus
945 1027 1043 1087 diesem
1096 1028 1225 1088 Wasser

208 1077 343 1137 Plagen
372 1079 434 1139 und
457 1076 700 1136 Landesstrafen
740 1076 955 1136 verkündigen
990 1079 1130 1139 wollen,
1160 1078 1232 1138 ver¬

205 1130 320 1190 rathen
348 1129 436 1189 ihren
470 1126 724 1186 Aberglauben.

410 1177 693 1237 Stockholm,
729 1175 785 1235 den
825 1172 893 1232 23.
916 1172 1040 1232 Octob.

266 1228 324 1288 So
351 1228 414 1288 kalt
435 1227 461 1287 es
493 1225 619 1285 vorigen
652 1223 815 1283 Sommer
842 1221 942 1281 einige
969 1222 1058 1282 Tage
1090 1222 1116 1282 in
1153 1222 1232 1282 eini¬

208 1286 264 1346 gen
293 1281 470 1341 Gegenden
505 1276 607 1336 dieses
636 1273 858 1333 Königreichs
888 1273 1024 1333 gewesen
1059 1276 1122 1336 ist,
1162 1273 1230 1333 eine

216 1332 281 1392 eben
309 1330 336 1390 so
359 1328 456 1388 große
484 1324 621 1384 Wärme
643 1324 703 1384 hat
720 1326 791 1386 man
830 1324 1032 1384 verschiedne
1060 1324 1153 1384 Tage
1186 1323 1213 1383 im

227 1378 324 1438 Julio
346 1376 372 1436 in
405 1377 530 1437 etlichen
557 1375 736 1435 Gegenden
774 1375 936 1435 bemerkt.
1007 1378 1055 1438 Zu
1083 1375 1228 1435 Brunflo

221 1428 246 1488 in
278 1428 473 1488 Jaemtland
500 1425 556 1485 hat
577 1423 608 1483 am
655 1421 758 1481 20sten
789 1420 840 1480 des
872 1423 1037 1483 gedachten
1079 1422 1228 1482 Monats

218 1477 254 1537 um
301 1476 425 1536 Mittag
452 1476 509 1536 das
535 1470 790 1530 Thermometer
816 1472 873 1532 auf
899 1471 940 1531 24
977 1471 1024 1531 bis
1061 1472 1096 1532 26
1133 1474 1232 1534 Grad

218 1527 295 1587 über
327 1527 378 1587 dem
420 1524 772 1584 Gefrierungspunkte
799 1523 995 1583 gestanden,
1032 1521 1166 1581 welches
1193 1524 1223 1584 an

224 1578 306 1638 einem
348 1575 374 1635 so
406 1574 483 1634 weit
504 1575 577 1635 nach
603 1574 738 1634 Norden
759 1572 847 1632 schon
884 1575 1034 1635 gelegnen
1066 1574 1138 1634 Ort
1165 1574 1231 1634 eine

226 1625 431 1685 ansehnliche
454 1622 591 1682 Wärme
615 1622 665 1682 ist.

361 1670 641 1730 Paris,
682 1668 733 1728 den
774 1664 835 1724 26.
856 1667 983 1727 Octob.

277 1715 357 1775 Eine
387 1718 597 1778 unbekannte
617 1715 856 1775 Privatperson
894 1714 952 1774 ließ
991 1712 1042 1772 der
1072 1712 1239 1772 medicini¬

182 1761 298 1821 schen
328 1762 479 1822 Facultät
505 1759 578 1819 eine
604 1757 755 1817 Summe
790 1754 846 1814 von
885 1754 949 1814 300
980 1754 1088 1814 Livres
1123 1752 1238 1812 einrei¬

225 1811 325 1871 chen,
352 1811 388 1871 um
426 1805 547 1865 daraus
574 1805 657 1865 einen
685 1797 789 1857 Preis
822 1799 874 1859 für
906 1799 1090 1859 denjenigen
1128 1799 1154 1859 zu
1191 1798 1244 1858 be¬

226 1861 402 1921 stimmen,
432 1860 568 1920 welcher
597 1855 670 1915 nach
705 1852 756 1912 dem
802 1852 939 1912 Urtheil
957 1849 1052 1909 dieser
1088 1851 1241 1911 Facultät

225 1915 269 1975 die
297 1915 375 1975 beste
398 1912 536 1972 Lobrede
553 1909 614 1969 auf
631 1906 776 1966 Ludwich
804 1906 942 1966 Durel,
965 1906 1054 1966 einen
1088 1906 1243 1966 berühm¬

219 1966 267 2026 ten
299 1966 379 2026 Arzt
395 1963 491 2023 unter
524 1960 577 2020 den
615 1958 845 2018 Regierungen
883 1957 973 2017 derer
1000 1954 1128 2014 Könige
1161 1957 1245 2017 Carl

219 2017 286 2077 IX,
302 2015 358 2075 und
385 2013 519 2073 Henrich
551 2008 612 2068 III.
634 2008 841 2068 ausarbeiten
877 2005 1006 2065 würde.
1085 2005 1157 2065 Die
1178 2004 1240 2064 Fa¬

228 2064 331 2124 cultät
358 2061 444 2121 setzte
467 2056 721 2116 Commissarien
754 2055 835 2115 fest,
868 2055 905 2115 um
955 2055 1003 2115 die
1031 2055 1236 2115 eingesandte

233 2112 402 2172 Schriften
429 2109 459 2169 zu
485 2109 711 2169 untersuchen,
727 2106 783 2166 und
810 2103 886 2163 diese
908 2103 1077 2163 erkannten
1109 2103 1154 2163 dem
1196 2103 1247 2163 äl¬

230 2163 323 2223 testen
349 2160 535 2220 Dechanten
577 2157 629 2217 der
650 2157 805 2217 Facultät
832 2154 888 2214 und
920 2153 1065 2213 Königl.
1091 2154 1246 2214 ordentli¬

232 2214 297 2274 chen
331 2211 458 2271 ältesten
497 2207 641 2267 Leibarzt
658 2205 751 2265 Hrn.
769 2205 912 2265 Chomel
935 2203 984 2263 den
1012 2202 1112 2262 Preis
1140 2202 1195 2262 zu.

466 2255 667 2315 London,
693 2252 748 2312 vom
800 2252 865 2312 19.
885 2252 1006 2312 Octob.

280 2302 357 2362 Von
384 2300 508 2360 Boston
534 2303 559 2363 in
592 2303 814 2363 Neuengland
846 2299 929 2359 wird
960 2301 1141 2361 gemeldet,
1178 2300 1234 2360 daß

233 2354 435 2414 verschiedne
457 2350 632 2410 Kaufleute
659 2348 712 2408 sich
745 2348 941 2408 entschlossen
979 2351 1112 2411 haben,
1166 2351 1239 2411 alles

231 2405 442 2465 überflüßige
465 2402 492 2462 in
520 2399 609 2459 ihrer
632 2399 793 2459 Kleidung
821 2402 1054 2462 abzuschaffen,
1088 2399 1149 2459 und
1183 2399 1237 2459 daß

225 2455 349 2515 bereits
372 2453 464 2513 mehr
497 2449 545 2509 als
573 2447 616 2507 50
650 2446 747 2506 diesen
780 2449 943 2509 Vergleich
981 2446 1231 2506 unterschrieben

232 2506 358 2566 haben.
403 2501 524 2561 Diesem
570 2497 691 2557 zufolge
714 2496 818 2556 tragen
852 2495 884 2555 sie
908 2497 990 2557 keine
1013 2497 1145 2557 Spitzen
1173 2497 1234 2557 und

688 2542 757 2602 Sie
780 2545 887 2605 kaufen
926 2545 1076 2605 englische
1109 2545 1233 2605 Tücher

240 2552 467 2612 Manschetten
508 2548 622 2608 mehr.

234 2602 318 2662 nicht
342 2602 437 2662 höher
460 2602 505 2662 als
534 2599 562 2659 zu
585 2598 664 2658 einem
698 2590 834 2650 gesetzten
863 2596 986 2656 Preise.
1016 2596 1083 2656 Die
1100 2596 1246 2656 Trauer¬

230 2652 373 2712 kleidung
401 2649 480 2709 wird
507 2649 597 2709 unter
624 2646 677 2706 das
709 2639 938 2699 Ueberflüßige
965 2646 1151 2706 gerechnet,
1178 2646 1236 2706 und

230 2702 302 2762 man
339 2697 452 2757 behält
474 2697 572 2757 davon
604 2696 660 2756 nur
687 2693 739 2753 den
765 2691 842 2751 Flor
869 2691 904 2751 um
946 2693 998 2753 den
1025 2693 1112 2753 Hut,
1149 2694 1242 2754 nebst

236 2752 320 2812 einem
363 2747 436 2807 Flor
469 2745 506 2805 um
549 2745 595 2805 den
628 2744 723 2804 Arm,
750 2742 823 2802 nach
850 2739 908 2799 Art
930 2742 977 2802 der
1004 2745 1194 2805 Soldaten.

469 2796 699 2856 Lissabon,
723 2793 774 2853 den
816 2789 879 2849 25.
908 2788 1017 2848 Sept.

278 2847 324 2907 Am
371 2847 573 2907 verwichnen
610 2844 745 2904 Freytag
777 2838 886 2898 hatten
923 2839 979 2899 wir
1016 2842 1083 2902 hier
1125 2841 1171 2901 ein
1203 2839 1249 2899 er¬

238 2900 445 2960 schreckliches
469 2894 688 2954 Ungewitter,
712 2892 844 2952 welches
868 2891 902 2951 24
932 2892 1082 2952 Stunden
1106 2894 1244 2954 anhielt.

1258 340 1302 400 Es
1331 342 1393 402 sind
1422 342 1518 402 dabey
1547 342 1744 402 verschiedne
1773 344 1942 404 Menschen
1971 339 2028 399 vom
2068 343 2209 403 Donner
2226 350 2271 410 er¬

1262 389 1394 449 schlagen
1426 391 1484 451 und
1521 391 1590 451 eine
1617 392 1701 452 nahe
1733 392 1786 452 bey
1819 392 1924 452 Belem
1967 392 2115 452 liegende
2147 397 2268 457 Mühle

1257 438 1294 498 ist
1316 437 1458 497 ganzlich
1485 440 1511 500 zu
1544 439 1686 499 Grunde
1708 443 1862 503 gerichtet
1884 444 1947 504 und
1979 443 2032 503 der
2059 440 2180 500 Eigner
2207 445 2276 505 der¬

1260 488 1357 548 selben
1390 488 1573 548 elendiglich
1607 492 1876 552 umgekommen.
1942 493 2034 553 Dies
2067 491 2266 551 Uugewitter

1255 537 1313 597 hat
1334 539 1472 599 dennoch
1505 542 1632 602 einigen
1670 542 1792 602 Nutzen
1830 545 1974 605 gehabt,
2012 544 2049 604 da
2081 543 2123 603 ein
2156 542 2272 602 starker

1260 586 1434 646 Regenguß
1462 589 1587 649 darauf
1610 590 1762 650 erfolgte.
1812 592 1887 652 Der
1904 592 1997 652 erste,
2025 592 2073 652 den
2107 595 2177 655 man
2205 592 2270 652 hier

1262 637 1315 697 seit
1332 635 1348 695 6
1381 637 1542 697 Monaten
1570 640 1694 700 gehabt
1711 643 1785 703 hat,
1819 643 1877 703 und
1910 642 1964 702 der
1992 645 2164 705 besonders
2202 640 2250 700 dem

1259 688 1351 748 Wein
1384 686 1553 746 ungemein
1581 691 1754 751 zuträglich
1782 694 1945 754 gewesen,
1973 694 2000 754 so
2028 695 2081 755 daß
2104 697 2174 757 man
2207 697 2266 757 nun

1262 736 1331 796 eine
1358 736 1453 796 reiche
1475 736 1603 796 Erndte
1630 739 1720 799 hoft.

1551 787 1680 847 Rom,
1715 789 1771 849 den
1811 789 1872 849 13.
1901 791 1979 851 Oct.

1308 838 1359 898 Jn
1393 834 1443 894 der
1467 836 1579 896 Nacht
1602 837 1658 897 vom
1704 840 1793 900 12ten
1822 840 1878 900 auf
1901 840 1951 900 den
1980 840 2076 900 13ten
2110 842 2188 902 starb
2217 842 2273 902 all=

1265 883 1330 943 hier
1353 886 1502 946 Cosmus
1536 885 1746 945 Imperiali,
1769 888 1935 948 Cardinal
1963 891 2057 951 unter
2085 891 2134 951 dem
2185 891 2279 951 Titel

1266 931 1317 991 der
1340 936 1390 996 H.
1408 936 1560 996 Cäcilia,
1589 937 1611 997 im
1656 936 1763 996 80sten
1792 939 1887 999 Jahr
1911 939 2006 999 seines
2041 939 2170 999 Alters.
2222 939 2272 999 Er

1262 983 1352 1043 bekam
1398 984 1453 1044 von
1484 984 1651 1044 Benedict
1671 984 1721 1044 dem
1773 987 1863 1047 14ten
1899 987 2010 1047 1753.
2041 990 2091 1050 den
2122 990 2278 1050 Purpur=

1270 1029 1341 1089 hut,
1364 1033 1452 1093 durch
1480 1033 1529 1093 ihn
1557 1031 1634 1091 wird
1662 1031 1706 1091 die
1734 1034 1806 1094 12te
1834 1034 2082 1094 Cardinalstelle
2116 1040 2215 1100 ledig.

1465 1080 1774 1140 Petersburg,
1801 1084 1850 1144 den
1889 1080 1926 1140 9.
1954 1082 2078 1142 Octob.

1314 1124 1385 1184 Die
1408 1130 1589 1190 Prinzessin
1618 1133 1783 1193 Friderica
1811 1130 1866 1190 von
1894 1130 2181 1190 Hollstein=Beck,
2204 1130 2275 1190 geb.

1267 1175 1386 1235 Gräfin
1413 1177 1467 1237 von
1500 1179 1625 1239 Dohna
1647 1181 1700 1241 kam
1739 1181 1771 1241 am
1815 1180 2080 1240 Krönungstage
2102 1181 2156 1241 von
2189 1181 2269 1241 Riga

1270 1225 1385 1285 allhier
1414 1227 1479 1287 an;
1513 1228 1612 1288 begab
1646 1231 1695 1291 sich
1729 1231 1888 1291 denselben
1928 1231 2038 1291 Abend
2066 1231 2143 1291 nach
2176 1231 2281 1291 Hofe,

1271 1274 1330 1334 und
1360 1276 1442 1336 ward
1466 1279 1525 1339 von
1555 1279 1643 1339 Ihro
1668 1285 1821 1345 Kayserl.
1845 1285 1945 1345 Maj.
1963 1285 2034 1345 sehr
2058 1285 2182 1345 gnädig
2212 1284 2282 1344 auf¬

1269 1330 1483 1390 genommen.

1546 1378 1715 1438 Wilda,
1752 1384 1800 1444 den
1837 1384 1873 1444 2.
1905 1384 2001 1444 Nov.

1320 1427 1384 1487 Aus
1412 1426 1520 1486 Cauen
1548 1428 1623 1488 weiß
1651 1431 1753 1491 man,
1781 1430 1835 1490 daß
1862 1430 1894 1490 am
1944 1431 2149 1491 vergangnen
2177 1428 2263 1488 Mon

1269 1476 1315 1536 tag
1346 1476 1397 1536 der
1424 1479 1568 1539 Leichnam
1615 1479 1666 1539 des
1703 1479 1909 1539 verstorbnen
1941 1479 2064 1539 Grafen
2101 1479 2157 1539 von
2189 1479 2281 1539 Kay¬

1274 1527 1384 1587 serling
1411 1527 1495 1587 durch
1528 1529 1606 1589 diese
1628 1528 1744 1588 Stadt
1760 1530 1929 1590 geführet,
1946 1529 2003 1589 und
2030 1530 2067 1590 an
2094 1529 2146 1589 den
2168 1527 2284 1587 Grän¬

1274 1577 1319 1637 zen
1351 1575 1402 1635 von
1434 1577 1577 1637 Curland
1604 1578 1660 1638 von
1691 1578 1784 1638 dessen
1815 1579 1954 1639 Familie
1975 1579 2165 1639 empfangen
2202 1578 2284 1638 wor¬

1268 1623 1341 1683 den.
1369 1623 1506 1683 Gestern
1534 1628 1661 1688 langten
1693 1625 1842 1685 hieselbst
1864 1625 1906 1685 die
1933 1626 2183 1686 Commissarien
2210 1626 2284 1686 Sr.

1275 1671 1419 1731 Durchl.
1435 1673 1486 1733 des
1513 1671 1642 1731 Fürsten
1674 1673 1891 1733 Czartoryski
1907 1674 2140 1734 Großkanzler
2161 1673 2217 1733 von
2239 1675 2285 1735 Li¬

1275 1715 1389 1775 thauen
1418 1715 1475 1775 an,
1490 1715 1527 1775 um
1571 1715 1614 1775 die
1638 1715 1747 1775 Güter
1772 1716 1823 1776 des
1848 1718 1977 1778 Fürsten
2006 1720 2191 1780 Radziwil,
2211 1719 2287 1779 wel¬

1278 1757 1322 1817 che
1343 1754 1525 1814 nunmehro
1560 1751 1634 1811 Sr.
1650 1759 1798 1819 Durchl.
1818 1760 1873 1820 dem
1918 1761 2046 1821 Fürsten
2076 1763 2293 1823 Czartoryski

1282 1805 1340 1865 sind
1377 1805 1559 1865 zuerkannt
1589 1805 1747 1865 worden,
1783 1808 1807 1868 in
1849 1811 2019 1871 Empfang
2055 1812 2084 1872 zu
2126 1814 2284 1874 nehmen.

1280 1856 1506 1916 Oberwähnte
1531 1860 1787 1920 Commissarien
1818 1861 1918 1921 haben
1967 1864 2085 1924 dahero
2122 1867 2181 1927 von
2218 1867 2270 1927 dem

1273 1912 1410 1972 hiesigen
1441 1912 1620 1972 fürstlichen
1644 1913 1768 1973 Palais
1793 1917 1906 1977 Besitz
1925 1918 2139 1978 genommen.

1582 2008 1979 2068 AVERTISSEMENT.

1327 2052 1400 2112 Bey
1435 2052 1491 2112 dem
1537 2055 1695 2115 Verleger
1730 2058 1825 2118 dieser
1860 2064 1995 2124 Zeitung
2024 2061 2063 2121 ist
2092 2061 2120 2121 zu
2154 2061 2289 2121 haben:

1278 2103 1494 2163 Amusemens
1524 2104 1804 2164 philosophiques
1834 2108 1888 2168 sur
1918 2109 2055 2169 diverses
2090 2109 2208 2169 parties
2243 2109 2282 2169 de

1281 2151 1426 2211 Sciences
1449 2151 1497 2211 pr.
1514 2151 1535 2211 le
1562 2152 1676 2212 Pabat,
1698 2156 1735 2216 8,
1758 2156 1823 2216 fig.
1845 2157 2007 2217 Marseille
2040 2157 2056 2217 6
2083 2159 2121 2219 fl.
2165 2160 2283 2220 Dialo-

1279 2200 1361 2260 gues
1382 2199 1433 2259 des
1454 2199 1557 2259 morts
1578 2200 1660 2260 trad,
1687 2203 1722 2263 de
1749 2205 1882 2265 l'angl.
1899 2206 1965 2266 Mr.
1981 2208 2161 2268 Joncourt,
2183 2212 2223 2272 8,
2250 2211 2280 2271 la

1269 2249 1383 2309 Haye,
1410 2246 1425 2306 3
1451 2247 1493 2307 fl.
1551 2249 1701 2309 Histoire
1733 2252 1769 2312 de
1801 2252 1826 2312 la
1858 2252 1983 2312 maison
2015 2255 2051 2315 de
2077 2255 2202 2315 Stuart,
2228 2260 2290 2320 12,

1276 2299 1292 2359 6
1314 2297 1395 2357 Vol.
1417 2297 1454 2357 18
1487 2297 1519 2357 fl.
1568 2297 1654 2357 Chef
1676 2300 1833 2360 d'œuvres
1855 2303 2060 2363 dramatique
2082 2303 2114 2363 de
2131 2303 2168 2363 P.
2180 2303 2190 2363 &
2223 2303 2287 2363 Th.

1281 2348 1450 2408 Corneille
1472 2342 1544 2402 avec
1565 2345 1611 2405 les
1632 2350 1802 2410 portraits,
1823 2351 1884 2411 12,
1911 2350 1926 2410 3
1952 2350 2029 2410 Vol.
2056 2351 2204 2411 Oxford,
2220 2354 2235 2414 5
2256 2354 2287 2414 fl.

1277 2396 1488 2456 Dictionaire
1521 2393 1552 2453 de
1579 2395 1605 2455 la
1632 2399 1753 2459 langue
1781 2399 1944 2459 françoise
1977 2400 1987 2460 &
2030 2403 2189 2463 moderne
2226 2405 2284 2465 par

1276 2446 1452 2506 Richelet,
1469 2446 1537 2506 fol.
1560 2444 1577 2504 4
1607 2444 1685 2504 Vol.
1709 2449 1817 2509 Lyon,
1840 2449 1879 2509 80
1908 2450 1942 2510 fl.

1290 2515 1624 2575 Wechsel-Cours
1644 2512 1652 2572 &
1710 2521 1863 2581 Species
1883 2521 1920 2581 d.
1940 2521 2007 2581 15.
2027 2524 2141 2584 Nov.
2161 2529 2284 2589 1764.

1283 2569 1472 2629 Amsterdam
1514 2567 1549 2627 41
1573 2566 1655 2626 Tage
1680 2573 1738 2633 302
1757 2574 1810 2634 gr.
1869 2570 1910 2630 71
1935 2573 2016 2633 Tage
2041 2579 2100 2639 300
2124 2578 2170 2638 gr.

1286 2619 1456 2679 Hamburg
1490 2617 1502 2677 3
1529 2617 1581 2677 W.
1601 2617 1660 2677 130
1687 2621 1738 2681 gr.

1828 2620 1844 2680 6
1875 2620 1933 2680 W.
1951 2623 2010 2683 129
2039 2629 2091 2689 gr.

1285 2664 1390 2724 Berlin

1776 2668 1923 2728 Dantzig
1957 2673 1996 2733 25
2025 2673 2075 2733 pr.
2087 2676 2165 2736 Cto.

1286 2715 1425 2775 Ducaten
1449 2712 1524 2772 neue
1549 2714 1554 2774 9
1584 2715 1612 2775 fl.
1624 2719 1711 2779 2gr.

1865 2719 1995 2779 Alberts
2013 2721 2106 2781 Taler
2128 2727 2188 2787 127
2210 2730 2259 2790 gr.

1279 2765 1400 2825 Rubel
1415 2763 1483 2823 111
1504 2764 1557 2824 gr.

1767 2767 1819 2827 Alt
1836 2769 1974 2829 Polnisch
2002 2772 2071 2832 Geld
2098 2775 2130 2835 11
2152 2774 2204 2834 pr.
2216 2772 2290 2832 Cto.

1274 2828 1371 2888 Diese
1387 2820 1531 2880 Gelehrte
1547 2824 1600 2884 und
1631 2826 1790 2886 Politische
1806 2829 1935 2889 Zeitung
1966 2831 2033 2891 wird
2057 2832 2110 2892 des
2134 2829 2284 2889 Montags

1384 2864 1443 2924 und
1476 2867 1616 2927 Freytags
1639 2869 1665 2929 in
1687 2867 1735 2927 dem
1774 2872 1963 2932 Kanterschen
2003 2873 2175 2933 Buchladen

1671 2912 1886 2972 ausgegeben.
