2034 2755
208 160 1060 234 Maj. U. A. H. in Begleitung vieler Herrn Senato¬
199 217 1062 282 ren ein prächtiges Tractament, allwo am folgen¬
211 262 1062 312 den Tage der Ruß. Kaiserl. Gesandte, Fürst von
201 311 1059 357 Repnin ebenfals Se. Maj. prächtig bewirthet hat.
208 345 1062 403 Am Montag geruheten Se. Maj. die hier in denen
220 387 1069 438 Casexnen krank liegende Soldaten huldreich zu besu¬
211 424 1062 478 chen, und verfügten sich darauf zu Sr. Durchl. dem
213 466 1065 528 Fürsten Czartoriski, Woywoden pon Rußland zu
217 513 1070 569 Mittage. Der hiesige Ante=Convocationslandtag ist
214 553 1059 604 am verwichenen Montage allhier glücklich bestanden
208 602 1063 649 und auf demselben der Fürst Czartoriski, ein Sohn
214 635 1074 690 des Kronjägermeisters, nebst dem Herrn Soholews¬
214 677 1070 732 ki Königl. Kammerherr, zu Landboten erwáhlet wor¬
211 720 1069 772 den; denen außer andern Puncten mitgegeben, auf
211 756 1075 809 den künftigen Reichstag den Vergleich zwischen den
220 802 1074 851 Geistlichen und Adelstande zu bewürcken, keinem das
216 844 1077 904 Indigenat zu verleihen, und sich zu bemühen, damit
214 886 1074 938 die Kopfsteuer in der Warschauschen Landschaft möge
217 928 1069 986 aufgehoben werden, zumalen da auf dem Convoca¬
223 971 1077 1019 tionsreichstage andere Mittri zum Unterhalte der
214 1008 1074 1062 Armee besorget sind. Die Fürstl. primatialische Can¬
223 1055 1074 1113 zeley entwirft das Ceremoniel der künftigen Königl.
223 1097 1074 1147 Krönung, welche nach dieser Vorschrift in der hiesi¬
220 1138 1077 1196 gen Collegiatkirche zu St. Johann auf einem Gerü¬
218 1176 1077 1231 ste aufs feyerlichste vor sich gehen wird. Diese Krö¬
223 1228 1078 1280 nung wird schon nicht der Bischof von Cracau, son¬
223 1257 1077 1313 dern Se. Durchl. der Fürst Primas, welche sich voll¬
229 1303 1074 1359 kommen hergestellet befinden, verrichten, in Gegen¬
220 1347 1074 1394 wart vieler Herrschaften, für welche in besagter Kir¬
229 1384 1081 1443 che Gänge oder Chöre gebauet werden, um alles ge¬
218 1425 1074 1481 nauer ansehen zu können, und es wird niemand an¬
222 1465 1074 1520 ders als vermittelst der Billets eingelassen werden,
226 1508 1071 1558 alle Livrebedienten und schlechte Leute, sollen nicht in
229 1555 1074 1606 die Kirche gelassen werden, um das Gedränge zu ver¬
223 1594 1077 1659 hüten. Dieser Tage hatte der Graf Potocki, Sta¬
229 1640 1081 1691 rost von Lesayski, die Ehre Sr. Maj. aufzuwarten.
225 1678 1071 1733 Die Grafen Dawbski, Woywoden von Sieradien
229 1717 1081 1778 Moszynski, Castellan von Senowroclaw, Moszyns-
226 1760 1081 1817 ki, Krontruchses, und der Königl. Großbrittannische
229 1799 1081 1863 Resident, erhielten Audienz. Der Curländische Be¬
226 1839 1086 1905 vollmächtigte, Herr von Heuking, ist durch den Kron¬
225 1886 1084 1946 Instigatoren auf die hiesige Kronconföderationsge¬
226 1924 1081 1981 richte vorgeladen, welche in kurzem gehalten werden
232 1963 1082 2026 sollen. Nach Briefen aus Vollhynien befanden sich
238 2006 1077 2061 Se. Durchl. der Fürst Lubomirski, Kronuntertruch¬
235 2057 1078 2112 ses wieder bald hergestellet. Aus Lutyzow wird vom
223 2092 1084 2151 21ten Oct. berichtet, daß die Pest in der Stadt Mo=
232 2134 1074 2198 hylow nicht sehr, hingegen in den Vorstädten mehr
229 2178 1081 2239 graßire, alwo viele plötzlich sterben, andere aber
229 2212 1071 2271 wieder genesen. Aus der Türkey wird gemeldet
220 2264 1084 2323 daß der Tartar=Chan nach Constantinopel berufen
226 2304 1081 2353 worden, und als er daselbst angekommrn, abgesetzet,
229 2344 1078 2426 gefänglich eingezogen, und ein anderer in dessen
229 2393 541 2461 Stelle gesetzet sey.
1244 157 1784 235 Königsberg, den 12. Nov.
1131 211 1946 277 Gestern des Abends um 7 Uhr entstand auf der La¬
1092 256 1944 314 stadie eine Feuersbrunst, welche durch den gewalti¬
1092 301 1944 356 gen Sturm an noch andern Enden der Stadt auf eine
1095 341 1946 396 so klägliche Weise verbreitet worden, daß man fäst
1085 392 1940 444 alle Stunde neues Feuerlerm vernimmt. Man weiß
1095 430 1944 479 so wenig wie der erste Brand entstanden, als man
1086 469 1946 517 den verursachten Schaden anzugeben im Stande ist.
1086 517 1946 557 4 Kirchen sind bereits im Brande aufgegangen, und
1092 555 1949 604 da das Feuer an verschiedenen Oertern der Stadt
1095 601 1946 644 wüthet, so sind die Einwohner, die ihre Sachen
1095 640 1946 689 zu retten noch Zeit haben, unentschließlich, wohin sie
1098 679 1952 732 fliehen sollen. Die sichern Kirchen sind voll getra¬
1104 724 1953 777 gen, und selbst auf den Straßen liegen Sachen und
1101 766 1952 811 Menschen in einer höchsterschrecklichen Unordnung.
1101 808 1952 855 Löbenicht und Sackheim sind völlig in der Asche. Der
1101 846 1959 898 Regen, welcher stoßweise recht stark ist, thut wider
1091 890 1947 930 alle Vermuthung keine Wirkung, so daß sich die ver¬
1101 932 1952 980 zagten Einwohner einander zurufen: Es regnet Feuer.
1097 976 1951 1024 Bey dem Schlusse unserer Zeitungen ist noch alles in
1107 1018 1957 1078 Flammen. GOtt stehe uns mit seiner allmächtigen
1097 1060 1304 1117 Gnade bey.
1358 1152 1692 1217 AVERTISSEMENT.
1140 1195 1957 1252 Bey dem Verleger dieser Zeitung ist zu haben:
1104 1244 1956 1293 Der May, eine musikalische Idille, 8, 764, 4 gr.
1107 1288 1952 1337 Karschin an Ihro Königl. Hoheit die Herzogin von
1104 1327 1959 1384 Braunschweig, 8, 764, 4 gr. Joh. Selcks Milch¬
1107 1370 1957 1424 speise oder catechetische Unterweisung zur Seligkeit,
1110 1407 1365 1476 8. 1764, 9 gr.
1152 1430 1952 1508 Da man von ohngefahr in Erfahrung gekommen,
1107 1505 1959 1554 daß das Publicum von dem Lauf der Posten nach
1098 1543 1959 1596 Warschau nicht recht informiret ist, die Correspon¬
1107 1590 1957 1636 dence aber darunter leidet: So hat man hiedurch be¬
1098 1629 1956 1682 kannt zu machen vor nöthig erachtet, daß die Post
1104 1676 1953 1719 von Marienwerder nach Warschau 2mal in der Wo¬
1104 1714 1956 1763 che, nämlich des Donnerstags und Sonntags frühe
1110 1752 1959 1803 abgehe, und auch 2mal in der Woche, nämlich
1104 1798 1959 1850 Dienstag und Freytag frühe von Warschau in Ma¬
1107 1844 1952 1892 rienwerder eintreffe, einfolglich die Briefe, welche
1107 1878 1959 1925 aus Königsberg und ganz Preußen Dienstag und
1107 1925 1959 1970 Freytag in Marienwerder eintreffen, ohne Aufent¬
1107 1961 1949 2016 halt in oben angezeigten Posttagen nach Warschau ab=
1104 2006 1956 2055 gehen, so wie gleichmäßig die von Warschau zurück¬
1104 2047 1956 2093 kommende Briefe, von Marienwerder aus, Mit¬
1107 2091 1952 2143 woch und Sonntag nach Königsberg und ganz
1110 2135 1959 2196 Preußen abgeschickt werden. Marienwerder, den
1112 2182 1490 2245 7ten November, 1764.
1352 2196 1956 2283 Königl. Preuß. und Königl. Pohln.
1450 2257 1863 2313 Preuß. Grenz=Postamt.
1107 2296 1962 2367 Diese Gelehrte und Politische Zeitung wird des Montag=
1186 2358 1877 2425 und Freytags in dem Kanterschen Buchladen
1432 2396 1626 2447 ausgegeben.
