2479 3508
183 329 247 389 und
275 327 356 387 zwar
378 327 513 387 mittelst
535 327 670 387 100000
709 327 839 387 Actien,
861 327 931 387 jede
954 327 1045 387 Actie
1073 324 1099 384 zu
1132 324 1191 384 200

196 380 311 440 Pfund
334 380 472 440 Banco,
495 380 566 440 oder
595 377 655 437 250
695 377 838 437 Thaler,
872 377 982 437 welche
1016 373 1071 433 bey
1105 373 1215 433 Eröff¬

191 431 278 491 nung
310 428 360 488 der
382 431 525 491 Banque
552 428 572 488 in
603 428 690 488 Gold
717 428 747 488 zu
773 428 881 488 zahlen
907 425 994 485 sind,
1031 423 1098 483 und
1124 422 1201 482 wird

190 480 238 540 die
260 475 444 535 Eröffnung
466 479 536 539 nach
569 478 775 538 geschehener
798 476 1014 536 Publication
1042 473 1090 533 des
1112 473 1215 533 förm¬

194 530 259 590 chen
293 530 430 590 Octroys
459 530 508 590 den
542 530 574 590 1.
597 527 707 587 Junii
730 527 839 587 1765.
857 527 911 587 vor
940 527 983 587 sich
1011 524 1132 584 gehen.

253 577 304 637 So
331 578 403 638 bald
435 578 533 638 dieses
559 576 757 636 geschehen,
783 575 860 635 wird
897 576 964 636 man
1007 575 1069 635 mit
1090 572 1208 632 einigen

198 631 247 691 der
273 628 485 688 obgedachten
516 627 686 687 Branchen
712 625 767 685 den
798 625 929 685 Anfang
955 622 1116 682 machen,
1146 621 1206 681 und

200 682 263 742 mit
295 676 394 736 denen
432 676 547 736 übrige
574 676 763 736 successive,
795 676 858 736 und
890 676 958 736 nach
990 673 1200 733 Proportion

190 728 243 788 der
265 727 487 787 eingehenden
515 726 661 786 Fonds,
688 722 899 782 fortfahren.

250 772 324 832 Die
345 776 625 836 Einzeichnungen
662 775 767 835 wegen
805 775 852 835 der
873 775 978 835 Actien
1016 772 1116 832 haben
1153 769 1205 829 den

204 828 268 888 19.
291 825 436 885 October
464 822 495 882 c.
518 825 544 885 in
577 825 625 885 dem
674 822 884 882 Thieloschen
923 822 1030 882 Hause
1074 821 1133 881 auf
1160 818 1214 878 der

203 876 372 936 Neustadt
393 873 485 933 unter
506 873 557 933 den
579 873 691 933 Linden
717 873 804 933 ihren
831 873 953 933 Anfang
980 870 1190 930 genommen.

258 921 327 981 Die
355 924 591 984 Auswärtige,
618 924 731 984 welche
758 924 790 984 an
823 921 919 981 dieser
947 921 1091 981 Banque
1114 915 1221 975 Theil

206 975 340 1035 nehmen
373 972 513 1032 wollen,
540 972 637 1032 haben
675 971 724 1031 sich
762 972 837 1032 aller
865 970 1015 1030 Vorzüge
1048 969 1112 1029 und
1135 963 1226 1023 Vor¬

207 1025 330 1085 theile,
356 1022 381 1082 so
408 1022 531 1082 daraus
552 1019 582 1079 zu
609 1019 737 1079 hoffen,
763 1018 855 1078 gleich
887 1016 984 1076 denen
1021 1016 1128 1076 eignen
1160 1012 1226 1072 Un¬

209 1072 378 1132 terthanen
421 1067 499 1127 Sr.
526 1067 669 1127 Königl.
696 1064 864 1124 Majestät
892 1064 923 1124 zu
960 1064 1134 1124 erfreuen,
1156 1063 1218 1123 und

212 1121 297 1181 wenn
331 1118 368 1178 sie
390 1118 524 1178 überdem
574 1115 622 1175 sich
655 1115 725 1175 noch
753 1112 779 1172 in
807 1112 882 1172 Sr.
898 1112 1038 1172 Königl.
1061 1112 1222 1172 Majestät

212 1171 338 1231 Landen
365 1169 566 1229 niederlaßen
599 1166 731 1226 wollen,
747 1166 836 1226 sollen
863 1163 1016 1223 dieselben
1043 1160 1228 1220 allerhöchsi

213 1216 310 1276 Dero
332 1219 412 1279 ganz
434 1219 602 1279 besondern
635 1216 791 1276 Schutzes
824 1213 877 1273 bey
910 1213 986 1273 aller
1008 1210 1228 1270 Gelegenheit

217 1271 264 1331 sich
291 1270 322 1330 zu
359 1267 554 1327 versprechen
592 1267 723 1327 haben,
745 1267 818 1327 auch
850 1266 913 1326 alle
929 1263 1108 1323 Vorrechte
1135 1258 1224 1318 derer

212 1321 356 1381 Königl.
373 1318 595 1378 Unterthanen
626 1318 807 1378 genießen,
834 1317 916 1377 nicht
937 1315 1107 1375 weniger,
1129 1312 1216 1372 wenn

219 1373 256 1433 sie
278 1371 321 1431 sich
348 1369 547 1429 hinlänglich
586 1368 634 1428 bey
667 1366 715 1426 der
748 1366 894 1426 Banque
927 1363 1153 1423 interessiret,
1186 1365 1218 1425 zu

218 1419 373 1479 derselben
404 1416 575 1476 Direction
606 1416 666 1476 mit
686 1416 862 1476 gelangen.

267 1464 342 1524 Die
365 1466 580 1526 Verwaltung
608 1467 662 1527 der
684 1466 824 1526 Banque
851 1464 927 1524 wird
960 1462 1019 1522 auf
1046 1461 1094 1521 die
1122 1458 1235 1518 solide¬

219 1518 260 1578 ste
282 1517 340 1577 und
372 1518 646 1578 vortheilhafteste
668 1514 752 1574 Art,
779 1515 837 1575 wie
858 1512 889 1572 es
916 1512 969 1572 bey
996 1512 1106 1572 irgend
1144 1509 1227 1569 einer

221 1567 341 1627 andern
367 1566 458 1626 wohl
478 1566 696 1626 accreditirten
732 1565 792 1625 und
828 1563 1111 1623 unpartheyischen
1142 1560 1242 1620 Ban¬

222 1618 283 1678 que
304 1616 417 1676 immer
444 1616 603 1676 geschehen
635 1613 743 1673 kann,
769 1613 919 1673 geführet
940 1612 1084 1672 werden.

270 1664 427 1724 Sowohl
455 1661 607 1721 Teutsche
640 1661 688 1721 als
716 1661 976 1721 Portugiesische
1009 1658 1117 1718 Juden
1156 1655 1236 1715 wer¬

222 1714 276 1774 den
306 1712 424 1772 gleiche
444 1706 622 1766 Vortheile
643 1706 671 1766 zu
697 1706 849 1766 genießen
879 1703 1003 1763 haben.

270 1757 344 1817 Die
373 1754 475 1814 Actien
509 1751 629 1811 werden
662 1750 727 1810 eine
746 1748 900 1808 jährliche
924 1745 1115 1805 Dividende
1139 1739 1241 1799 erhal¬

223 1805 276 1865 ten
315 1805 385 1865 nach
418 1800 619 1860 Maaßgabe
647 1796 700 1856 des
722 1795 885 1855 Profits,
908 1796 1043 1856 welchen
1082 1790 1125 1850 die
1152 1789 1249 1849 Ban¬

232 1858 287 1918 que
310 1852 471 1912 abwerfen
499 1850 605 1910 wird:
633 1846 682 1906 Es
705 1848 794 1908 sollen
828 1849 911 1909 diese
929 1848 1039 1908 Actien
1067 1846 1128 1906 von
1162 1843 1234 1903 allen

234 1909 386 1969 Abgaben
415 1905 483 1965 frey
518 1906 574 1966 und
615 1906 711 1966 gegen
746 1901 802 1961 alle
837 1902 1058 1962 Repressalien
1093 1894 1246 1954 gesichert

232 1960 321 2020 seyn,
347 1957 417 2017 auch
448 1954 538 2014 unter
564 1954 714 2014 keinerley
741 1951 931 2011 Vorwand,
962 1951 1052 2011 sogar
1078 1947 1163 2007 nicht
1183 1944 1243 2004 we¬

228 2012 283 2072 gen
311 2005 600 2065 Herrschaftlichen
628 2002 889 2062 Forderungen,
912 2002 973 2062 mit
995 2000 1101 2060 Arrest
1124 1997 1245 2057 beleget

235 2055 355 2115 werden
385 2055 530 2115 können.

286 2103 391 2163 Wenn
427 2103 497 2163 man
533 2103 594 2163 nur
624 2100 867 2160 einigermaßen
903 2096 1155 2156 vorerwehnte,
1181 2093 1236 2153 von

237 2154 314 2214 Sr.
336 2154 485 2214 Königl.
508 2153 707 2213 Majestät,
746 2151 845 2211 dieser
873 2148 1022 2208 Banque
1056 2145 1243 2205 beygelegte

237 2207 301 2267 und
323 2205 506 2265 künftighin
534 2202 604 2262 noch
637 2201 669 2261 zu
702 2199 928 2259 bewilligende
956 2197 1144 2257 Freyheiten
1177 2193 1236 2253 und

239 2252 408 2312 Beneficia
440 2251 466 2311 in
504 2249 689 2309 Erwegung
722 2247 848 2307 ziehet,
875 2249 901 2309 so
934 2246 1013 2306 wird
1050 2245 1118 2305 man
1156 2243 1245 2303 leicht

239 2302 413 2362 einsehen,
440 2297 492 2357 daß
529 2297 667 2357 niemals
704 2297 746 2357 ein
778 2297 968 2357 dergleichen
995 2293 1248 2353 Etablissement

237 2354 301 2414 mit
318 2348 480 2408 mehrerer
503 2346 718 2406 gegründeten
747 2348 903 2408 Hofnung
936 2348 1023 2408 eines
1056 2343 1239 2403 glücklichen

238 2402 375 2462 Erfolgs
413 2396 665 2456 unternommen
703 2394 861 2454 worden,
893 2396 993 2456 auch,
1030 2396 1083 2456 daß
1125 2391 1241 2451 solches

241 2452 279 2512 ein
318 2449 545 2509 ansehnliches
590 2441 795 2501 abwerfen,
829 2445 951 2505 mithin
996 2443 1045 2503 die
1085 2442 1245 2502 jährliche

240 2503 433 2563 Dividende
466 2494 859 2554 wahrscheinlicherweise
892 2494 1129 2554 beträchtlicher
1174 2491 1240 2551 seyn

241 2551 351 2611 muß,
372 2548 422 2608 als
453 2548 518 2608 man
554 2548 578 2608 es
609 2545 654 2605 sich
685 2542 740 2602 von
776 2542 886 2602 irgend
917 2545 1003 2605 einer
1034 2542 1149 2602 andern
1185 2539 1255 2599 der¬

240 2599 375 2659 gleichen
403 2596 789 2656 Hauptunternehmung
823 2590 850 2650 in
883 2595 1019 2655 Europa
1047 2593 1161 2653 bisher
1194 2587 1264 2647 ver¬

245 2649 385 2709 sprechen
418 2646 564 2706 können;
592 2646 710 2706 dahero
732 2641 808 2701 denn
846 2641 910 2701 auch
943 2641 991 2701 die
1014 2642 1256 2702 Einzeichnun¬

246 2700 303 2760 gen
339 2697 367 2757 in
397 2697 465 2757 Sr.
495 2695 639 2755 Königl.
669 2692 813 2752 Majest.
836 2688 963 2748 Landen
998 2691 1166 2751 dergestalt
1195 2687 1252 2747 gut

246 2748 301 2808 von
329 2745 439 2805 statten
462 2745 589 2805 gehen,
617 2744 666 2804 daß
700 2741 767 2801 man
790 2736 922 2796 Ursache
939 2739 961 2799 zu
989 2742 1093 2802 hoffen
1116 2739 1193 2799 hat,
1216 2736 1249 2796 es

246 2796 367 2856 werden
395 2795 444 2855 die
473 2796 583 2856 Actien
616 2796 688 2856 nach
716 2790 887 2850 Eröfnung
938 2790 987 2850 der
1004 2793 1153 2853 Banque
1175 2787 1247 2847 bald

250 2847 429 2907 ansehnlich
453 2844 592 2904 steigen.

301 2891 369 2951 Die
399 2891 665 2951 Auswärtigen,
706 2891 821 2951 welche
851 2885 949 2945 daran
984 2885 1088 2945 Theil
1112 2887 1244 2947 nehmen

247 2945 388 3005 wollen,
413 2945 536 3005 können
561 2945 613 3005 sich
638 2942 815 3002 dieserhalb
839 2939 874 2999 an
910 2937 956 2997 die
975 2936 1099 2996 Herren
1129 2937 1264 2997 Splitt¬

1244 324 1348 384 gerber
1383 322 1446 382 und
1476 322 1609 382 Daun,
1633 327 1807 387 Schütze,
1837 322 1975 382 Wegely
2016 323 2074 383 und
2115 323 2259 383 Söhne,

1240 372 1440 432 Schweiger
1473 374 1532 434 und
1565 374 1701 434 Sohn,
1729 374 1945 434 Seegebarth
1989 373 2048 433 und
2088 371 2266 431 Werstler,

1830 425 1973 485 Ephraim
2026 425 2088 485 und
2118 422 2262 482 Söhne,

1247 425 1412 485 Feronce,
1444 422 1614 482 Jordan,
1641 425 1801 485 Lautier,

1256 472 1366 532 Jtzig,
1389 475 1433 535 rc.
1450 473 1566 533 allhier
1589 473 1804 533 addressiren.

1300 521 1379 581 Auch
1417 521 1534 581 können
1571 524 1784 584 diejenigen,
1817 524 1928 584 welche
1961 521 2013 581 von
2056 524 2152 584 diesem
2195 521 2269 581 Eta¬

1246 572 1432 632 blissement
1453 572 1525 632 noch
1551 573 1711 633 genauere
1733 575 1898 635 Kenntniß
1930 575 2126 635 verlangen,
2148 572 2199 632 sich
2230 569 2256 629 in

1252 620 1494 680 vorerwehnten
1533 622 1738 682 Thieloschen
1772 625 1884 685 Hause
1918 625 1976 685 auf
2009 626 2063 686 der
2096 622 2263 682 Neustadt

1250 672 1341 732 unter
1366 670 1413 730 den
1447 670 1558 730 Linden
1587 673 1731 733 melden.

1301 721 1448 781 Berlin,
1477 721 1528 781 den
1563 722 1619 782 13.
1637 724 1739 784 Nov.
1757 724 1870 784 1764.

1878 769 2269 829 Banco=Commission.

1951 820 1984 880 v.
2014 821 2188 881 Hagen.

1506 879 1715 939 Danzig,
1738 882 1795 942 den
1830 879 1891 939 12.
1920 879 2022 939 Nov.

1303 927 1378 987 Der
1406 924 1573 984 berühmte
1595 927 1702 987 Engl.
1719 927 1875 987 Bereiter
1903 929 1967 989 und
2000 930 2151 990 Roßarzt
2178 927 2264 987 Herr

1264 975 1463 1035 Robertson,
1486 976 1545 1036 hat
1567 974 1610 1034 sich
1648 975 1761 1035 allhier
1789 975 1799 1035 8
1832 975 1924 1035 Tage
1951 980 2179 1040 aufgehalten,
2206 981 2265 1041 und

1257 1022 1414 1082 wahrend
1440 1022 1538 1082 seinem
1578 1022 1760 1082 Hierseyn,
1791 1025 1815 1085 in
1845 1022 2056 1082 Gegenwart
2077 1028 2274 1088 vornehmer

1262 1070 1581 1130 Standespersonen
1616 1070 1709 1130 solche
1739 1070 1959 1130 Operationes
1999 1074 2278 1134 vorgenommen,

1266 1120 1452 1180 dergleichen
1482 1119 1542 1179 wir
1563 1118 1623 1178 mit
1644 1123 1891 1183 unglaublicher
1912 1121 2189 1181 Verwunderung
2225 1123 2274 1183 zu¬

1258 1172 1412 1232 gesehen.
1465 1169 1542 1229 Wie
1573 1169 1605 1229 er
1636 1172 1713 1232 denn
1750 1173 1822 1233 auch
1854 1171 1947 1231 unter
1973 1169 2086 1229 andern
2118 1174 2200 1234 einen
2232 1172 2273 1232 15

1264 1219 1323 1279 und
1356 1219 1442 1279 einen
1475 1219 1665 1279 10jährigen
1692 1222 1822 1282 Hengst
1839 1219 2050 1279 gewallacht,
2078 1222 2191 1282 welche
2219 1222 2267 1282 den

1267 1273 1382 1333 andern
1411 1270 1482 1330 Tag
1516 1270 1543 1330 zu
1577 1270 1664 1330 ihrer
1698 1273 1836 1333 völligen
1864 1271 1980 1331 Arbeit
2008 1273 2068 1333 sind
2102 1274 2273 1334 gebraucht

1264 1322 1415 1382 worden.
1464 1321 1578 1381 Zween
1605 1321 1751 1381 Pferden
1779 1324 1832 1384 hat
1861 1324 1887 1384 er
1920 1324 1968 1384 den
1996 1324 2207 1384 Steinkropf
2229 1324 2283 1384 ge¬

1265 1372 1446 1432 schnitten,
1469 1372 1529 1432 und
1563 1369 1634 1429 sehr
1674 1371 1756 1431 viele
1784 1375 2038 1435 geengländert.
2099 1375 2148 1435 Er
2182 1375 2275 1435 reiset

1273 1422 1326 1482 von
1354 1422 1424 1482 hier
1447 1422 1516 1482 nach
1545 1418 1772 1478 Königsberg.

1544 1470 1723 1530 Wilda,
1746 1473 1802 1533 den
1836 1473 1875 1533 2.
1904 1470 2004 1530 Nov.

1316 1515 1533 1575 Verwichnen
1565 1518 1728 1578 Sonntag
1755 1520 1802 1580 als
1830 1520 1882 1580 den
1914 1518 2019 1578 28sten
2041 1521 2120 1581 Oct.
2136 1518 2268 1578 begieng

1268 1570 1316 1630 der
1349 1569 1463 1629 hiesige
1491 1569 1675 1629 Magistrat
1698 1569 1740 1629 ein
1768 1569 1953 1629 feyerliches
1975 1569 2094 1629 Dank=
2106 1569 2159 1629 und
2182 1569 2284 1629 Freu¬

1276 1616 1397 1676 denfest
1420 1616 1519 1676 wegen
1547 1616 1596 1676 der
1619 1616 1763 1676 glücklich
1785 1616 1962 1676 getroffnen
1990 1619 2101 1679 Wahl
2113 1616 2200 1676 Ihro
2223 1614 2283 1674 Kö¬

1272 1665 1356 1725 nigl.
1381 1661 1549 1721 Majestät
1584 1658 1638 1718 des
1668 1663 1766 1723 neuen
1806 1662 1974 1722 Königes,
2004 1664 2063 1724 und
2093 1664 2182 1724 ward
2222 1664 2275 1724 des

1281 1706 1444 1766 Morgens
1472 1703 1528 1763 aus
1556 1703 1650 1763 denen
1683 1703 1733 1763 vor
1762 1706 1809 1766 dem
1856 1709 2051 1769 Rathhause
2075 1711 2276 1771 gepflanzten

1275 1751 1433 1811 Kanonen
1466 1748 1611 1808 100mal
1630 1748 1830 1808 abgefeuret,
1871 1753 1934 1813 und
1972 1754 2030 1814 mit
2058 1754 2131 1814 eben
2168 1754 2194 1814 so
2218 1754 2285 1814 viel

1280 1799 1396 1859 Schuß
1419 1799 1480 1859 aus
1508 1797 1557 1857 dem
1602 1802 1791 1862 Zeughause
1814 1802 2052 1862 beantwortet,
2086 1805 2147 1865 und
2181 1805 2219 1865 um
2259 1805 2275 1865 8

1282 1853 1344 1913 Uhr
1367 1849 1611 1909 versammleten
1640 1853 1690 1913 sich
1719 1855 1775 1915 alle
1799 1856 1974 1916 Gewerker
1998 1858 2048 1918 bey
2077 1858 2128 1918 der
2145 1858 2287 1918 Schloß¬

1277 1906 1393 1966 kirche,
1421 1906 1478 1966 und
1500 1904 1596 1964 zogen
1623 1906 1680 1966 mit
1702 1906 1878 1966 fliegenden
1905 1906 2032 1966 Fahnen
2060 1909 2123 1969 und
2144 1909 2293 1969 klingen¬

1281 1954 1333 2014 dem
1376 1954 1481 2014 Spiel
1503 1955 1571 2015 nach
1603 1954 1655 2014 der
1682 1955 1734 2015 S.
1756 1957 1998 2017 Casimirkirche
2020 1957 2072 2017 der
2094 1954 2193 2014 Herrn
2220 1957 2288 2017 Pa¬

1279 2007 1343 2067 tres
1371 2005 1463 2065 Soc.
1491 2008 1571 2068 Jesu
1604 2005 1701 2065 gegen
1734 2005 1788 2065 dem
1837 2005 2037 2065 Rathhause
2060 2006 2216 2066 gelegen,
2249 2005 2281 2065 in

1284 2053 1412 2113 welcher
1439 2054 1495 2114 das
1521 2052 1567 2112 Te
1588 2052 1681 2112 Deum
1723 2055 1908 2115 Laudamus
1934 2055 2130 2115 abgesungen
2162 2055 2290 2115 wurde.

1285 2103 1430 2163 Solches
1461 2100 1551 2160 ward
1587 2103 1657 2163 auch
1683 2103 1733 2163 bey
1764 2103 1820 2163 der
1846 2103 2284 2163 evangelisch=lutherischen

1285 2153 1398 2213 Kirche
1419 2151 1620 2211 beobachtet,
1641 2151 1733 2211 indem
1786 2154 1853 2214 nach
1889 2154 1971 2214 einer
2003 2157 2173 2217 gehaltnen
2205 2154 2292 2214 Pre¬

1283 2202 1349 2262 digt
1377 2199 1454 2259 über
1482 2199 1526 2259 die
1554 2199 1698 2259 Worte,
1727 2203 1792 2263 Ps.
1810 2202 1848 2262 9,
1865 2205 1898 2265 1.
1926 2205 2020 2265 unter
2049 2205 2203 2265 Pauken=
2226 2202 2281 2262 und

1282 2246 1583 2306 Trompetenschall
1604 2250 1656 2310 das
1683 2249 1729 2309 Te
1755 2252 1853 2312 Deum
1901 2252 2088 2312 Laudamus
2120 2252 2296 2312 angestim¬

1285 2302 1366 2362 met,
1394 2300 1454 2360 und
1487 2300 1513 2360 zu
1541 2299 1666 2359 fernern
1705 2303 1884 2363 glücklichen
1922 2300 2052 2360 Succeß
2086 2300 2183 2360 dieses
2217 2300 2303 2360 Mo¬

1282 2354 1416 2414 narchen
1447 2348 1644 2408 abgesungen
1670 2352 1799 2412 wurde.
1852 2348 2100 2408 Nachgehends
2131 2348 2213 2408 ward
2245 2350 2291 2410 der

1288 2402 1373 2462 Adel
1390 2402 1449 2462 und
1477 2399 1536 2459 alle
1558 2399 1746 2459 anwesende
1763 2402 1919 2462 Rußische
1936 2399 2038 2459 Herrn
2066 2402 2216 2462 Officiers
2239 2404 2292 2464 auf

1294 2453 1343 2513 dem
1383 2449 1583 2509 Rathhause
1606 2449 1768 2509 tractiret.

1312 2530 1642 2590 Wechsel-Cours
1662 2527 1671 2587 &
1722 2533 1876 2593 Species
1896 2527 1934 2587 d.
1954 2530 2022 2590 22.
2042 2533 2147 2593 Nov.
2169 2535 2293 2595 1764.

1882 2577 1919 2637 71
1939 2581 2027 2641 Tage
2046 2584 2178 2644 306gr.

1296 2584 1481 2644 Amsterdam
1519 2582 1562 2642 41
1587 2581 1667 2641 Tage
1687 2584 1748 2644 308
1774 2589 1816 2649 gr.

1836 2629 1848 2689 6
1881 2629 1937 2689 W.
1957 2632 2020 2692 133
2040 2635 2097 2695 gr.

1295 2635 1467 2695 Hamburg
1499 2632 1505 2692 3
1538 2632 1588 2692 W.
1608 2633 1665 2693 134
1691 2639 1742 2699 gr.

1791 2679 1936 2739 Dantzig
1971 2682 2012 2742 22
2041 2682 2093 2742 pr.
2105 2682 2175 2742 Cto.

1292 2682 1399 2742 Berlin
1434 2682 1513 2742 puri

1873 2728 2005 2788 Alberts
2022 2732 2115 2792 Taler
2138 2731 2192 2791 130
2221 2727 2270 2787 gr.

1289 2733 1430 2793 Ducaten
1454 2730 1530 2790 neue
1554 2730 1559 2790 9
1589 2733 1619 2793 fl.
1631 2733 1642 2793 4
1666 2736 1718 2796 gr.

1779 2777 1830 2837 Alt
1842 2778 1981 2838 Polnisch
2010 2781 2080 2841 Geld
2104 2781 2138 2841 14
2162 2776 2208 2836 pr.
2226 2771 2300 2831 Cto.

1292 2784 1405 2844 Rubel
1423 2781 1486 2841 112
1515 2782 1566 2842 gr.

1299 2855 1389 2915 Diese
1405 2849 1542 2909 Gelehrte
1566 2852 1619 2912 und
1643 2852 1803 2912 Politische
1827 2850 1948 2910 Zeitung
1980 2849 2048 2909 wird
2072 2846 2117 2906 des
2140 2844 2293 2904 Montag=

1400 2897 1457 2957 und
1486 2897 1630 2957 Freytags
1653 2897 1676 2957 in
1700 2894 1745 2954 dem
1786 2894 1976 2954 Kanterschen
2011 2889 2183 2949 Buchladen

1684 2937 1904 2997 ausgegeben.
