2479 3508
156 267 487 327 Domainenraths,
534 261 603 321 wie
633 257 702 317 auch
744 252 906 312 Director
941 252 993 312 des
1029 252 1162 312 hiesigen

154 318 315 378 Collegii
340 315 485 375 Medici.
540 306 653 366 Außer
679 306 769 366 einer
800 306 1004 366 gründlichen
1041 303 1179 363 Rechts¬

157 369 359 429 gelahrtheit
378 364 436 424 und
467 354 818 414 Staatswissenschaft
837 354 919 414 besaß
944 354 973 414 er
997 355 1074 415 tiefe
1093 354 1175 414 Ein=

160 419 267 479 sichten
296 416 324 476 in
353 413 398 473 der
427 407 562 467 Chymie
586 406 648 466 und
677 404 744 464 eine
768 404 870 464 große
893 404 1024 464 Stärke
1053 402 1080 462 in
1115 404 1165 464 den

160 469 286 529 schönen
328 455 622 515 Wissenschaften,
663 455 726 515 und
762 455 830 515 war
866 455 917 515 der
953 453 1177 513 lateinischen,

161 515 391 575 griechischen,
428 503 682 563 französischen,
712 505 930 565 italienischen
973 505 1037 565 und
1073 503 1179 563 engli¬

157 569 238 629 schen
271 558 445 618 Sprachen
479 551 538 611 vol
550 554 691 614 kommen
730 554 866 614 kundig.
937 554 1013 614 Die
1036 551 1166 611 Großen

160 616 215 676 des
243 608 370 668 Landes
404 602 576 662 bedienten
610 601 653 661 sich
687 601 792 661 öfters
831 604 931 664 seines
965 604 1080 664 Raths
1109 601 1175 661 mit

154 662 255 722 vielem
298 652 478 712 Vortheil,
505 650 563 710 und
590 651 702 711 liebten
734 652 829 712 seinen
861 652 1079 712 angenehmen
1101 651 1180 711 Um¬

162 710 275 770 gang,
298 706 348 766 den
383 703 416 763 sie
434 700 484 760 der
507 700 637 760 größten
672 702 948 762 Vertraulichkeit
972 703 1174 763 würdigten.

153 761 203 821 Jn
232 755 283 815 der
307 751 507 811 Dichtkunst
525 750 593 810 war
617 748 645 808 er
668 748 730 808 sehr
754 749 862 809 stark,
886 751 948 811 und
983 751 1097 811 schrieb
1132 752 1177 812 la=

147 807 323 867 teinische,
353 798 519 858 deutsche,
548 798 834 858 niederdeutsche,
863 801 1074 861 französische
1104 801 1166 861 und

155 853 353 913 italienische
382 846 557 906 Gedichte.
620 843 670 903 Er
699 846 784 906 besaß
818 851 903 911 einen
943 852 1158 912 vortreflichen

160 903 343 963 Verstand,
360 898 420 958 und
443 897 498 957 sein
521 897 603 957 Herz
626 895 692 955 war
721 897 892 957 demselben
920 900 1036 960 gleich.
1087 900 1175 960 Sei¬

156 958 195 1018 ne
212 952 394 1012 Gespräche
423 945 525 1005 waren
555 945 714 1005 beständig
743 948 799 1008 mit
822 948 976 1008 lebhaften
1005 951 1164 1011 Einfällen

153 1007 317 1067 gewürzt.
390 1001 495 1061 Einer
523 1001 620 1061 seiner
648 998 898 1058 vorzüglichsten
926 1001 1076 1061 Freunde
1097 1001 1168 1061 war

407 1160 613 1220 Leipzig,
640 1160 697 1220 den
731 1159 794 1219 29.
821 1163 924 1223 Nov.

207 1213 293 1273 Man
328 1211 427 1271 siehet
457 1210 526 1270 hier
556 1209 625 1269 eine
649 1207 759 1267 artige
789 1210 852 1270 auf
881 1213 928 1273 die
957 1215 1177 1275 gegenwärti¬

151 1265 235 1325 tigen
278 1261 459 1321 Umstände
491 1258 726 1318 Chursachsens
763 1261 951 1321 geschlagne
988 1264 1169 1324 Medaille.

152 1312 222 1372 Die
250 1312 314 1372 eine
337 1307 440 1367 Seite
462 1306 565 1366 stellet
582 1306 625 1366 die
647 1306 663 1366 3
685 1307 826 1367 Gratien
854 1311 941 1371 vor,
974 1312 1088 1372 welche
1110 1312 1169 1372 mit

152 1362 431 1422 Blumenfestons
460 1354 644 1414 verbunden
678 1356 767 1416 sind.
840 1360 912 1420 Die
946 1363 1069 1423 mitlere
1103 1359 1175 1419 hält

153 1414 206 1474 das
237 1410 319 1470 Bild
344 1406 414 1466 Sr.
445 1404 658 1464 Churfürstl.
676 1405 818 1465 Durchl.
896 1408 967 1468 Die
991 1410 1044 1470 zur
1069 1408 1169 1468 Rech¬

153 1462 197 1522 ten
227 1459 277 1519 der
301 1455 511 1515 Churfürstl.
529 1455 614 1515 Frau
643 1455 802 1515 Mutter,
842 1458 904 1518 und
939 1461 984 1521 die
1013 1458 1070 1518 zur
1099 1457 1172 1517 Lin¬

147 1512 198 1572 ken
238 1509 318 1569 Sr.
336 1506 478 1566 Königl.
507 1503 638 1563 Hoheit
667 1503 718 1563 des
753 1506 901 1566 Prinzen
930 1509 1089 1569 Xavers,
1113 1506 1164 1566 als

147 1559 430 1619 Administrators
469 1554 528 1614 von
572 1554 753 1614 Sachsen,
780 1554 845 1614 mit
879 1556 933 1616 der
971 1555 1167 1615 Umschrift:

160 1608 262 1668 Trium
306 1605 500 1665 gratiosum.
549 1605 618 1665 Auf
641 1605 689 1665 der
711 1605 829 1665 andern
857 1605 959 1665 Seite
987 1608 1089 1668 zeiget
1111 1605 1159 1665 sich

150 1661 211 1721 das
239 1658 407 1718 Sinnbild
435 1655 485 1715 der
513 1655 759 1715 Fruchtbarkeit
777 1655 837 1715 und
860 1655 910 1715 des
938 1658 1100 1718 Segens,
1117 1655 1161 1715 ein

160 1715 242 1775 schön
271 1709 469 1769 angebautes
498 1709 602 1769 Land,
631 1712 691 1772 und
719 1709 741 1769 in
774 1709 857 1769 einer
880 1708 1090 1768 Entfernung
1118 1707 1167 1767 der

156 1763 318 1823 Prospect
347 1762 399 1822 der
428 1760 642 1820 Churfürstl.
666 1761 822 1821 Residenz
852 1763 909 1823 mit
939 1764 990 1824 den
1026 1763 1158 1823 Worten

158 1809 217 1869 aus
247 1808 296 1868 dem
341 1803 479 1863 Virgilio
509 1802 622 1862 Ecloge
648 1806 702 1866 IV.
722 1808 780 1868 52.

205 1851 335 1911 Adspice
366 1846 502 1906 venturo
533 1843 699 1903 laetentur
724 1846 759 1906 yt
784 1846 903 1906 omnia
933 1846 1057 1906 saeclo.

151 1906 252 1966 Unten
283 1902 306 1962 im
349 1895 533 1955 Abschnitte
552 1894 635 1954 steht
654 1891 904 1951 MDCCLXIV.

434 1944 604 2004 Paris,
633 1944 688 2004 den
727 1942 787 2002 26.
816 1942 915 2002 Nov.

201 1999 273 2059 Die
302 1996 329 2056 zu
363 1996 542 2056 Marseille
576 1993 755 2053 wohnhaft
789 1993 951 2053 gewesene
991 1993 1163 2053 Kaufleute

154 2052 246 2112 Gvis
273 2047 335 2107 und
361 2043 532 2103 Gauthier
558 2043 615 2103 sind
642 2043 724 2103 allda
751 2043 901 2103 arretiret
922 2042 983 2102 und
1010 2043 1077 2103 nach
1114 2043 1165 2103 der

157 2102 300 2162 Bastille
317 2094 467 2154 gebracht
490 2091 639 2151 worden.
684 2091 779 2151 Man
807 2094 1001 2154 beschuldigt
1024 2091 1156 2151 dieselbe

161 2154 214 2214 daß
244 2148 285 2208 sie
303 2147 356 2207 bey
387 2144 439 2204 der
463 2142 617 2202 Ausfuhr
642 2139 689 2199 des
719 2142 849 2202 Korns,
868 2145 979 2205 welche
1004 2145 1027 2205 im
1063 2145 1169 2205 Früh¬

157 2201 230 2261 jahr
265 2196 339 2256 nach
368 2193 498 2253 Italien
539 2193 748 2253 zugestanden
783 2193 874 2253 war,
909 2194 1033 2254 gewisse
1057 2194 1169 2254 Unter¬

157 2250 281 2310 schleife
300 2243 460 2303 begangen
490 2240 615 2300 haben.
675 2240 746 2300 Die
770 2243 960 2303 Marquisin
984 2243 1044 2303 von
1074 2243 1174 2303 Bele¬

157 2306 213 2366 stat
237 2297 299 2357 war
322 2294 384 2354 mit
407 2291 492 2351 einem
533 2291 560 2351 so
584 2288 771 2348 bösartigen
794 2291 907 2351 Fieber
931 2294 1089 2354 befallen,
1107 2294 1157 2354 daß

153 2354 214 2414 alle
232 2345 397 2405 Doctores
421 2340 551 2400 dieselbe
574 2336 694 2396 bereits
723 2342 916 2402 aufgegeben
946 2345 1076 2405 hatten,
1093 2342 1172 2402 aus¬

150 2397 341 2457 genommen
395 2393 446 2453 der
482 2390 551 2450 Hr.
581 2390 807 2450 Verdelhan,
843 2393 1069 2453 Leibmedicus
1110 2391 1162 2451 des

156 2449 300 2509 Prinzen
336 2440 387 2500 von
423 2437 549 2497 Conde.
597 2437 718 2497 Dieser
742 2440 799 2500 hat
817 2440 868 2500 für
892 2443 1019 2503 rathsam
1055 2440 1170 2500 gefun¬

154 2497 239 2557 den,
266 2492 441 2552 bemeldete
462 2485 574 2545 Dame
596 2488 808 2548 verschiedene
836 2490 915 2550 male
947 2491 973 2551 in
1011 2488 1079 2548 sehr
1106 2488 1175 2548 kal¬

155 2546 203 2606 tes
225 2542 356 2602 Wasser
378 2536 557 2596 eintauchen
585 2536 612 2596 zu
639 2536 764 2596 laßen,
798 2541 857 2601 und
890 2539 1004 2599 solches
1037 2538 1075 2598 ist
1102 2536 1161 2596 von

155 2597 206 2657 der
229 2590 392 2650 Wirkung
416 2587 584 2647 gewesen,
619 2587 675 2647 daß
715 2590 845 2650 dieselbe
873 2590 1042 2650 allgemach
1066 2587 1155 2647 ihren
1196 2588 1326 2648 unserer
1349 2591 1614 2651 allergnädigsten
1649 2590 1863 2650 Monarchin,
1892 2586 1948 2646 das
1971 2585 2083 2645 hiesige
2101 2587 2208 2647 Fräu¬

152 2642 340 2702 Verstand,
368 2638 423 2698 den
451 2638 490 2698 sie
507 2638 584 2698 beym
624 2637 739 2697 Fieber
762 2641 901 2701 verloren
935 2641 1067 2701 gehabt,
1090 2638 1167 2698 wie=
1196 2638 1350 2698 leinstift,
1373 2638 1400 2698 im
1440 2641 1539 2701 neuen
1568 2638 1861 2698 Jungfernkloster
1884 2638 1934 2698 zur
1962 2635 2199 2695 Auferstehung

150 2699 210 2759 der
233 2689 421 2749 bekommen
449 2685 520 2745 hat.

429 2736 592 2796 Cadix,
617 2736 671 2796 den
708 2735 744 2795 3.
769 2739 872 2799 Nov.

207 2794 302 2854 Nach
329 2787 469 2847 Briefen
502 2784 558 2844 von
591 2784 731 2844 Lissabon
764 2787 847 2847 wird
880 2790 956 2850 allda
995 2790 1046 2850 der
1072 2789 1161 2849 Feld=

146 2854 321 2914 marschall
336 2842 427 2902 Graf
449 2838 504 2898 von
533 2839 589 2899 der
611 2838 920 2898 Lippe=Bückeburg
942 2844 976 2904 zu
1005 2841 1159 2901 Anfange

1211 250 1260 310 der
1285 252 1427 312 Königl.
1446 249 1613 309 Archiater
1640 252 1700 312 und
1726 252 1880 312 Senator
1906 249 2029 309 unserer
2055 249 2222 309 Akademie

1210 303 1284 363 Hr.
1302 303 1348 363 D.
1372 303 1602 363 Bohlius,
1626 303 1689 363 mit
1719 300 1846 360 welchem
1893 300 1921 360 er
1950 300 2019 360 auch
2054 299 2215 359 beständig

1214 351 1299 411 einen
1327 351 1478 411 gelehrten
1512 348 1745 408 Briefwechsel
1761 351 1978 411 unterhielte,
2005 349 2065 409 wie
2087 348 2113 408 er
2141 348 2211 408 denn

1213 401 1281 461 auch
1309 401 1366 461 mit
1388 398 1435 458 ihm
1483 398 1715 458 verschwägert
1742 400 1831 460 war,
1864 398 1900 458 da
1932 398 1958 458 er
1990 396 2058 456 eine
2080 398 2222 458 Schwe¬

1211 451 1385 511 stertochter
1413 446 1521 506 unsers
1549 448 1674 508 jetzigen
1712 449 1804 509 Hrn.
1833 447 1935 507 Rect.
1958 446 2137 506 Magnifici
2165 448 2213 508 des

1209 500 1529 560 Oberhofpredigers
1547 497 1590 557 D.
1607 497 1806 557 Quandt,
1824 497 1889 557 eine
1912 497 2050 557 geborne
2073 497 2211 557 Lübeckin

1209 554 1262 614 zur
1285 548 1354 608 Ehe
1377 548 1480 608 hatte,
1502 547 1615 607 welche
1637 545 1664 605 er
1692 545 1735 605 als
1763 545 1903 605 Wittwe
1925 545 2012 605 nebst
2034 548 2223 608 verschiede¬

1200 601 1258 661 nen
1296 598 1445 658 Kindern
1483 598 1537 658 von
1575 595 1740 655 beyderley
1778 595 1965 655 Geschlecht
1992 598 2227 658 nachgelaßen.

1211 647 1254 707 Er
1281 649 1356 709 starb
1385 648 1438 708 den
1471 646 1530 706 11.
1547 646 1655 706 Sept.
1677 646 1790 706 1761,
1818 644 1877 704 und
1911 645 1996 705 ward
2029 646 2083 706 den
2122 646 2213 706 18ten

1208 697 1314 757 eiusd.
1342 698 1367 758 in
1400 697 1501 757 seinem
1544 694 1756 754 väterlichen,
1777 695 1825 755 der
1852 694 2118 754 Sackheimschen
2150 696 2224 756 Kir¬

1209 749 1325 809 chirche
1353 748 1552 808 angebauten
1586 745 1835 805 Erbbegräbniß
1880 745 2068 805 beygesetzt.
2141 745 2212 805 Die

1205 798 1285 858 über
1315 798 1413 858 seinen
1455 795 1663 855 Wahlspruch
1699 797 1802 857 Psalm
1844 789 1907 849 73,
1931 792 1965 852 v.
1989 792 2047 852 25.
2065 792 2128 852 26.
2152 792 2209 852 von

1204 849 1260 909 dem
1312 846 1566 906 Kneiphöfschen
1600 843 1748 903 Rectore
1782 843 1878 903 Hrn.
1912 840 1968 900 M.
1997 840 2217 900 Pisanski

1200 900 1256 960 ihm
1301 900 1464 960 gehaltene
1490 897 1685 957 Standrede
1718 896 1755 956 ist
1787 896 1843 956 auf
1869 892 1888 952 3
1914 892 2026 952 Bogen
2059 894 2083 954 in
2115 894 2209 954 Folis

1203 951 1376 1011 gedruckt.

1379 1001 1496 1061 Friede
1526 995 1665 1055 schwebe
1695 995 1775 1055 über
1805 995 1908 1055 seiner
1931 992 2040 1052 Urne!

1203 1166 1252 1226 des
1283 1166 1449 1226 künftigen
1474 1166 1604 1226 Jahres
1629 1166 1740 1226 zurück
1771 1160 1938 1220 erwartet.
2013 1157 2086 1217 Die
2111 1154 2215 1214 Flotte

1198 1213 1258 1273 aus
1284 1214 1334 1274 der
1360 1213 1588 1273 Allerheiligen
1624 1213 1699 1273 Bay
1741 1210 1796 1270 soll
1822 1207 1918 1267 unter
1949 1204 2065 1264 andern
2091 1202 2222 1262 andert¬

1206 1264 1278 1324 halb
1300 1264 1478 1324 Millionen
1506 1261 1667 1321 Crusaden
1701 1256 1723 1316 in
1751 1255 1839 1315 Gold
1868 1255 2079 1315 mitgebracht
2102 1252 2217 1312 haben.

1435 1309 1671 1369 Lissabon,
1693 1309 1748 1369 den
1781 1306 1847 1366 27.
1869 1303 1995 1363 Octob.

1247 1357 1319 1417 Der
1344 1357 1417 1417 Hof
1436 1360 1490 1420 hat
1509 1357 1636 1417 Besehl
1655 1357 1788 1417 ergehen
1813 1351 1934 1411 laßen,
1959 1351 1983 1411 in
2020 1351 2093 1411 allen
2124 1345 2214 1405 Pro¬

1193 1407 1307 1467 vinzen
1346 1407 1399 1467 des
1438 1407 1682 1467 Königreichs,
1716 1406 1776 1466 alle
1809 1403 1966 1463 diejenige
1999 1397 2216 1457 Weinstöcke,

1200 1456 1311 1516 welche
1349 1458 1411 1518 auf
1444 1456 1533 1516 einem
1587 1455 1740 1515 Erdreich
1778 1453 1910 1513 stehen,
1953 1449 2016 1509 das
2053 1449 2111 1509 mit
2138 1446 2190 1506 dem

1203 1504 1329 1564 Pfluge
1356 1507 1536 1567 bearbeitet
1563 1506 1620 1566 und
1652 1504 1762 1564 besäet
1784 1501 1905 1561 werden
1948 1497 2053 1557 kann,
2091 1497 2217 1557 auszu¬

1194 1554 1327 1614 reißen.
1377 1557 1460 1617 Nur
1494 1557 1655 1617 diejenige
1695 1552 1889 1612 Weinstöcke
1923 1550 1962 1610 um
2018 1548 2068 1608 die
2096 1546 2212 1606 hiesige

1203 1605 1424 1665 Hauptstadt,
1457 1605 1514 1665 und
1542 1605 1747 1665 diejenigen,
1779 1602 1895 1662 welche
1922 1601 1980 1661 auf
2007 1599 2090 1659 einem
2138 1596 2191 1656 zum

1198 1655 1357 1715 Kornbau
1395 1655 1602 1715 untüchtigen
1640 1652 1788 1712 Erdreich
1826 1649 1969 1709 stehen,
2007 1649 2070 1709 sind
2103 1644 2203 1704 davon

1199 1706 1483 1766 ausgenommen.
1545 1703 1728 1763 Nächstens
1757 1703 1834 1763 wird
1863 1700 1907 1760 ein
1936 1697 2057 1757 Befehl
2081 1697 2214 1757 heraus¬

1202 1760 1371 1820 kommen,
1400 1760 1524 1820 welcher
1559 1757 1604 1817 die
1633 1754 1848 1814 Einführung
1883 1751 1956 1811 aller
1985 1748 2115 1808 irdenen
2144 1745 2211 1805 Ge¬

1206 1811 1318 1871 schirre
1346 1810 1399 1870 aus
1438 1810 1485 1870 der
1513 1811 1669 1871 Fremde,
1696 1805 1949 1865 ausgenommen
1987 1801 2030 1861 die
2063 1801 2127 1861 mit
2149 1799 2202 1859 den

1201 1846 1463 1906 Portugisischen
1500 1849 1648 1909 Schiffen
1681 1849 1870 1909 kommende
1902 1849 2123 1909 Chinesische,
2156 1852 2182 1912 im

1197 1894 1330 1954 gleichen
1360 1894 1430 1954 auch
1460 1894 1505 1954 die
1529 1897 1745 1957 Einführung
1774 1897 1902 1957 allerley
1926 1897 2054 1957 falschen
2090 1897 2212 1957 Steine

1197 1942 1382 2002 verbietet.

1420 1993 1667 2053 Meyland,
1697 1992 1753 2052 den
1795 1993 1858 2053 10.
1882 1992 1985 2052 Nov.

1248 2040 1317 2100 Die
1346 2042 1532 2102 Prinzessin
1567 2040 1682 2100 Louise
1712 2040 1770 2100 von
1805 2040 1967 2100 Parma,
2003 2040 2089 2100 deren
2130 2040 2216 2100 Ver¬

1195 2094 1354 2154 mählung
1381 2091 1444 2151 mit
1466 2091 1513 2151 dem
1556 2091 1705 2151 Prinzen
1732 2088 1790 2148 von
1822 2088 1965 2148 Asturien
1997 2088 2028 2148 an
2055 2088 2108 2148 dem
2140 2088 2209 2148 Ho¬

1200 2148 1226 2208 fe
1248 2145 1300 2205 des
1327 2142 1492 2202 Infanten
1524 2142 1672 2202 Herzogs
1699 2140 1869 2200 declariret
1891 2139 2012 2199 worden
2039 2139 2103 2199 ist,
2130 2138 2203 2198 wird

1199 2198 1226 2258 zu
1260 2193 1414 2253 derselben
1454 2193 1520 2253 Zeit
1549 2192 1620 2252 nach
1649 2191 1770 2251 Genua
1804 2190 1975 2250 abgehen,
1998 2190 2031 2250 da
2065 2190 2114 2250 die
2137 2190 2214 2250 In¬

1198 2241 1295 2301 fantin
1327 2240 1383 2300 von
1410 2240 1590 2300 Spanien,
1617 2240 1761 2300 verlobte
1782 2240 1901 2300 Braut
1922 2237 1973 2297 des
1994 2240 2196 2300 Erzherzogs

1200 2291 1355 2351 Leopold,
1381 2291 1516 2351 daselbst
1536 2291 1596 2351 aus
1622 2291 1782 2351 Spanien
1813 2294 1973 2354 anlangen
2004 2289 2109 2349 wird,
2139 2290 2199 2350 und

1195 2342 1345 2402 dieselben
1371 2339 1599 2399 Ehrendamen
1631 2342 1692 2402 und
1719 2343 1911 2403 Edelleute,
1932 2342 2045 2402 welche
2072 2342 2133 2402 mit
2155 2342 2201 2402 der

1190 2390 1358 2450 Infantin
1391 2390 1464 2450 nach
1497 2393 1622 2453 Genua
1649 2393 1829 2453 kommen,
1866 2393 1987 2453 werden
2025 2390 2072 2450 die
2099 2391 2209 2451 Prin¬

1196 2443 1284 2503 zessin
1313 2438 1424 2498 Louise
1441 2439 1512 2499 nach
1542 2443 1685 2503 Madrid
1708 2443 1880 2503 begleiten.

1389 2489 1700 2549 Petersburg,
1723 2494 1778 2554 den
1812 2491 1878 2551 26.
1901 2489 2000 2549 Nov.

1247 2536 1318 2596 Den
1349 2536 1439 2596 23ten
1470 2542 1573 2602 dieses
1597 2542 1687 2602 gefiel
1712 2542 1742 2602 es
1767 2539 1857 2599 Jhro
1888 2536 2033 2596 Kaiserl.
2058 2536 2208 2596 Majest.

1202 2686 1343 2746 Christi,
1366 2688 1428 2748 mit
1447 2691 1667 2751 allerhöchster
1691 2687 1895 2747 Gegenwart
1913 2685 1935 2745 zu
1959 2685 2106 2745 beehren.
2135 2689 2208 2749 Ih¬

1196 2736 1228 2796 ro
1256 2736 1353 2796 Maj.
1370 2739 1506 2799 erhuben
1540 2741 1588 2801 sich
1617 2738 1709 2798 dahin
1737 2736 1774 2796 um
1824 2736 1884 2796 10.
1901 2735 1965 2795 Uhr
1988 2735 2200 2795 Vormittage

1197 2785 1261 2845 und
1286 2787 1414 2847 wurden
1449 2791 1542 2851 unten
1567 2790 1602 2850 an
1632 2787 1681 2847 der
1711 2787 1844 2847 Treppe
1869 2788 1923 2848 von
1958 2785 2012 2845 der
2037 2784 2204 2844 Obervor¬

1206 2838 1361 2898 steherin,
1392 2841 1440 2901 der
1465 2844 1639 2904 Prinzeßin
1669 2841 1885 2901 Dolgorucki,
1898 2839 1946 2899 der
1971 2834 2205 2894 Oberaufsehe=

2130 2887 2214 2947 rin,
