2479 3508
212 336 343 396 möglich
374 338 434 398 ist,
458 336 523 396 alle
542 336 697 396 bespeiset
716 333 842 393 werden
878 333 1021 393 mögen,
1052 333 1118 393 und
1148 331 1237 391 jeder

224 386 263 446 ein
286 386 520 446 Saamenkorn
555 386 604 446 für
627 383 677 443 sich
706 383 733 443 in
756 383 806 443 der
824 383 969 443 Predigt
986 383 1086 443 finde.
1115 380 1226 440 Chry

226 434 431 494 sostomus
459 436 561 496 redete
578 432 632 492 vor
649 433 816 493 Christen,
827 431 854 491 er
876 431 1027 491 brauchte
1044 431 1124 491 nicht
1147 431 1244 491 soviel

223 490 254 550 zu
286 485 468 545 beweisen,
489 485 536 545 als
573 485 734 545 vielmehr
761 482 791 542 zu
834 480 1011 540 erwecken.
1069 479 1188 539 Kostet
1215 479 1240 539 in

227 534 277 594 der
305 535 522 595 Kanterschen
551 533 818 593 Buchhandlung
852 533 991 593 allhier,
1014 533 1075 593 wie
1103 532 1175 592 auch
1215 529 1242 589 in

229 586 355 646 Elbing
383 585 443 645 und
471 583 585 643 Mitau
619 583 657 643 12
685 584 739 644 gr.

273 727 350 787 Der
385 730 535 790 folgende
564 727 670 787 Brief
699 729 737 789 an
772 727 821 787 den
856 727 1023 787 Verfasser
1052 726 1107 786 des
1136 724 1242 784 72sten

229 781 361 841 Stücks
395 778 523 838 unserer
551 778 717 838 Zeitung,
745 778 878 838 welches
918 776 1011 836 eine
1051 775 1256 835 Abhand¬

224 830 329 890 lung
363 828 435 888 vom
486 828 630 888 Tanze
659 828 697 888 in
731 828 793 888 sich
827 825 994 885 begreift,
1022 824 1061 884 ist
1089 822 1150 882 uns
1184 819 1239 879 von

232 879 324 939 einer
349 876 575 936 unbekannten
610 876 708 936 Hand
743 873 948 933 eingesendet
979 873 1145 933 worden;
1190 869 1253 929 wir

236 929 338 989 hoffen
369 927 501 987 dadurch
538 927 731 987 wenigstens
768 927 894 987 einigen
926 924 980 984 von
1011 927 1119 987 unsern
1144 922 1246 982 Lesern

235 982 372 1042 gefällig
399 980 431 1040 zu
464 978 608 1038 werden.

408 1046 512 1106 Mein
550 1047 672 1107 Herr!

240 1126 303 1186 In
330 1121 439 1181 Ihrem
484 1120 716 1180 Geehrtesten,
736 1116 767 1176 so
794 1115 865 1175 Sie
885 1115 1000 1175 unterm
1039 1115 1109 1175 7ten
1136 1115 1257 1175 Octob.

230 1172 264 1232 a.
283 1172 311 1232 c.
329 1172 388 1232 ans
412 1172 581 1232 Publicum
623 1170 757 1230 ergehen
787 1169 904 1229 laßen,
933 1166 1103 1226 verrathen
1133 1163 1203 1223 Sie
1227 1164 1249 1224 so

234 1222 342 1282 wenig
364 1219 634 1279 Tanzkenntniß,
651 1219 704 1279 daß
732 1219 775 1279 ich
802 1219 948 1279 beynahe
976 1215 1029 1275 auf
1052 1213 1100 1273 den
1127 1213 1256 1273 beißen¬

241 1273 291 1333 den
320 1273 451 1333 Einfall
469 1273 617 1333 gerathen
646 1270 754 1330 wäre,
761 1270 806 1330 als
836 1270 943 1330 hatten
967 1264 1035 1324 Sie
1053 1264 1155 1324 keinen
1184 1264 1263 1324 Mo¬

237 1320 292 1380 nat
315 1323 420 1383 tanzen
454 1321 610 1381 gelernet.
649 1321 721 1381 Sie
738 1321 871 1381 nehmen
905 1321 955 1381 sich
984 1318 1011 1378 in
1034 1318 1111 1378 allen
1145 1315 1250 1375 Ehren

234 1369 315 1429 vor,
343 1372 397 1432 den
431 1372 517 1432 Tanz
545 1372 572 1432 zu
600 1371 855 1431 vertheidigen,
878 1369 970 1429 allein
1003 1366 1073 1426 Sie
1096 1366 1248 1426 beweisen

233 1419 289 1479 bey
312 1419 408 1479 dieser
431 1419 681 1479 Gelegenheit,
704 1419 761 1479 daß
790 1419 903 1479 Ihnen
938 1416 988 1476 der
1017 1416 1250 1476 himmelweite

231 1470 434 1530 Unterschied
461 1470 605 1530 zwischen
632 1470 685 1530 dem
723 1467 930 1527 eigentlichen
952 1467 1064 1527 Tanz,
1086 1467 1144 1527 und
1172 1464 1256 1524 einer

232 1518 378 1578 gewissen
406 1518 525 1578 andern
552 1518 639 1578 Art,
666 1518 720 1578 von
754 1518 884 1578 welcher
912 1516 938 1576 in
961 1516 1074 1576 Ihrer
1096 1514 1253 1574 Abhand¬

241 1569 315 1629 lung
339 1569 390 1629 die
414 1566 500 1626 Rede
524 1566 587 1626 ist,
611 1566 657 1626 ein
681 1566 819 1626 völliges
842 1566 981 1626 Räthsel
1005 1566 1068 1626 sey.
1132 1563 1258 1623 Erlau¬

235 1618 297 1678 ben
320 1616 387 1676 Sie
411 1618 473 1678 mir
496 1616 552 1676 auf
575 1616 614 1676 ein
644 1613 739 1673 Paar
763 1616 921 1676 Minuten
950 1613 1040 1673 Ihre
1058 1613 1171 1673 Hand,
1189 1613 1250 1673 und

237 1665 275 1725 ich
309 1667 485 1727 verspreche
503 1666 652 1726 Ihnen,
680 1664 757 1724 Sie
785 1664 812 1724 so
841 1664 951 1724 artig,
985 1662 1034 1722 als
1063 1661 1150 1721 wenn
1184 1661 1250 1721 Sie

231 1713 279 1773 ein
311 1715 470 1775 Mädchen
502 1712 634 1772 waren,
667 1710 725 1770 aus
763 1706 858 1766 diesem
895 1709 1081 1769 Irrthume
1113 1706 1139 1766 zu
1177 1706 1251 1766 füh¬

238 1804 316 1864 über
352 1801 395 1861 die
426 1801 490 1861 alte
520 1799 583 1859 und
618 1799 696 1859 neue
727 1796 943 1856 Tanzkunst,
979 1795 1038 1855 und
1068 1793 1146 1853 über
1176 1793 1254 1853 alles

240 1852 313 1912 was
337 1849 489 1909 darinnen
518 1847 711 1907 einschlägt,
734 1846 762 1906 zu
791 1846 955 1906 erklären,
979 1842 1108 1902 sondern
1138 1841 1261 1901 begnü¬

233 1907 267 1967 ge
291 1903 366 1963 mich
402 1903 471 1963 bloß
507 1900 623 1960 Ihnen
659 1900 687 1960 in
723 1900 874 1960 beliebter
904 1897 1014 1957 Kürze
1044 1896 1253 1956 anzuzeigen,

230 1954 286 2014 daß
310 1954 377 2014 Sie
395 1954 417 2014 in
441 1954 548 2014 Ihrer
572 1950 794 2010 Abhandlung
823 1948 908 2008 nicht
932 1948 982 2008 vom
1029 1947 1136 2007 Tanze
1160 1945 1256 2005 über¬

231 2003 365 2063 haupt,
402 2003 538 2063 sondern
575 2000 631 2060 von
668 2000 719 2060 den
757 1997 1085 2057 Compagnietänzen
1122 1997 1256 2057 geredet

229 2052 359 2112 haben,
388 2052 447 2112 wie
470 2052 507 2112 sie
531 2049 574 2109 ein
607 2049 848 2109 wohlbestalter
871 2046 1139 2106 Schriftsteller,
1162 2045 1254 2105 Herr

238 2103 348 2163 Adam
395 2101 633 2161 Wolfgang
669 2098 1000 2158 Winterschmid
1029 2095 1081 2155 bey
1099 2094 1151 2154 der
1163 2094 1255 2154 hoch¬

229 2150 379 2210 löblichen
408 2151 615 2211 Universität
639 2145 794 2205 Altdorf,
817 2145 1070 2205 Tanzmeister,
1098 2144 1126 2204 in
1154 2142 1237 2202 einer

239 2202 265 2262 in
297 2200 398 2260 seinem
446 2199 535 2259 selbst
562 2199 689 2259 eigenen
716 2199 864 2259 Verlage
891 2193 1245 2253 herausgekommenen

226 2249 370 2309 kurzen
397 2246 676 2306 undleichten
703 2246 991 2306 Anweisung,
1008 2246 1039 2306 zu
1062 2243 1184 2303 nennen
1212 2241 1254 2301 be¬

237 2297 351 2357 liebet.
378 2297 421 2357 Zu
455 2294 547 2354 diesem
591 2291 677 2351 Ende
700 2293 743 2353 sey
771 2292 803 2352 es
825 2294 933 2354 Ihnen
961 2294 1081 2354 hiemit
1103 2291 1238 2351 entdeckt

240 2345 295 2405 daß
323 2344 379 2404 das
407 2339 563 2399 Wörtgen
591 2342 897 2402 Nachahmung
920 2345 981 2405 auf
998 2343 1109 2403 unsere
1127 2339 1254 2399 pohlni¬

239 2395 318 2455 schen
345 2393 471 2453 Tänze,
492 2390 660 2450 Angloisen
687 2390 745 2450 und
772 2393 961 2453 Menuetten
988 2393 1014 2453 in
1046 2393 1093 2453 der
1110 2390 1172 2450 Art
1194 2390 1251 2450 kei¬

231 2445 285 2505 nen
318 2443 449 2503 Einfluß
477 2438 658 2498 behaupte,
681 2439 735 2499 daß
768 2440 839 2500 man
867 2441 894 2501 in
922 2443 1020 2503 diesen
1043 2441 1174 2501 Tänzen
1202 2440 1250 2500 die

237 2494 530 2554 Verschiedenheit
547 2487 641 2547 dieser
658 2485 780 2545 Länder
797 2491 1007 2551 nachahmend
1035 2489 1173 2549 abbilde,
1184 2488 1250 2548 son¬

237 2545 304 2605 dern
332 2545 387 2605 daß
422 2543 449 2603 in
484 2543 561 2603 allen
601 2536 696 2596 diesen
736 2536 853 2596 Rollen
887 2542 931 2602 ein
971 2542 1060 2602 süßer
1083 2539 1166 2599 Herr
1200 2536 1256 2596 ge¬

229 2593 340 2653 macht
358 2590 486 2650 werde,
515 2593 536 2653 so
565 2592 620 2652 daß
649 2587 710 2647 kein
739 2585 934 2645 Unterschied
963 2590 1108 2650 zwischen
1148 2588 1242 2648 diesen

237 2641 420 2701 Tanzarten
454 2641 582 2701 bliebe,
605 2638 693 2698 wenn
727 2635 788 2695 uns
811 2635 893 2695 nicht
917 2640 961 2700 die
984 2641 1122 2701 Musik:
1156 2637 1189 2697 es
1212 2635 1250 2695 ist

238 2691 428 2751 pohlnisch,
457 2691 491 2751 es
515 2688 549 2748 ist
573 2688 728 2748 englisch,
758 2683 815 2743 ins
845 2684 919 2744 Ohr
949 2688 1069 2748 sagen,
1099 2687 1162 2747 und
1191 2687 1243 2747 der

234 2742 456 2802 Tanzmeister
488 2738 551 2798 mit
584 2736 684 2796 seinem
732 2730 949 2790 Violinbogen
992 2733 1076 2793 einen
1119 2736 1235 2796 andern

229 2790 359 2850 Gang,
387 2790 446 2850 mit
469 2790 567 2850 seinem
611 2784 697 2844 Fuße
725 2783 796 2843 aber
818 2781 905 2841 einen
933 2784 1047 2844 andern
1080 2784 1156 2844 Pas
1190 2786 1249 2846 zei¬

216 2842 277 2902 gen
305 2841 439 2901 möchte.
490 2838 579 2898 Was
602 2838 674 2898 aber
714 2835 792 2895 diese
815 2829 892 2889 Pas
922 2832 1061 2892 betrift,
1095 2835 1122 2895 so
1146 2835 1234 2895 sehen

228 2891 263 2951 sie
287 2891 375 2951 ihren
406 2887 577 2947 Nationen
601 2888 659 2948 auf
678 2886 831 2946 keinerley
861 2882 920 2942 Art
938 2883 1079 2943 ähnlich,
1110 2885 1168 2945 und
1193 2888 1233 2948 ich

1289 330 1377 390 sollte
1395 327 1530 387 denken,
1554 327 1589 387 es
1613 327 1701 387 wäre
1719 330 1806 390 einem
1848 329 2024 389 Franzosen
2054 327 2095 387 ein
2131 331 2295 391 englischer

1283 377 1363 437 Pas
1385 376 1455 436 eben
1488 374 1515 434 so
1537 379 1769 439 angemessen,
1797 382 1845 442 als
1878 380 1964 440 einem
2008 377 2202 437 Engländer
2235 382 2299 442 eine

1283 426 1433 486 Menuet
1461 425 1515 485 ist.
1586 425 1683 485 Wir
1711 430 1851 490 lieben
1884 429 2188 489 insgesammt,
2221 428 2296 488 und

1280 476 1430 536 keiner
1463 473 1603 533 liebet
1626 476 1809 536 anders.
1875 479 1960 539 Das
1989 481 2026 541 ist
2054 476 2107 536 der
2140 476 2307 536 Gesichts¬

1285 526 1411 586 punkt,
1438 524 1495 584 aus
1528 524 1654 584 welchem
1708 526 1776 586 man
1809 530 1856 590 den
1888 528 2194 588 Gesellschaftstanz
2216 527 2310 587 beur¬

1279 575 1398 635 theilen
1424 574 1522 634 muß,
1548 573 1605 633 und
1631 576 1719 636 wenn
1751 578 1808 638 wir
1834 579 1953 639 anders
1974 579 2030 639 zur
2052 579 2160 639 Frage
2181 577 2305 637 berech¬

1284 623 1347 683 tigt
1377 622 1434 682 sind
1469 622 1567 682 läßt
1597 623 1672 683 uns
1707 625 1770 685 die
1801 628 1922 688 Liebe
1951 628 2084 688 klug?
2131 628 2165 688 so
2189 627 2298 687 dürfte

1279 671 1401 731 Ihnen
1434 670 1534 730 wegen
1567 672 1614 732 der
1641 676 1906 736 Vertheidigung
1933 676 2034 736 bange
2061 676 2215 736 werden,
2242 673 2305 733 wo¬

1286 721 1351 781 mit
1369 718 1440 778 Sie
1463 720 1484 780 in
1513 721 1623 781 Ihrer
1646 727 1866 787 Abhandlung
1906 727 1955 787 zur
1978 724 2066 784 Ehre
2100 727 2149 787 des
2177 724 2304 784 Gesell¬

1287 769 1518 829 schaftstanzes
1544 771 1595 831 dem
1632 775 1806 835 tanzenden
1838 775 1981 835 Publico
2013 775 2105 835 unter
2126 775 2172 835 die
2198 777 2296 837 Arme

1285 816 1463 876 gegriffen.
1519 816 1610 876 Doch
1643 822 1735 882 wenn
1774 822 1838 882 wir
1871 825 1941 885 auch
1974 825 2071 885 dieses
2104 825 2131 885 in
2164 825 2294 885 Züchten

1291 868 1351 928 und
1385 867 1490 927 Ehren
1529 868 1562 928 an
1596 872 1701 932 seinen
1735 874 1800 934 Ort
1823 876 1961 936 stellen,
1984 876 2011 936 so
2045 873 2177 933 scheinet
2211 876 2299 936 Ihre

1278 918 1549 978 Vertheidigung
1577 921 1658 981 nicht
1681 921 1735 981 von
1768 921 1816 981 der
1839 924 1904 984 Art
1926 924 1953 984 zu
1986 924 2072 984 seyn,
2095 922 2149 982 daß
2177 924 2225 984 die
2242 924 2307 984 Un¬

1277 969 1547 1029 partheylichkeit
1569 969 1657 1029 durch
1678 969 1808 1029 dieselbe
1829 972 2021 1032 überzeuget
2032 972 2152 1032 werden
2178 975 2308 1035 köͤnnte.

1287 1016 1387 1076 Laßen
1409 1013 1477 1073 Sie
1499 1016 1561 1076 mit
1578 1016 1630 1076 sich
1658 1018 1731 1078 über
1753 1019 1873 1079 Pausch
1900 1019 1958 1079 und
1986 1021 2101 1081 Bogen
2128 1022 2244 1082 reden,
2260 1022 2296 1082 ob

1274 1064 1320 1124 ich
1347 1067 1440 1127 gleich
1477 1066 1648 1126 versichert
1669 1067 1746 1127 bin,
1783 1065 1840 1125 daß
1872 1064 1939 1124 Sie
1965 1066 2017 1126 bey
2043 1069 2126 1129 einer
2152 1070 2292 1130 genauen

1287 1113 1543 1173 Zergliederung
1569 1117 1674 1177 Ihrer
1700 1115 1851 1175 Beweise
1882 1112 1998 1172 immer
2034 1115 2184 1175 verlieren
2220 1116 2305 1176 wür¬

1280 1163 1357 1223 den.
1386 1163 1458 1223 Die
1481 1166 1737 1226 Ingredienzien
1766 1166 1821 1226 zum
1861 1166 2016 1226 Exempel
2039 1163 2061 1223 in
2095 1163 2201 1223 Ihrem
2240 1166 2307 1226 Re¬

1290 1213 1388 1273 cepte,
1399 1213 1523 1273 welches
1546 1216 1599 1276 das
1622 1216 1818 1276 Vergnüͤgen
1845 1216 1915 1276 beym
1949 1214 2035 1274 Tanz
2052 1214 2214 1274 befordern
2237 1214 2307 1274 soll,

1287 1261 1344 1321 sind
1366 1264 1392 1324 so
1409 1264 1467 1324 wie
1489 1265 1701 1325 Rhabarber,
1712 1267 1871 1327 durchaus
1893 1267 1972 1327 nicht
1989 1267 2041 1327 vor
2058 1267 2115 1327 alle
2132 1267 2307 1327 Naturen.

1283 1315 1372 1375 Was
1394 1315 1628 1375 insbesondere
1651 1318 1701 1378 der
1724 1318 1829 1378 Stolz
1847 1317 1902 1377 auf
1925 1315 2008 1375 seine
2031 1318 2309 1378 Geschicklichkeit

1283 1366 1418 1426 betrift,
1446 1366 1499 1426 von
1544 1366 1673 1426 welchem
1717 1366 1787 1426 Sie
1816 1367 1984 1427 gleichfals
2012 1369 2076 1429 eine
2098 1369 2239 1429 Portion
2267 1368 2293 1428 in

1293 1414 1361 1474 Ihr
1388 1413 1513 1473 Recept
1540 1416 1782 1476 verschreiben;
1810 1414 1841 1474 so
1873 1416 1983 1476 müßte
2005 1416 2120 1476 selbige
2142 1416 2199 1476 aus
2232 1416 2284 1476 dem

1290 1464 1434 1524 Grunde
1455 1464 1480 1524 so
1506 1464 1583 1524 klein
1609 1465 1660 1525 als
1687 1467 1815 1527 möglich
1842 1465 2047 1525 eingerichtet
2069 1464 2212 1524 werden,
2228 1464 2305 1524 weil

1283 1515 1388 1575 nichts
1416 1515 1538 1575 leichter
1561 1515 1626 1575 ist,
1649 1514 1699 1574 als
1727 1515 1771 1575 die
1800 1515 1916 1575 höchste
1944 1515 2071 1575 Würde
2099 1515 2126 1575 in
2160 1515 2215 1575 der
2238 1514 2304 1574 Ge¬

1285 1566 1632 1626 sellschaftstanzkunst
1654 1564 1681 1624 zu
1715 1566 1888 1626 erlangen,
1916 1566 2002 1626 wenn
2030 1563 2078 1623 die
2101 1566 2215 1626 Natur
2242 1563 2301 1623 uns

1279 1615 1364 1675 nicht
1380 1613 1523 1673 zuwider
1544 1613 1701 1673 gewesen,
1717 1613 1773 1673 und
1794 1613 1849 1673 uns
1876 1613 1966 1673 taub,
1977 1613 2048 1673 lahm
2084 1613 2155 1673 oder
2171 1613 2313 1673 desglei¬

1279 1661 1349 1721 chen
1375 1661 1399 1721 in
1430 1661 1481 1721 der
1507 1658 1597 1718 Welt
1619 1661 1791 1721 erscheinen
1822 1658 1933 1718 laßen.
1984 1657 2065 1717 Das
2091 1661 2217 1721 gewisse
2233 1661 2303 1721 adle

1288 1707 1348 1767 und
1377 1703 1641 1763 ungezwungene
1665 1706 1688 1766 im
1730 1703 1878 1763 Gange,
1902 1705 2032 1765 welches
2061 1705 2116 1765 auf
2140 1706 2181 1766 die
2209 1706 2306 1766 Rech¬

226 1757 308 1817 ren.
355 1758 421 1818 Ich
448 1754 525 1814 habe
551 1754 633 1814 nicht
654 1751 726 1811 Lust
747 1751 819 1811 mich
850 1751 907 1811 auf
923 1751 989 1811 eine
1021 1748 1165 1808 gelehrte
1186 1745 1247 1805 Art
1289 1748 1376 1808 nung
1403 1745 1454 1805 des
1485 1745 1614 1805 Tanzes
1640 1745 1830 1805 geschrieben
1862 1748 1970 1808 wird,
2001 1748 2202 1808 vertheidigt
2218 1753 2311 1813 höch¬

1290 1790 1372 1850 stens
1403 1792 1470 1852 nur
1497 1793 1553 1853 den
1590 1793 1802 1853 genommnen
1844 1796 2031 1856 Unterricht
2062 1799 2123 1859 und
2155 1801 2222 1861 was
2259 1801 2305 1861 die

1288 1843 1482 1903 Bewegung
1505 1846 1643 1906 betrift,
1666 1846 1694 1906 so
1722 1846 1917 1906 verweigern
1951 1849 2162 1909 verschiedene
2185 1852 2301 1912 Aerzte

1293 1894 1383 1954 diesem
1429 1897 1564 1957 Punkte
1588 1897 1650 1957 aus
1673 1900 1757 1960 Amt
1775 1899 1837 1959 und
1866 1900 2024 1960 Gewissen
2064 1903 2137 1963 ihre
2161 1903 2307 1963 Bestäti¬

1287 1948 1402 2008 gung,
1429 1948 1508 2008 weil
1529 1948 1598 2008 eine
1620 1948 1645 2008 zu
1683 1948 1804 2008 heftige
1826 1951 2020 2011 Bewegung
2052 1952 2099 2012 als
2137 1951 2184 2011 der
2211 1954 2299 2014 Tanz

1280 1996 1469 2056 gemeinhin
1497 1996 1523 2056 zu
1551 1999 1616 2059 seyn
1644 1999 1785 2059 pfleget,
1813 2000 1866 2060 dem
1910 1999 2133 2059 menschlichen
2172 2002 2301 2062 Körper

1282 2044 1335 2104 den
1367 2044 1532 2104 Vortheil
1548 2046 1707 2106 entsaget,
1735 2047 1788 2107 den
1825 2047 1879 2107 ihm
1922 2051 2166 2111 mittelmäßige
2188 2049 2310 2109 Ermü¬

1287 2096 1413 2156 dungen
1451 2095 1641 2155 zuzuziehen
1673 2097 1699 2157 im
1753 2097 1895 2157 Stande
1927 2100 2011 2160 sind.
2075 2098 2186 2158 Wenn
2229 2100 2302 2160 aber

1290 2145 1358 2205 auch
1391 2145 1443 2205 alle
1465 2145 1681 2205 medicinische
1703 2148 1882 2208 Facultäten
1915 2148 1961 2208 den
1988 2150 2115 2210 Vorzug
2153 2151 2221 2211 der
2248 2151 2284 2211 er

1287 2190 1588 2250 schüͤtternden
1621 2196 1923 2256 Bewegungen
1955 2201 2204 2261 unterschreiben
2237 2199 2294 2259 und

1288 2240 1498 2300 untersiegeln
1541 2240 1676 2300 sollten;
1709 2243 1735 2303 so
1774 2246 1886 2306 würde
1919 2247 2059 2307 dennoch
2092 2249 2118 2309 in
2157 2249 2297 2309 reifliche

1291 2291 1473 2351 Erwegung
1501 2291 1534 2351 zu
1557 2293 1656 2353 ziehen
1685 2294 1767 2354 seyn,
1784 2296 1834 2356 daß
1862 2294 1956 2354 dieses
1984 2297 2172 2357 Responsum
2212 2297 2294 2357 keine

1279 2342 1315 2402 an
1341 2342 1392 2402 sich
1419 2339 1610 2399 unerlaubte
1637 2341 1745 2401 Sache
1766 2345 1973 2405 privilegiren
2005 2345 2124 2405 könne,
2145 2347 2207 2407 und
2238 2347 2289 2407 daß

1290 2393 1369 2453 sonst
1391 2393 1559 2453 mancher,
1586 2389 1634 2449 der
1661 2393 1713 2453 zum
1756 2394 1866 2454 Tanze
1888 2394 1913 2454 zu
1946 2393 2152 2453 schwerfällig
2179 2396 2300 2456 gebaut

1280 2441 1339 2501 ist,
1367 2440 1426 2500 auf
1443 2439 1497 2499 das
1525 2437 1639 2497 Faust=
1650 2440 1710 2500 und
1738 2444 1961 2504 Kolbenrecht
1989 2443 2141 2503 verfallen
2175 2446 2305 2506 dürfte,

1274 2488 1317 2548 um
1367 2488 1421 2548 sich
1454 2488 1486 2548 in
1525 2485 1612 2545 einen
1662 2493 1808 2553 gelinden
1853 2492 2011 2552 Schweiß
2055 2492 2087 2552 zu
2137 2497 2300 2557 bringen.

1282 2539 1494 2599 Ueberhaupt
1521 2536 1595 2596 muß
1628 2538 1659 2598 es
1697 2541 1787 2601 einen
1819 2542 1967 2602 Mann,
2005 2541 2058 2601 der
2090 2545 2148 2605 aus
2181 2545 2270 2605 gutem

1281 2590 1405 2650 Herzen
1434 2590 1484 2650 den
1513 2588 1818 2648 Gesellschaftstanz
1842 2590 2062 2650 vertheidigt,
2097 2596 2226 2656 obgleich
2255 2595 2289 2655 es

1285 2638 1333 2698 ihm
1371 2638 1398 2698 an
1425 2636 1479 2696 den
1501 2638 1722 2698 zuverläßigen
1750 2641 1918 2701 Begriffen
1945 2641 2118 2701 desselbigen
2146 2643 2297 2703 gebricht,

1277 2687 1362 2747 nicht
1378 2686 1500 2746 anders
1527 2682 1671 2742 kleiden,
1709 2690 1756 2750 als
1789 2688 1879 2748 wenn
1917 2689 1964 2749 die
1991 2694 2156 2754 Mamsell
2183 2693 2209 2753 in
2236 2691 2294 2751 Ab¬

1272 2736 1447 2796 wesenheit
1469 2733 1522 2793 des
1544 2733 1763 2793 Hofmeisters
1796 2736 1848 2796 dem
1886 2739 2003 2799 jungen
2036 2742 2137 2802 Herrn
2170 2741 2217 2801 die
2250 2739 2292 2799 la¬

1279 2785 1443 2845 teinischen
1475 2783 1634 2843 Vocabeln
1666 2787 1815 2847 abfrägt.
1862 2790 1990 2850 Damit
2007 2790 2073 2850 Sie
2099 2789 2187 2849 aber,
2203 2787 2279 2847 mein

1278 2836 1396 2896 Herr,
1424 2831 1499 2891 diese
1521 2834 1624 2894 meine
1646 2838 1901 2898 Aufrichtigkeit
1918 2838 1998 2898 nicht
2027 2838 2200 2898 beleidigen
2233 2831 2297 2891 mö¬

1273 2889 1338 2949 ge;
1368 2883 1403 2943 so
1433 2884 1628 2944 empfangen
1665 2889 1736 2949 Sie
1766 2888 1883 2948 hiemit
1920 2891 1967 2951 die
1997 2885 2287 2945 ungeheuchelteste

2191 2936 2298 2996 Ver¬
