2479 3508
503 1240 625 1300 88tes
672 1237 841 1297 Stück.
911 1237 1150 1297 Montag,
1183 1235 1251 1295 den
1298 1233 1351 1293 3.
1384 1231 1614 1291 December
1654 1231 1799 1291 1764.

519 1309 788 1369 Frankfurt.

193 1376 300 1436 Ihne
326 1370 537 1430 Benennung
568 1369 622 1429 des
647 1367 828 1427 Verlegers
853 1364 888 1424 ist
914 1362 1161 1422 herausgekom¬

141 1422 361 1482 men:
390 1416 627 1476 "Zeitvertreib
655 1413 710 1473 vor
744 1413 798 1473 das
832 1410 936 1470 schöne
959 1410 1158 1470 Geschlecht,

142 1475 226 1535 "von
259 1470 412 1530 Lenov.
492 1464 565 1524 Die
587 1462 708 1522 Wahl,
725 1461 867 1521 wornach
894 1459 946 1519 der
968 1458 1052 1518 Herr
1074 1455 1163 1515 Zeit¬

144 1524 318 1584 vertreiber
341 1517 422 1577 diese
444 1512 564 1572 Bogen
592 1510 827 1570 vollgemacht,
855 1508 892 1568 ist
909 1506 963 1566 der
986 1503 1165 1563 Aufschrift

148 1572 303 1632 derselben
340 1566 365 1626 so
392 1563 500 1623 wenig
531 1560 738 1620 angefüllet,
765 1557 821 1617 daß
847 1554 909 1614 wir
930 1554 966 1614 sie
993 1551 1152 1611 durchaus

147 1621 228 1681 nicht
245 1619 326 1679 ohne
354 1613 554 1673 Ausnahme
582 1610 630 1670 dem
675 1605 799 1665 schönen
838 1602 1022 1662 Geschlecht
1049 1600 1157 1660 einzu¬

144 1672 304 1732 händigen
333 1669 360 1729 im
399 1664 538 1724 Stande
567 1659 649 1719 sind.
694 1657 744 1717 Es
772 1655 861 1715 giebt
873 1649 1161 1709 Frauenzimmer,

148 1724 238 1784 denen
267 1722 318 1782 die
335 1718 521 1778 Schminke
545 1712 618 1772 oder
647 1709 691 1769 ein
726 1709 782 1769 auf
811 1706 867 1766 alle
890 1703 974 1763 Fälle
1003 1700 1150 1760 gefaßtes

140 1775 255 1835 Herz,
279 1775 337 1835 das
361 1769 493 1829 Gesicht
517 1768 575 1828 zur
605 1760 854 1820 Schaamröthe
884 1757 1058 1817 verdorben
1093 1751 1162 1811 hat,

148 1823 241 1883 allein
269 1820 296 1880 es
325 1818 385 1878 sind
413 1817 545 1877 andere,
562 1817 589 1877 in
622 1811 705 1871 deren
739 1808 948 1868 Gesellschaft
965 1806 1031 1866 eine
1053 1805 1141 1865 Zwey

144 1863 324 1923 deutigkeit
343 1858 409 1918 eine
431 1854 652 1914 jämmerliche
674 1849 771 1909 Rolle
794 1849 899 1909 spielt,
926 1846 983 1906 und
1010 1846 1058 1906 die
1085 1843 1160 1903 über

145 1910 267 1970 witzige
294 1903 501 1963 Frechheiten
539 1894 714 1954 dergestalt
736 1891 874 1951 erhaben
906 1888 996 1948 sind,
1029 1888 1086 1948 daß
1119 1885 1161 1945 sie

147 1964 237 2024 selbst
260 1957 311 2017 bey
340 1950 481 2010 gewissen
517 1944 743 2004 Gesprächen,
772 1939 817 1999 die
841 1939 908 1999 man
937 1936 1022 1996 nicht
1045 1933 1163 1993 schmu¬

153 2014 202 2074 tzig
236 2008 363 2068 nennen
402 2001 513 2061 kann,
536 1996 602 2056 und
636 1993 685 2053 die
719 1993 780 2053 auf
808 1987 1052 2047 Caffeehäusern
1091 1987 1152 2047 und

154 2055 473 2115 Mannshochzeiten
507 2046 616 2106 füglich
639 2043 848 2103 nachgegeben
871 2037 986 2097 werden
1020 2037 1157 2097 können,

151 2115 206 2175 auf
229 2103 384 2163 keinerley
412 2097 472 2157 Art
490 2097 562 2157 ihre
585 2094 762 2154 Rechnung
785 2091 912 2151 finden.
980 2088 1073 2148 Herr
1102 2087 1162 2147 Le¬

149 2162 226 2222 nov
260 2153 348 2213 hätte
371 2150 464 2210 wohl
488 2148 631 2208 gethan,
665 2145 753 2205 wenn
792 2145 819 2205 er
859 2142 930 2202 nach
964 2137 1058 2197 dieser
1092 2135 1163 2195 An¬

155 2208 304 2268 merkung
346 2201 403 2261 den
450 2196 542 2256 Titel
565 2196 599 2256 zu
641 2193 784 2253 seinem
831 2190 1062 2250 Zeitvertreibe
1103 2190 1160 2250 zu¬

156 2258 373 2318 geschnitten,
398 2247 457 2307 und
482 2245 529 2305 ihn
567 2240 681 2300 mithin
712 2240 796 2300 nicht
815 2241 839 2301 so
863 2240 1032 2300 allgemein
1063 2237 1165 2297 einge=

156 2311 263 2371 richtet
282 2301 390 2361 hätte.
439 2293 559 2353 Doch,
584 2291 643 2351 wir
668 2291 776 2351 wollen
807 2291 866 2351 uns
891 2291 975 2351 nicht
994 2288 1162 2348 weitläuf=

157 2362 239 2422 tiger
259 2356 335 2416 über
368 2347 463 2407 diesen
490 2341 604 2401 Punkt
630 2339 803 2399 erklären,
835 2339 963 2399 sondern
1002 2339 1155 2399 vielmehr

157 2410 226 2470 nach
253 2402 529 2462 Recensentenart
555 2391 593 2451 ein
619 2390 792 2450 Stückchen
825 2393 882 2453 aus
909 2392 1005 2452 dieser
1025 2387 1165 2447 Samm=

154 2463 227 2523 lung
255 2451 479 2511 abschreiben.

390 2521 473 2581 Ein
513 2512 701 2572 strenges
741 2512 929 2572 Urtheil.

306 2600 388 2660 Ha!
414 2596 482 2656 rief
508 2590 552 2650 ein
584 2584 653 2644 sehr
685 2585 829 2645 erboßter
862 2585 1000 2645 Mann,

261 2673 338 2733 Daß
375 2670 446 2730 man
483 2661 553 2721 euch
583 2655 668 2715 nicht
698 2658 833 2718 ersäufen
870 2661 976 2721 kann,

255 2754 335 2814 Ihr
365 2737 635 2797 Hörnerträger,
665 2732 745 2792 ohne
775 2736 876 2796 Zahl,

268 2827 334 2887 Und
371 2813 536 2873 Schurken
573 2806 750 2866 allzumal!

264 2903 348 2963 Mir
375 2896 465 2956 wallt
492 2890 576 2950 mein
609 2884 725 2944 ganzes
759 2882 868 2942 Blut:

1348 1303 1441 1363 Sein
1475 1303 1647 1363 Weibchen
1681 1303 1761 1363 sieht
1789 1303 1834 1363 ihn
1875 1309 2014 1369 lächelnd
2041 1309 2101 1369 an,

1295 1377 1368 1437 Und
1400 1378 1535 1438 spricht:
1567 1375 1671 1435 Mein
1703 1378 1801 1438 lieber
1832 1381 1968 1441 goldner
1999 1381 2134 1441 Mann,

1295 1449 1357 1509 Du
1395 1449 1586 1509 schwimmst
1612 1451 1680 1511 wol
1705 1451 1785 1511 gut!

1251 1570 1315 1630 Aus
1346 1570 1392 1630 den
1422 1572 1516 1632 sieben
1558 1572 1670 1632 kleinen
1706 1572 1877 1632 Gedichten
1908 1572 1978 1632 nach
2008 1575 2196 1635 Anakreons

1198 1617 1337 1677 Manier
1364 1618 1420 1678 hat
1436 1616 1518 1676 Herr
1539 1619 1673 1679 Lenov
1700 1618 1782 1678 zwey
1808 1618 1828 1678 in
1860 1619 1952 1679 seinen
1984 1622 2196 1682 Zeitvertreib

1200 1667 1346 1727 gesetzet,
1376 1667 1421 1727 die
1450 1667 1512 1727 alle
1541 1667 1637 1727 beyde
1666 1668 1694 1728 im
1740 1670 1807 1730 9ten
1842 1668 1949 1728 Stück
1978 1673 2103 1733 unserer
2138 1676 2211 1736 Zei¬

1193 1721 1313 1781 tungen
1344 1721 1397 1781 von
1434 1719 1536 1779 Wort
1561 1721 1591 1781 zu
1616 1721 1717 1781 Wort
1742 1721 1905 1781 enthalten
1942 1721 2026 1781 sind.

1247 1821 1435 1881 Uebrigens
1457 1822 1618 1882 wünschen
1647 1822 1737 1882 wir,
1759 1824 1814 1884 daß
1850 1826 2046 1886 dasjenige,
2068 1828 2137 1888 was
2173 1831 2200 1891 er

1198 1860 1255 1920 dem
1302 1861 1464 1921 Marnu
1500 1861 1551 1921 ino
1587 1861 1661 1921 Ohv
1686 1861 1771 1921 sagt,

1562 1978 1618 2038 An
1654 1978 1842 2038 Marull.

1301 2058 1374 2118 Das
1408 2058 1527 2118 Buch,
1554 2058 1606 2118 das
1641 2058 1753 2118 deinen
1787 2058 1919 2118 Namen
1953 2060 2065 2120 führt,

1251 2136 1442 2196 Marull,
1466 2136 1616 2196 verdient
1646 2133 1674 2193 zu
1710 2134 1825 2194 leben;

1245 2208 1302 2268 Ein
1340 2211 1429 2271 Lob,
1455 2211 1512 2271 das
1551 2211 1601 2271 ihm
1653 2211 1710 2271 vom
1755 2209 1856 2269 Feind
1888 2211 2047 2271 gebührt.

1241 2282 1364 2342 Doch,
1390 2285 1477 2345 wirst
1509 2285 1539 2345 du
1583 2284 1645 2344 mir
1677 2282 1769 2342 wohl
1796 2285 1976 2345 Nachricht
2001 2285 2125 2345 geben?

1251 2357 1336 2417 Dein
1378 2357 1464 2417 Buch
1506 2357 1558 2417 hat
1586 2360 1679 2420 mehr
1707 2357 1868 2417 Verstand
1902 2360 1955 2420 als
1989 2360 2055 2420 du;

1246 2432 1326 2492 Wie
1354 2432 1433 2492 geht
1461 2430 1520 2490 das
1554 2432 1614 2492 zu?

1202 2551 1394 2611 umgekehrt
1419 2551 1479 2611 auf
1504 2551 1557 2611 ihm
1600 2554 1835 2614 passensmöge,
1860 2551 1908 2611 als
1933 2554 2035 2614 woran
2066 2554 2126 2614 wir
2150 2559 2204 2619 auf

1205 2600 1359 2660 keinerley
1399 2600 1509 2660 Weise
1543 2602 1726 2662 zweifeln,
1759 2599 1815 2659 die
1854 2599 1920 2659 wir
1954 2603 2109 2663 übrigens
2148 2608 2203 2668 bey

1204 2649 1294 2709 einer
1323 2649 1498 2709 etwanigen
1533 2652 1725 2712 Fortsetzung
1760 2646 1815 2706 des
1844 2652 2200 2712 Zeitvertreibes

1206 2698 1268 2758 seyn
1310 2697 1434 2757 werden
1477 2698 1534 2758 des
1576 2699 1685 2759 Herrn
1717 2697 1883 2757 Lenovs
1915 2700 2066 2760 dienstw.

1207 2748 1319 2808 Kostet
1339 2745 1363 2805 in
1396 2750 1446 2810 der
1465 2751 1672 2811 Kanterschen
1704 2748 1967 2808 Buchhandlung
1993 2754 2125 2814 allhier,
2144 2754 2206 2814 wie

1201 2797 1274 2857 auch
1309 2798 1335 2858 in
1371 2799 1491 2859 Elbing
1533 2802 1587 2862 und
1621 2799 1729 2859 Mitau
1764 2799 1776 2859 9
1811 2800 1864 2860 gr.

2144 2927 2226 2987 Be=
