2479 3508
184 321 231 381 die
261 324 433 384 Minority
463 321 581 381 wieder
606 320 848 380 abzunehmen.
896 318 973 378 Sie
997 318 1056 378 hat
1086 319 1210 379 wenig¬

190 371 272 431 stens
304 374 386 434 einen
418 372 639 432 ansehnlichen
671 369 805 429 Verlust
832 369 919 429 durch
956 368 1012 428 den
1054 366 1126 426 Tod
1158 366 1209 426 des

182 422 288 482 Herrn
321 419 507 479 Curchills,
539 419 629 479 eines
662 419 859 479 berühmten
896 419 1083 479 satyrischen
1120 416 1216 476 Poe¬

185 470 237 530 ten
270 470 328 530 und
355 470 609 530 Vertheidigers
636 467 731 527 dieser
758 470 906 530 Parthey
933 469 996 529 und
1029 467 1081 527 des
1098 465 1203 525 Herrn

185 521 329 581 Wilckes
356 521 505 581 erlitten.
553 520 675 580 Dieser
702 518 856 578 Dichter,
883 518 979 578 dessen
1011 516 1128 576 Werke
1155 514 1219 574 we¬

182 573 244 633 gen
286 569 342 629 des
374 572 582 632 Nachdrucks
615 569 666 629 der
703 569 896 629 Ausdrücke
933 569 995 629 und
1027 568 1078 628 der
1110 566 1208 626 vielen

188 619 329 679 witzigen
357 620 602 680 Vorstellungen
624 616 755 676 reissend
778 617 985 677 abgiengen,
1007 616 1045 676 ist
1067 616 1099 676 zu
1122 616 1197 676 Bou

195 670 308 730 logne,
336 667 444 727 wohin
475 670 501 730 er
528 669 663 729 gereiset
684 667 766 727 war,
793 665 829 725 um
876 667 922 727 sich
944 667 1000 727 mit
1022 667 1073 727 dem
1111 664 1213 724 Herrn

195 716 340 776 Wilckes
361 718 390 778 zu
431 718 647 778 unterreden,
668 715 859 775 gestorben.
935 717 1021 777 Man
1062 715 1137 775 kann
1178 712 1207 772 an

195 768 295 828 diesem
338 769 513 829 Todesfall
529 766 619 826 wohl
641 766 725 826 nicht
747 766 921 826 zweifeln;
959 766 1038 826 denn
1071 765 1139 825 man
1171 762 1223 822 lie¬

198 818 239 878 set
260 817 384 877 desfals
410 817 487 877 diese
509 813 705 873 verschiedne
727 816 1001 876 Particularien:
1022 813 1073 873 die
1095 813 1224 873 Krank¬

195 867 262 927 heit
283 867 382 927 dieses
408 867 532 927 Poeten
559 866 673 926 wurde
699 864 787 924 durch
819 864 886 924 eine
918 864 1125 924 Verkältung
1157 861 1224 921 ver¬

195 918 358 978 ursachet.
412 915 485 975 Sie
512 915 591 975 nahm
639 915 691 975 den
723 915 812 975 29ten
845 912 923 972 Oct.
950 912 1039 972 ihren
1071 912 1224 972 Anfang,

200 966 263 1026 und
290 968 337 1028 den
370 966 443 1026 4ten
476 966 575 1026 Nov.
592 963 829 1023 Nachmittags
862 960 893 1020 um
936 963 951 1023 3
978 962 1046 1022 Uhr
1073 963 1163 1023 gieng
1190 960 1216 1020 ei

195 1015 293 1075 daran
331 1016 388 1076 aus
414 1015 466 1075 der
488 1011 597 1071 Welt.
650 1010 790 1070 Sobald
817 1008 874 1068 sein
906 1007 1057 1067 Abschied
1083 1010 1229 1070 bekannt

203 1064 330 1124 wurde,
363 1063 495 1123 strichen
533 1061 591 1121 alle
618 1058 772 1118 englische
804 1057 958 1117 Schiffe,
985 1058 1033 1118 die
1060 1058 1091 1118 zu
1129 1058 1203 1118 Bou

201 1112 298 1172 logne
326 1112 440 1172 lagen,
474 1111 544 1171 ihre
577 1107 741 1167 Flaggen.
796 1106 877 1166 Der
911 1106 997 1166 Herr
1020 1106 1216 1166 Humphrei

200 1163 305 1223 Coats
336 1161 447 1221 langte
478 1160 528 1220 den
569 1160 659 1220 10ten
695 1157 756 1217 mit
787 1157 837 1217 dem
893 1154 1080 1214 Leichname
1116 1154 1216 1214 dieses

203 1212 363 1272 Dichters
390 1211 415 1271 zu
447 1210 566 1270 Dover
587 1208 648 1268 an,
675 1210 737 1270 und
763 1210 814 1270 den
846 1208 939 1268 12ten
971 1207 1079 1267 wurde
1111 1204 1224 1264 dersel¬

198 1264 230 1324 be
252 1264 323 1324 alda
356 1262 410 1322 zur
438 1259 525 1319 Erde
553 1260 721 1320 bestattet.

494 1309 628 1369 Rom,
663 1308 721 1368 den
757 1306 821 1366 10.
851 1307 955 1367 Nov.

247 1357 318 1417 Die
351 1360 406 1420 vom
461 1357 664 1417 verstorbnen
708 1354 823 1414 Pabst
851 1357 1026 1417 Benedict
1049 1354 1147 1414 XIV.
1181 1354 1229 1414 er¬

206 1410 314 1470 hobne
336 1410 522 1470 Cardinäle
544 1407 642 1467 haben
675 1404 789 1464 11000
828 1404 958 1464 Thaler
986 1404 1231 1464 zusammenge=

203 1458 290 1518 legt,
327 1458 368 1518 um
416 1458 514 1518 diesem
561 1457 674 1517 großen
717 1453 898 1513 Gelehrten
935 1455 996 1515 und
1033 1453 1209 1513 Menschen

199 1557 238 1617 ne
267 1560 471 1620 vorzügliche
495 1556 739 1616 Eigenschaften
768 1554 847 1614 schon
882 1554 933 1614 das
962 1554 1018 1614 Lob
1047 1554 1098 1614 der
1115 1554 1223 1614 Nach=
1252 1545 1451 1605 gearbeitete
1475 1545 1622 1605 Predigt
1640 1548 1810 1608 gehalten.

204 1608 283 1668 welt
305 1608 476 1668 verdienet
498 1608 599 1668 hätte,
627 1605 675 1665 ein
702 1605 884 1665 Mausolee
906 1605 1146 1665 aufzurichten.

445 1655 703 1715 Warschau,
726 1652 781 1712 den
816 1650 854 1710 3.
883 1651 978 1711 Dec.

253 1703 366 1763 Heute
387 1702 480 1762 gehet
501 1703 688 1763 nunmehro
713 1697 768 1757 das
793 1697 950 1757 gewesene
976 1697 1208 1757 Interregnum

207 1749 267 1809 von
300 1746 430 1806 Pohlen
459 1745 557 1805 völlig
585 1745 613 1805 zu
641 1742 762 1802 Ende,
786 1742 818 1802 da
847 1742 898 1802 der
922 1740 1230 1800 Krönungsreichs¬

209 1793 263 1853 tag
288 1793 312 1853 in
342 1793 553 1853 Gegenwart
574 1793 622 1853 des
652 1790 809 1850 Königs,
839 1787 888 1847 des
918 1787 1050 1847 Senats
1086 1786 1144 1846 und
1179 1784 1227 1844 der

208 1844 426 1904 Ritterschaft
451 1846 614 1906 angehet,
645 1841 778 1901 welchen
822 1840 894 1900 Sr.
913 1841 1058 1901 Königl.
1083 1840 1228 1900 Majest.

205 1897 274 1957 noch
312 1897 412 1957 diesen
456 1896 653 1956 Vormittag
696 1894 765 1954 nach
803 1894 1117 1954 vorhergegangnem
1176 1893 1234 1953 ge¬

213 1948 408 2008 wöhnlichen
459 1945 695 2005 Gottesdienst
731 1942 892 2002 anfangen
943 1943 1028 2003 laßen
1079 1942 1229 2002 werden.

201 1994 273 2054 Die
307 1996 408 2056 Russ.
437 1993 497 2053 und
532 1994 666 2054 Preuß.
689 1991 936 2051 Gesandschaft
970 1993 1026 2053 hat
1054 1993 1222 2053 abermals

210 2043 273 2103 mit
301 2043 470 2103 Beystand
508 2040 561 2100 der
588 2043 694 2103 Engl.
722 2040 785 2100 und
817 2040 923 2100 Dän.
945 2043 1136 2103 Residenten
1174 2043 1227 2103 der

205 2094 417 2154 Dissidenten
445 2091 548 2151 wegen
581 2091 602 2151 in
635 2091 733 2151 diesem
772 2091 869 2151 Reich
897 2089 945 2149 dem
995 2091 1130 2151 hiesigen
1164 2091 1228 2151 Ho¬

216 2145 242 2205 fe
265 2145 329 2205 sehr
357 2142 612 2202 nachdrückliche
645 2139 715 2199 Pro
743 2139 916 2199 Memoria
950 2142 1161 2202 übergeben,
1183 2141 1237 2201 de¬

210 2193 362 2253 rowegen
400 2193 473 2253 beym
511 2190 605 2250 Fürst
616 2190 752 2250 Primas
785 2187 805 2247 in
832 2190 1037 2250 Gegenwart
1059 2190 1227 2250 verschied¬

205 2240 260 2300 ner
286 2240 480 2300 Senatoren
511 2240 571 2300 und
597 2238 775 2298 Landboten
817 2237 959 2297 zwischen
1001 2240 1051 2300 den
1082 2240 1214 2300 Gesand

206 2289 259 2349 ten
292 2288 507 2348 Conferenzen
541 2288 681 2348 gehalten
708 2285 853 2345 werden.
930 2288 1005 2348 Die
1033 2289 1113 2349 neue
1146 2291 1232 2351 Fah¬

205 2342 298 2402 nen,
324 2339 438 2399 welche
465 2338 516 2398 die
537 2336 735 2396 Krongarde
767 2336 938 2396 erhalten,
970 2339 1036 2399 sind
1069 2339 1130 2399 mit
1157 2339 1208 2399 dem

214 2390 453 2450 Namenszuge
481 2386 530 2446 des
558 2386 704 2446 Königs,
722 2384 781 2444 und
809 2385 933 2445 wurden
967 2387 1021 2447 von
1055 2390 1103 2450 dem
1136 2390 1234 2450 Fürst

211 2437 352 2497 Bischof
372 2437 427 2497 von
452 2435 557 2495 Posen
589 2435 824 2495 eingeweihet,
849 2436 904 2496 von
936 2437 1010 2497 Sr.
1030 2440 1128 2500 Maj.
1147 2440 1233 2500 aber,

207 2489 257 2549 den
287 2489 373 2549 Chef
402 2488 453 2548 des
488 2485 688 2545 Regiments
730 2482 786 2542 und
821 2482 872 2542 den
914 2488 1044 2548 übrigen
1080 2491 1217 2551 Staabs

212 2540 353 2600 officiers
377 2539 507 2599 wurden
537 2534 587 2594 die
611 2536 724 2596 Nägel
748 2533 1004 2593 eingeschlagen.
1073 2539 1135 2599 Als
1158 2541 1231 2601 Sr.

214 2589 316 2649 Maj.
345 2590 418 2650 nach
458 2587 514 2647 der
543 2585 741 2645 Huldigung
776 2583 826 2643 die
855 2584 979 2644 zierlich
1020 2590 1223 2650 vergoldeter

219 2638 386 2698 Schlüssel
414 2637 467 2697 der
489 2635 603 2695 Stadt
630 2633 804 2693 Warschau
837 2629 896 2689 von
934 2634 988 2694 dem
1032 2640 1232 2700 Stadtkäm=

211 2687 313 2747 merer
336 2683 514 2743 überreicht
537 2684 699 2744 wurden,
722 2681 819 2741 gaben
852 2678 922 2738 Sie
950 2685 1047 2745 solche
1075 2688 1139 2748 mit
1162 2688 1226 2748 die¬

208 2736 253 2796 sen
277 2733 413 2793 Worten
442 2733 572 2793 zurück:
602 2733 664 2793 Ich
693 2730 766 2790 gebe
801 2728 869 2788 euch
904 2729 955 2789 die
972 2737 1143 2797 Schlüssel
1172 2736 1223 2796 der

204 2784 320 2844 Stadt
339 2786 479 2846 wieder,
491 2784 578 2844 laßet
602 2781 642 2841 die
667 2781 783 2841 Thore
802 2779 854 2839 der
878 2783 1123 2843 Gerechtigkeit
1141 2787 1217 2847 offen

215 2838 334 2898 stehen.
389 2836 473 2896 Der
498 2832 684 2892 Magistrat
703 2833 769 2893 war
793 2835 817 2895 in
848 2832 962 2892 solcher
986 2838 1149 2898 Kleidung
1173 2838 1227 2898 an=

1251 318 1422 378 gezogen,
1446 318 1505 378 wie
1530 319 1576 379 die
1601 321 1802 381 Magisträte
1826 321 1849 381 in
1885 318 1938 378 den
1974 316 2110 376 größern
2140 318 2275 378 Pohln.

1249 369 1385 429 Preuß.
1402 368 1553 428 Stådten
1581 369 1716 429 tragen,
1744 372 1879 432 nämlich
1912 369 2053 429 schwarz
2081 366 2107 426 in
2141 366 2259 426 kleinen

1244 416 1439 476 Mänteln,
1471 417 1534 477 mit
1561 419 1645 479 einem
1698 419 1814 479 weißen
1846 420 1956 480 Koller
1989 419 2041 479 vor
2073 416 2125 476 der
2153 413 2268 473 Brust,

1250 467 1336 527 mita
1363 467 1455 527 longe
1477 466 1649 526 Peruken,
1661 470 1719 530 und
1742 470 1882 530 Degen.
1920 467 2006 527 Vier
2028 466 2266 526 Rathmänner

1244 515 1376 575 wurden
1404 515 1515 575 hiebey
1537 518 1568 578 zu
1595 521 1728 581 goldnen
1760 521 1887 581 Rittern
1920 520 2127 580 geschlagen,
2154 516 2270 576 welche

1246 566 1296 626 die
1325 566 1506 626 Erlaubniß
1535 569 1665 629 haben,
1694 570 1750 630 das
1785 571 1863 631 Bild
1898 569 1995 629 Ihro
2029 572 2199 632 Majestät
2222 569 2255 629 an

1247 616 1335 676 einer
1358 619 1497 679 goldnen
1525 619 1619 679 Kette
1637 621 1675 681 am
1715 620 1814 680 Halse
1837 622 1865 682 zu
1893 619 2025 679 tragen.

1487 691 1709 751 Windau,
1746 697 1798 757 den
1834 696 1898 756 26.
1928 694 2028 754 Nov.

1294 748 1366 808 Den
1400 751 1505 811 23sten
1539 754 1634 814 dieses
1663 757 1746 817 ward
1774 757 1829 817 der
1858 754 1941 814 hohe
1964 757 2175 817 Geburtstag
2209 751 2248 811 un

1255 801 1315 861 sres
1343 801 1525 861 gnädigsten
1558 804 1701 864 Herzogs
1729 804 1845 864 allhier
1874 804 1939 864 mit
1956 805 2033 865 aller
2067 804 2127 864 nur
2155 801 2270 861 mögli¬

1240 849 1311 909 chen
1340 852 1468 912 Pracht
1486 849 1646 909 gefeyret.
1704 855 1775 915 Auf
1804 855 1932 915 Befehl
1949 855 1999 915 des
2027 855 2122 915 Hrn.
2140 854 2273 914 Haupt¬

1254 900 1346 960 mann
1388 898 1444 958 von
1470 900 1619 960 Brinken
1651 903 1779 963 wurden
1815 905 1866 965 des
1898 906 2067 966 Morgens
2099 903 2180 963 schon
2217 900 2258 960 18

1254 948 1413 1008 Kanonen
1440 949 1497 1009 vom
1551 951 1783 1011 Schloßwalle
1821 952 2006 1012 abgelöset,
2049 954 2186 1014 worauf
2219 951 2271 1011 die

1254 995 1386 1055 Schiffe
1413 998 1476 1058 mit
1497 999 1528 1059 12
1556 998 1793 1058 antworteten.
1867 1001 1941 1061 Auf
1968 1001 2020 1061 dem
2068 1001 2263 1061 Rathhause

1254 1046 1315 1106 und
1342 1046 1398 1106 auf
1419 1046 1470 1106 der
1491 1047 1708 1107 Ehrenpforte
1724 1049 1822 1109 ließen
1843 1046 1889 1106 sich
1915 1049 2044 1109 Pauken
2076 1051 2132 1111 und
2153 1049 2271 1109 Trom¬

1244 1097 1334 1157 peten
1361 1097 1483 1157 hören.
1531 1097 1647 1157 Gegen
1675 1099 1716 1159 11
1744 1100 1813 1160 Uhr
1840 1097 1924 1157 nahm
1973 1097 2025 1157 der
2053 1097 2121 1157 Hr.
2138 1097 2259 1157 Haupt

1250 1144 1344 1204 mann
1378 1144 1422 1204 die
1445 1147 1700 1207 Glückwünsche
1723 1150 1883 1210 schriftlich
1923 1148 1989 1208 und
2018 1148 2178 1208 mündlich
2212 1147 2273 1207 an,

1250 1193 1365 1253 wobey
1397 1195 1449 1255 der
1476 1196 1539 1256 Hr.
1566 1198 1835 1258 Licentinspector
1867 1198 1925 1258 und
1962 1198 2088 1258 Rector
2115 1196 2262 1256 Scholae

1251 1241 1318 1301 eine
1341 1243 1471 1303 Anrede
1494 1249 1631 1309 hielten.
1682 1251 1727 1311 Um
1767 1252 1778 1312 4
1807 1249 1875 1309 Uhr
1892 1249 1983 1309 gieng
2018 1249 2057 1309 ein
2086 1247 2176 1307 Ball
2205 1249 2261 1309 von

1250 1288 1293 1348 70
1322 1294 1487 1354 Personen
1522 1297 1576 1357 an.
1627 1299 1676 1359 Um
1721 1300 1754 1360 10
1783 1300 1848 1360 Uhr
1871 1300 1959 1360 gieng
1988 1300 2060 1360 man
2088 1299 2143 1359 zur
2160 1298 2276 1358 Tafel.

1255 1341 1335 1401 Das
1363 1343 1487 1403 Schloß
1514 1348 1584 1408 war
1606 1348 1827 1408 illuminiret,
1855 1348 1914 1408 und
1947 1348 2001 1408 der
2023 1350 2109 1410 Ball
2136 1348 2266 1408 dauerte

1253 1393 1307 1453 bis
1341 1393 1357 1453 5
1396 1396 1467 1456 Uhr
1507 1396 1716 1456 Morgends.
1788 1399 1837 1459 Am
1887 1399 2052 1459 folgenden
2081 1396 2262 1456 Sonntage

1254 1443 1367 1503 wurde
1389 1443 1445 1503 das
1477 1443 1523 1503 Te
1545 1444 1643 1504 Deum
1690 1446 1721 1506 in
1758 1446 1809 1506 der
1830 1446 2069 1506 Schloßkirche
2095 1446 2276 1506 gesungen,

213 1509 364 1569 freunde,
381 1506 510 1566 welcher
532 1506 601 1566 auch
630 1508 678 1568 als
711 1506 775 1566 eine
797 1506 1035 1566 Privatperson
1068 1503 1154 1563 durch
1176 1502 1224 1562 sei=
1257 1494 1316 1554 und
1343 1491 1402 1551 von
1435 1492 1489 1552 dem
1528 1494 1619 1554 Hrn.
1636 1497 1802 1557 Prediger
1825 1497 1970 1557 Banasch
2003 1500 2073 1560 eine
2101 1497 2273 1557 wohlaus¬

1442 1617 1755 1677 Petersburg,
1783 1619 1833 1679 den
1873 1621 1934 1681 30.
1963 1619 2085 1679 Octob.

1308 1667 1382 1727 Die
1403 1673 1698 1733 Versicherungen,
1714 1676 1825 1736 welche
1850 1676 1895 1736 der
1920 1679 2085 1739 Gesandte
2111 1679 2161 1739 des
2186 1679 2271 1739 Tür¬

1257 1715 1369 1775 kischen
1407 1716 1546 1776 Kaysers
1584 1717 1644 1777 von
1681 1718 1732 1778 den
1765 1721 1984 1781 friedfertigen
2026 1724 2263 1784 Gesinnungen

1259 1763 1356 1823 seines
1383 1760 1491 1820 Herrn
1518 1761 1610 1821 gegen
1642 1766 1755 1826 unsern
1782 1769 1854 1829 Hof
1880 1769 1910 1829 zu
1947 1769 2045 1829 geben
2082 1772 2278 1832 fortfähret,

1266 1814 1395 1874 scheinen
1425 1814 1448 1874 so
1473 1817 1643 1877 aufrichtig
1667 1817 1702 1877 zu
1726 1819 1826 1879 seyn,
1850 1820 1903 1880 daß
1933 1822 2038 1882 unsere
2063 1825 2262 1885 Monarchin

1261 1866 1361 1926 Anlaß
1392 1867 1468 1927 hat,
1492 1870 1652 1930 denselben
1683 1873 1824 1933 gänzlich
1855 1876 1985 1936 glauben
2021 1879 2050 1939 zu
2081 1879 2216 1939 dürfen.

1572 2017 1965 2077 AVERTISSEMENT.

1309 2075 1386 2135 Bey
1423 2079 1477 2139 dem
1520 2079 1683 2139 Verleger
1714 2082 1809 2142 dieser
1840 2085 1979 2145 Zeitung
2010 2088 2051 2148 ist
2076 2088 2106 2148 zu
2143 2088 2275 2148 haben:

1258 2127 1333 2187 Des
1367 2127 1491 2187 Herren
1525 2127 1752 2187 Hofprediger
1781 2130 1927 2190 Cochius
1960 2135 2020 2195 aus
2048 2136 2151 2196 Amos
2184 2136 2227 2196 7,
2238 2136 2276 2196 v.

1257 2177 1299 2237 4.
1321 2176 1357 2236 5.
1373 2178 1410 2238 6.
1437 2176 1606 2236 gehaltene
1633 2180 1690 2240 und
1717 2179 1775 2239 von
1802 2181 1923 2241 einigen
1961 2184 2119 2244 Gliedern
2151 2184 2204 2244 der
2231 2184 2278 2244 re¬

1262 2226 1432 2286 formirten
1461 2228 1626 2288 Gemeine
1655 2229 1705 2289 zum
1757 2230 1871 2290 Druck
1900 2233 2081 2293 beförderte
2111 2237 2269 2297 Predigt,

1256 2281 1299 2341 8,
1322 2277 1445 2337 1764.

1270 2400 1604 2460 Wechsel-Cours
1633 2402 1646 2462 &
1704 2408 1861 2468 Species
1883 2408 1925 2468 d.
1940 2408 2003 2468 13.
2026 2408 2124 2468 Dec.
2147 2413 2274 2473 1764.

1256 2455 1443 2515 Amsterdam
1489 2458 1528 2518 41
1552 2458 1637 2518 Tage
1660 2460 1717 2520 308
1746 2464 1790 2524 gr.

1846 2456 1890 2516 71
1910 2461 2000 2521 Tage
2027 2462 2155 2522 306gr.

1259 2504 1437 2564 Hamburg
1469 2506 1480 2566 3
1512 2508 1561 2568 W.
1580 2510 1641 2570 134
1673 2513 1721 2573 gr.

1811 2509 1822 2569 6
1854 2509 1914 2569 W.
1933 2512 1993 2572 133
2018 2512 2072 2572 gr.

1258 2551 1368 2611 Berlin

1766 2558 1917 2618 Dantzig
1950 2560 1987 2620 24
2026 2560 2074 2620 pr.
2091 2563 2172 2623 Cto.

1263 2602 1407 2662 Ducaten
1429 2605 1510 2665 neue
1526 2605 1536 2665 9
1564 2605 1596 2665 fl.
1607 2605 1617 2665 2
1640 2607 1692 2667 gr.

1850 2608 1984 2668 Alberts
2001 2608 2090 2668 Taler
2113 2612 2174 2672 131
2197 2614 2247 2674 gt.

1268 2652 1381 2712 Rubel
1405 2653 1466 2713 112
1490 2653 1546 2713 gr.

1747 2658 1801 2718 Alt
1814 2658 1954 2718 Polnisch
1980 2658 2052 2718 Geld
2077 2663 2113 2723 13
2133 2663 2187 2723 pr.
2200 2661 2273 2721 Cto.

1263 2760 1359 2820 Diese
1376 2757 1517 2817 Gelehrte
1539 2758 1593 2818 und
1615 2763 1777 2823 Politische
1800 2763 1923 2823 Zeitung
1952 2763 2021 2823 wird
2043 2766 2091 2826 des
2120 2767 2270 2827 Montag=

1366 2803 1420 2863 und
1451 2800 1600 2860 Freytags
1620 2807 1819 2867 Vormittags
1845 2808 1879 2868 um
1920 2808 1944 2868 10
1975 2808 2034 2868 Uhr
2055 2808 2074 2868 in
2104 2810 2148 2870 dem

1448 2847 1647 2907 Kanterschen
1676 2849 1848 2909 Buchladen
1882 2855 2087 2915 ausgegeben.
