2479 3508
205 395 357 455 Bedacht
382 395 546 455 regieren,
570 392 637 452 ihre
661 392 768 452 eigene
792 392 945 452 Neigung
974 392 1145 452 mäßigen,
1162 392 1218 452 und

207 446 257 506 ihr
286 443 433 503 Ansehn,
451 443 507 503 ohn
542 443 593 503 ihm
644 443 740 503 etwas
769 443 803 503 zu
843 443 1025 503 vergeben,
1048 441 1110 501 und
1139 441 1223 501 ohne

214 494 245 554 es
271 497 302 557 zu
328 497 588 557 mißbrauchen,
615 494 740 554 werden
767 494 948 554 behaupten
975 491 1120 551 koͤnnen.

265 589 326 649 Da
355 591 451 651 dieses
480 591 535 651 das
564 592 637 652 erste
660 589 767 649 Stück
796 589 818 649 in
858 592 982 652 unserer
1005 592 1140 652 Zeitung
1175 588 1230 648 ist,

212 640 343 700 welches
369 640 429 700 wir
455 639 506 699 von
542 640 592 700 der
613 640 709 700 Hand
740 640 826 700 einer
847 638 1044 698 preußischen
1070 637 1222 697 Schönen

221 691 426 751 aufzuzeigen
458 688 586 748 haben;
613 688 643 748 so
664 688 767 748 halten
804 688 860 748 wir
881 688 911 748 es
933 688 989 748 vor
1005 688 1092 748 unsre
1113 688 1236 748 Schul¬

218 739 361 799 digkeit,
383 739 520 799 dasselbe
548 738 611 798 mit
638 736 723 796 einer
750 739 973 799 Verbeugung
1011 739 1037 799 in
1074 739 1122 799 die
1144 736 1239 796 Welt

222 791 249 851 zu
282 786 422 846 führen,
449 788 508 848 und
536 786 611 846 weil
634 786 687 846 wir
720 786 800 846 nicht
828 786 876 846 die
898 786 1082 846 Erlaubniß
1115 786 1233 846 haben,

218 834 310 894 ihren
342 837 470 897 Namen
496 837 640 897 bekannt
661 837 686 897 zu
718 837 872 897 machen,
898 834 923 894 so
950 837 1057 897 statten
1089 836 1145 896 wir
1171 833 1238 893 die¬

222 888 262 948 ser
294 885 485 945 schätzbaren
517 882 631 942 Dame
662 885 713 945 den
756 885 1019 945 verbindlichsten
1051 885 1154 945 Dank
1181 883 1237 943 ab,

222 936 281 996 und
314 936 470 996 wünschen
504 934 552 994 zur
580 933 666 993 Ehre
688 933 742 993 des
770 933 894 993 schönen
922 933 1122 993 Geschlechts
1150 933 1236 993 meh¬

223 985 294 1045 rere
311 987 581 1047 Frauenzimmer
604 984 775 1044 Beyträge
798 984 974 1044 mittheilen
1002 984 1035 1044 zu
1063 981 1201 1041 können.

1028 1028 1047 1088 K
1086 1027 1095 1087 —
1148 1025 1158 1085 —
1206 1027 1239 1087 f.

277 1163 372 1223 Ohne
401 1163 611 1223 Benennung
640 1163 690 1223 des
719 1163 799 1223 Orts
828 1162 884 1222 und
913 1160 963 1220 des
992 1160 1168 1220 Verlegers
1203 1158 1242 1218 ist

223 1213 571 1273 herausgekommen:
612 1210 908 1270 "Schilderungen
944 1212 995 1272 für
1025 1208 1071 1268 die
1095 1204 1245 1264 Frauen¬

243 1266 382 1326 zimmer
416 1264 465 1324 dem
516 1261 644 1321 schönen
684 1264 889 1324 Geschlechte
918 1264 973 1324 zur
1007 1261 1229 1321 Belustigung

232 1312 426 1372 "gewidmet
449 1309 502 1369 von
530 1312 659 1372 Arist.
709 1313 806 1373 Zwey
840 1313 959 1373 Theile
986 1312 1051 1372 mit
1073 1312 1246 1372 Kupfern.

225 1360 314 1420 Herr
336 1360 446 1420 Arist
463 1361 568 1421 macht
589 1361 610 1421 in
642 1363 736 1423 seiner
764 1363 1037 1423 Vorerinnerung
1070 1363 1122 1423 dem
1159 1360 1238 1420 schö¬

223 1410 281 1470 nen
313 1410 497 1470 Geschlecht
525 1410 567 1470 ein
599 1411 852 1471 Compliment,
885 1413 1017 1473 welches
1049 1413 1101 1473 ihm
1144 1410 1239 1470 noth¬

223 1458 487 1518 wendigerweise
513 1461 575 1521 sehr
602 1458 679 1518 übel
695 1462 886 1522 ausgeleget
903 1462 1026 1522 werden
1053 1461 1146 1521 muß.
1188 1458 1234 1518 Er

217 1509 346 1569 nennet
368 1511 413 1571 die
435 1509 694 1569 gegenwärtigen
726 1512 901 1572 Gedichte,
928 1512 975 1572 die
996 1513 1110 1573 Frucht
1131 1512 1234 1572 keines

227 1560 290 1620 gar
312 1560 338 1620 zu
370 1560 554 1620 mühsamen
581 1560 840 1620 Nachdenkens.
904 1563 988 1623 Wer
1009 1560 1062 1620 für
1083 1560 1141 1620 das
1163 1560 1241 1620 schö¬

227 1607 270 1667 ne
292 1608 481 1668 Geschlecht
509 1608 681 1668 schreibet,
709 1609 800 1669 fährt
823 1610 855 1670 er
883 1610 974 1670 fort,
996 1610 1072 1670 muß
1105 1608 1153 1668 sich
1186 1609 1234 1669 der

232 1657 427 1717 möglichsten
459 1658 680 1718 Deutlichkeit
702 1658 870 1718 bedienen.
929 1658 1018 1718 Eine
1050 1655 1239 1715 Beschuldi¬

221 1706 339 1766 gung,
362 1704 493 1764 welcher
521 1703 607 1763 wenn
635 1703 694 1763 wir
717 1703 784 1763 auch
817 1703 875 1763 nur
899 1701 1012 1761 deutsch
1040 1700 1126 1760 reden
1163 1700 1244 1760 wol¬

228 1750 305 1810 len,
332 1748 400 1808 eine
423 1745 623 1805 Gottsched,
659 1745 732 1805 eine
755 1745 932 1805 Karschin,
964 1745 1031 1805 eine
1064 1745 1245 1805 Klopstock,

230 1796 299 1856 eine
319 1793 458 1853 Unezrin
488 1793 760 1853 widersprechen.
795 1790 899 1850 Wenn
924 1790 983 1850 wir
1008 1790 1053 1850 ein
1078 1790 1235 1850 Mädchen

230 1846 372 1906 haͤtten,
394 1843 468 1903 oder
495 1842 579 1902 wenn
616 1842 658 1902 die
690 1842 758 1902 nach
785 1842 901 1902 Stand
933 1840 996 1900 und
1023 1840 1229 1900 Verdiensten

231 1894 373 1954 geehrten
406 1894 706 1954 Interessentinnen
739 1894 822 1954 einen
860 1894 955 1954 lieben
992 1892 1103 1952 jungen
1135 1891 1240 1951 Men¬

226 1945 305 2005 schen
337 1947 401 2007 mit
423 1946 508 2006 einen
535 1945 727 2005 Vollmacht
754 1943 882 2003 beehret
904 1945 1042 2005 hätten,
1069 1942 1112 2002 um
1160 1942 1239 2002 diese

227 1996 342 2056 Sache
363 1996 423 2056 wie
449 1996 529 2056 recht
555 1993 595 2053 ist
621 1991 681 2051 von
707 1995 919 2055 rechtswegen
950 1993 1004 2053 vor
1025 1993 1136 2053 unserm
1167 1990 1242 2050 rich¬

225 2046 373 2106 terlichen
400 2043 495 2103 Amte
527 2043 559 2103 zu
592 2043 782 2103 betreiben,
809 2043 840 2103 so
873 2043 984 2103 würde
1012 2040 1096 2100 Herr
1128 2040 1244 2100 Arist

231 2097 311 2157 ohne
344 2094 480 2154 Zweifel
507 2093 566 2153 mit
594 2092 697 2152 keiner
730 2091 756 2151 fo
784 2091 930 2151 gelinden
958 2090 1082 2150 Strafe
1110 2088 1244 2148 abkom¬

227 2145 322 2205 men,
349 2144 396 2204 als
429 2144 503 2204 itzo.
578 2140 700 2200 Beyde
721 2137 837 2197 Theile
870 2141 1029 2201 enthalten
1062 2139 1140 2199 zwey
1173 2139 1231 2199 und

230 2196 373 2256 zwanzig
400 2192 553 2252 Gedichte
580 2193 652 2253 oder
673 2190 739 2250 eben
771 2193 796 2253 so
822 2190 883 2250 viel
899 2190 1157 2250 Schilderungen
1183 2187 1213 2247 um

227 2241 252 2301 in
289 2242 335 2302 der
361 2239 510 2299 Sprache
537 2240 589 2300 des
610 2240 712 2300 Herrn
744 2239 873 2299 Arists
899 2240 930 2300 zu
962 2240 1075 2300 reden.
1122 2235 1224 2295 Einen

226 2290 331 2350 Faden
358 2288 437 2348 ohne
465 2288 634 2348 Gedanken
672 2286 729 2346 fast
756 2288 782 2348 so
809 2288 872 2348 wie
900 2288 941 2348 ein
979 2288 1058 2348 altes
1085 2285 1239 2345 Mütter¬

229 2339 296 2399 chen
325 2339 348 2399 in
378 2334 473 2394 diesen
507 2336 781 2396 Winterabenden
820 2335 853 2395 am
901 2336 1126 2396 Spinnrocken
1165 2336 1241 2396 aus¬

227 2387 367 2447 ziehen,
395 2387 481 2447 heißt
508 2384 579 2444 nach
612 2381 719 2441 unsern
752 2384 920 2444 Begriffen
958 2387 1044 2447 nicht
1072 2384 1238 2444 schildern,

224 2437 256 2497 da
284 2438 359 2498 aber
382 2437 425 2497 ein
453 2435 533 2495 jeder
556 2432 605 2492 der
627 2432 702 2492 beste
731 2433 888 2493 Ausleger
922 2437 1019 2497 seiner
1041 2435 1155 2495 Worte
1183 2435 1237 2495 ist,

228 2489 257 2549 so
281 2488 387 2548 mögen
429 2486 487 2546 wir
505 2482 611 2542 Herrn
647 2479 759 2539 Arist
789 2480 841 2540 von
877 2485 971 2545 dieser
1001 2485 1101 2545 Seite
1131 2482 1230 2542 nichts

232 2539 285 2599 zur
315 2538 379 2598 Last
409 2536 515 2596 legen.
546 2533 628 2593 Das
658 2527 740 2587 letzte
770 2529 877 2589 Stück
895 2535 930 2595 ist
954 2536 983 2596 an
1019 2536 1213 2596 Lohrchen

222 2587 283 2647 und
306 2587 434 2647 enthält
457 2584 663 2644 erstaunliche
686 2578 820 2638 Dinge.

344 2647 390 2707 Du
417 2649 547 2709 forderst,
564 2648 694 2708 Lorchen,
710 2643 767 2703 Dir
789 2643 809 2703 zu
836 2646 977 2706 schreiben,

289 2706 354 2766 Was
379 2707 419 2767 für
445 2706 636 2766 Geheimnisse,
657 2703 696 2763 die
717 2701 893 2761 unvergeßlich
919 2707 1034 2767 bleiben,

286 2764 343 2824 Die
368 2763 468 2823 Schule
488 2763 531 2823 von
560 2764 680 2824 Salerno
705 2761 810 2821 schrieb,

279 2823 337 2883 Die
357 2823 405 2883 wir
425 2823 449 2883 so
474 2823 512 2883 oft
532 2823 668 2883 erwähnen
697 2820 794 2880 hören,

277 2879 346 2939 Was
368 2879 424 2939 Dir
446 2879 523 2939 davon
550 2879 688 2939 verborgen
714 2879 795 2939 blieb,

276 2939 404 2999 Darinne
427 2939 480 2999 will
498 2939 529 2999 ich
557 2939 618 2999 Dich
646 2939 783 2999 belehren.

1272 389 1331 449 und
1356 389 1464 449 damit
1483 389 1537 449 wir
1562 389 1585 449 ja
1617 389 1743 449 wissen,
1762 392 1816 452 daß
1841 392 1924 452 Herr
1949 390 2064 450 Arist
2089 389 2149 449 mit
2168 393 2288 453 Lohr¬

1268 443 1350 503 chen
1380 443 1492 503 galant
1516 443 1545 503 zu
1575 443 1663 503 reden
1693 443 1864 503 vorhabe,
1888 443 1917 503 so
1941 443 2029 503 faͤhrt
2053 442 2082 502 er
2106 440 2182 500 fort.

1420 505 1498 565 Doch
1525 506 1687 566 keineswegs
1714 506 1761 566 wie
1782 507 1818 567 ein
1845 509 1965 569 Pedant,

1391 561 1452 621 Der
1474 563 1534 623 gern
1561 565 1583 625 im
1618 563 1683 623 alten
1710 566 1805 626 Moder
1827 566 1935 626 rühret,

1400 620 1453 680 Und
1480 622 1524 682 nur
1547 622 1586 682 sich
1613 622 1701 682 freut,
1720 625 1763 685 daß
1790 625 1812 685 er
1835 625 1932 685 eitiret.

1271 701 1413 761 Darauf
1459 703 1567 763 folgen
1618 703 1686 763 die
1738 706 2023 766 allgemeinen
2086 707 2291 767 Gesund¬

1273 754 1586 814 heitsregeln,
1631 754 1752 814 darauf
1786 754 1956 814 Mittel
1984 754 2072 814 sein
2122 760 2281 820 eigner

1272 801 1376 861 Arzt
1410 805 1454 865 zu
1499 804 1636 864 seyn,
1681 805 1802 865 darauf
1836 804 1897 864 von
1936 804 2007 864 der
2041 804 2179 864 Wahl
2213 807 2284 867 der

1277 853 1409 913 Luft,

1450 853 1503 913 vom
1557 855 1911 915 Wassertrinken
1953 856 2160 916 während
2208 855 2284 915 der

1280 906 1530 966 Mahlzeit.

1432 966 1534 1026 Trink,
1558 966 1614 1026 was
1638 966 1694 1026 man
1723 969 1779 1029 auch
1803 969 1996 1029 widerspricht,

1403 1022 1501 1082 Unterm
1538 1022 1609 1082 Essen
1636 1019 1734 1079 Wasser
1757 1019 1837 1079 nicht,

1400 1079 1439 1139 Es
1465 1079 1568 1139 erweckt
1591 1078 1742 1138 Beschwerd
1768 1079 1815 1139 und
1838 1079 1954 1139 Plagen,

1404 1134 1483 1194 Denn
1509 1133 1533 1193 es
1559 1136 1633 1196 kältet
1655 1136 1692 1196 dir
1713 1136 1755 1196 den
1784 1136 1897 1196 Magen,

1405 1191 1465 1251 Der
1484 1193 1540 1253 voll
1554 1196 1704 1256 Cruditäten
1732 1196 1811 1256 wird,

1404 1252 1475 1312 Weil
1493 1252 1520 1312 es
1542 1252 1582 1312 die
1601 1255 1766 1315 Verdauung
1784 1258 1851 1318 irrt.

1285 1336 1382 1396 Wenn
1422 1333 1500 1393 diese
1527 1333 1631 1393 Verfe
1658 1336 1742 1396 nicht
1769 1336 1795 1396 so
1829 1336 1966 1396 herzlich
2006 1336 2130 1396 schlecht
2164 1336 2293 1396 wären,

1278 1387 1344 1447 wer
1366 1386 1443 1446 weis
1469 1384 1505 1444 ob
1531 1384 1592 1444 wir
1614 1387 1701 1447 nicht
1723 1385 1846 1445 unserer
1873 1387 1949 1447 alten
1982 1384 2229 1444 Gewohnheit,
2245 1384 2291 1444 die

1281 1437 1339 1497 uns
1366 1434 1503 1494 zeithero
1530 1431 1630 1491 GOtt
1657 1434 1699 1494 sey
1732 1434 1869 1494 gedankt
1896 1434 1980 1494 nicht
2002 1434 2054 1494 den
2087 1435 2208 1495 Magen
2246 1432 2293 1492 ge¬

1278 1485 1370 1545 kältet
1402 1485 1459 1545 und
1501 1485 1547 1545 die
1579 1485 1787 1545 Verdauung
1813 1485 1932 1545 geirrt,
1958 1482 2098 1542 entsagen
2141 1482 2296 1542 würden.

1281 1534 1419 1594 Darauf
1441 1533 1538 1593 folgen
1569 1533 1621 1593 die
1642 1535 1755 1595 Lehren
1791 1533 1847 1593 von
1884 1530 1956 1590 den
1993 1532 2167 1592 Weinen
2204 1531 2281 1591 und

1278 1584 1348 1644 der
1376 1582 1662 1642 Weinsuppe.
1695 1584 1775 1644 Das
1803 1584 1948 1644 folgende
1977 1581 2100 1641 Recept
2123 1581 2214 1641 fängt
2236 1581 2284 1641 der

1278 1631 1365 1691 Herr
1396 1628 1570 1688 Verfasser
1612 1629 1678 1689 mit
1715 1628 1838 1688 einer
1880 1631 2177 1691 Schilderung
2219 1628 2275 1688 von

1277 1679 1482 1739 Lohrchen
1511 1678 1577 1738 an,
1602 1675 1663 1735 und
1688 1673 1754 1733 wer
1774 1675 1859 1735 hätte
1883 1673 1935 1733 das
1969 1674 2059 1734 wohl
2084 1676 2198 1736 denken
2237 1676 2293 1736 sol¬

1276 1719 1351 1779 len,
1380 1721 1436 1781 daß
1465 1719 1520 1779 das
1554 1721 1629 1781 gute
1653 1721 1817 1781 Mädchen
1851 1721 1892 1781 ein
1921 1721 2085 1781 Gläschen
2124 1722 2203 1782 über
2237 1723 2288 1783 den

1282 1764 1391 1824 Durst
1413 1763 1527 1823 trinkt.

1401 1828 1466 1888 Das
1491 1831 1607 1891 folgende
1633 1831 1713 1891 steht,
1734 1831 1919 1891 Lohrchen,
1940 1831 2020 1891 darum
2056 1831 2101 1891 da,

1337 1891 1416 1951 Weil
1431 1891 1480 1951 mir
1505 1891 1524 1951 in
1549 1892 1623 1952 diesem
1658 1891 1747 1951 Punkt
1767 1893 1806 1953 oft
1826 1891 2004 1951 Widerspruch
2029 1894 2151 1954 geschah;

1341 1949 1406 2009 Nun
1432 1951 1501 2011 wirst
1519 1948 1549 2008 du
1575 1951 1635 2011 aber
1658 1951 1826 2011 überführet,

1342 2008 1415 2068 Mein
1443 2008 1553 2068 Vorsatz
1571 2011 1608 2071 sey
1636 2008 1800 2068 autorisiret.

1432 2091 1564 2151 Mittel
1593 2091 1703 2151 wider
1748 2091 1841 2151 einen
1881 2091 2135 2151 Abendrausch.

1377 2149 1527 2209 Bedrängt
1549 2148 1583 2208 ein
1609 2148 1780 2208 Abendrausch
1811 2148 1836 2208 am
1871 2148 1982 2208 Morgen
2013 2148 2081 2208 deine
2103 2148 2223 2208 Glieder,

1342 2206 1390 2266 So
1413 2205 1443 2265 ist
1462 2205 1501 2265 der
1524 2205 1590 2265 beste
1608 2205 1700 2265 Rath:
1719 2207 1798 2267 Trink
1816 2206 1874 2266 früh
1896 2204 1927 2264 am
1958 2205 2073 2265 Morgen
2100 2208 2206 2268 wieder.

1346 2264 1435 2324 (Doch
1459 2261 1567 2321 nämlich
1597 2261 1663 2321 ohne
1682 2262 1871 2322 Schwelgerey

1340 2324 1382 2384 So
1406 2321 1496 2381 dienet
1516 2321 1539 2381 es
1564 2321 1606 2381 zur
1625 2324 1777 2384 Arzeney.)

1340 2381 1459 2441 Schnell
1474 2379 1536 2439 hilft
1552 2378 1599 2438 es,
1619 2381 1662 2441 daß
1686 2381 1743 2441 man
1769 2384 1811 2444 sich
1836 2382 1874 2442 die
1894 2381 2052 2441 Uebelkeiten
2077 2381 2172 2441 spare;

1341 2440 1419 2500 Denn
1449 2437 1492 2497 auf
1513 2437 1556 2497 des
1581 2437 1688 2497 Hundes
1713 2440 1762 2500 Biß
1787 2440 1840 2500 legt
1861 2440 1914 2500 man
1939 2438 1982 2498 des
2008 2437 2119 2497 Hundes
2145 2439 2247 2499 Haare.

1283 2519 1351 2579 Von
1375 2521 1450 2581 allen
1485 2518 1611 2578 übrigen
1635 2519 1790 2579 Recepten
1820 2518 1923 2578 wissen
1947 2518 2010 2578 wir
2034 2518 2085 2578 zur
2103 2518 2276 2578 Erbauung

1273 2570 1326 2630 des
1354 2569 1479 2629 schönen
1512 2564 1708 2624 Geschlechts
1736 2570 1833 2630 nichts
1862 2569 1970 2629 weiter
1992 2569 2221 2629 anzuführen,
2238 2571 2286 2631 als

1274 2618 1330 2678 daß
1364 2620 1403 2680 sie
1432 2618 1517 2678 nicht
1540 2617 1738 2677 griechisch,
1785 2620 1921 2680 sondern
1955 2616 1983 2676 in
2018 2617 2125 2677 höchst
2149 2620 2278 2680 elenden

1274 2667 1433 2727 deutschen
1462 2664 1599 2724 Reimen
1627 2667 1776 2727 abgefaßt
1799 2670 1875 2730 sind.
1926 2665 2003 2725 Der
2031 2667 2157 2727 Schluß
2186 2667 2218 2727 ist
2241 2666 2273 2726 an

1265 2718 1504 2778 Lohrchen,
1526 2713 1587 2773 und
1615 2716 1670 2776 das
1699 2721 1793 2781 ganze
1822 2718 2061 2778 Receptlexicon
2101 2718 2195 2778 höret
2223 2715 2283 2775 mit

1272 2769 1370 2829 diesen
1402 2763 1538 2823 Worten
1569 2765 1642 2825 auf.

1400 2827 1454 2887 Lies
1479 2829 1533 2889 was
1553 2830 1587 2890 ich
1613 2832 1666 2892 hier
1692 2835 1820 2895 erzählet,
1835 2835 1879 2895 zum
1914 2834 1997 2894 klugen
2023 2829 2209 2889 Zeitvertreib,

1330 2888 1435 2948 Gesund
1458 2888 1496 2948 sey
1519 2891 1574 2951 stets
1602 2893 1652 2953 dein
1675 2894 1752 2954 Witz,
1775 2894 1869 2954 gesund
1892 2891 1953 2951 auch
1975 2891 2036 2951 stets
2058 2887 2108 2947 dein
2137 2882 2202 2942 Leib.

2200 2969 2281 3029 Wir
