2479 3508
266 315 337 375 Aus
362 312 410 372 dem
453 303 778 363 Hildesheimschen,
803 300 856 360 den
887 300 947 360 15.
966 303 1062 363 Nov.

205 366 326 426 Einige
344 357 558 417 Nachrichten
588 351 680 411 haben
710 349 790 409 schon
826 351 1005 411 gemeldet,
1029 351 1086 411 daß
1116 350 1167 410 auf

159 414 210 474 dem
251 408 447 468 Amtshause
471 401 690 461 Vinnenburg
714 401 742 461 zu
766 401 1094 461 Schiffbarmachung
1118 398 1169 458 der

156 464 251 524 Ocker
275 458 377 518 zuerst
400 452 486 512 durch
515 449 685 509 Holzflöße
714 449 805 509 unter
828 451 879 511 den
909 449 1079 509 disseitigen
1108 449 1170 509 und

142 503 512 563 Braunschweigischen
548 500 799 560 Commissarien
842 500 1163 560 Unterhandlungen

154 557 313 617 gepflogen
344 551 498 611 wurden.
546 548 628 608 Nun
658 548 788 608 erfahrt
806 551 871 611 man
907 551 1007 611 aber,
1032 549 1090 609 daß
1120 546 1167 606 der

148 607 269 667 Nutzen
299 601 351 661 sich
381 598 450 658 viel
474 598 613 658 weiter,
637 596 689 656 als
719 598 776 658 auf
800 601 969 661 Holzflöße
1004 598 1161 658 erstrecken

150 702 255 762 Seite
278 697 349 757 auch
383 694 471 754 vor,
505 697 560 757 von
588 695 837 755 Wolfenbüttel
866 697 910 757 bis
943 697 970 757 in
1004 698 1054 758 die
1082 697 1164 757 Elbe

147 751 235 811 einen
270 748 381 808 Canal
398 745 425 805 zu
454 745 604 805 graben,
632 743 682 803 der
705 745 805 805 große
828 748 949 808 Kähne
967 748 1078 808 trüge,
1107 748 1167 808 und

155 801 276 861 sowohl
299 796 415 856 dasigen
449 794 492 854 als
521 795 631 855 unsern
659 795 780 855 Landen
814 795 875 855 auf
903 796 958 856 der
975 796 1074 856 Ocker
1108 795 1157 855 den

140 849 279 909 Handel
302 845 357 905 und
385 843 429 903 die
452 843 709 903 Gemeinschaft
727 845 788 905 mit
805 843 855 903 der
878 846 961 906 Elbe
984 846 1162 906 erleichter¬

140 900 190 960 te.
248 894 434 954 Gedachter
469 893 582 953 Canal
605 891 644 951 ist
674 892 809 952 wirklich
844 892 894 952 bis
929 894 1155 954 Oschersleber

149 948 274 1008 fertig,
299 945 540 1005 durchgehends
571 944 606 1004 14
637 945 703 1005 Fuß
727 945 830 1005 breit,
867 945 926 1005 und
957 945 968 1005 8
999 948 1065 1008 Fuß
1095 945 1167 1005 tief,

145 998 206 1058 und
235 995 307 1055 fällt
325 995 352 1055 zu
386 992 548 1052 gedachtem
589 992 818 1052 Oschersleben
846 992 874 1052 in
903 992 953 1052 die
976 992 1087 1052 Bode,
1105 994 1160 1054 von

147 1046 179 1106 da
207 1046 331 1106 unweit
353 1046 533 1106 Bernburg
561 1046 587 1106 in
615 1045 664 1105 die
687 1044 822 1104 Saale,
850 1044 915 1104 und
943 1043 1073 1103 mittelst
1101 1044 1171 1104 der¬

150 1100 242 1160 selben
272 1100 324 1160 bey
353 1097 463 1157 Kalbe
488 1097 510 1157 in
540 1094 586 1154 die
610 1094 708 1154 Elbe.
784 1095 877 1155 Man
907 1094 981 1154 kann
1011 1094 1098 1154 leicht
1122 1091 1167 1151 er¬

142 1151 284 1211 achten,
313 1148 445 1208 welcher
474 1142 627 1202 Vortheil
656 1142 744 1202 durch
778 1142 871 1202 solche
899 1145 1159 1205 gemeinnützige
1193 1141 1331 1201 trayde,
1359 1139 1607 1199 Hülsenfrüchte
1630 1139 1668 1199 u.
1680 1137 1707 1197 s.
1730 1138 1779 1198 w.
1807 1135 1895 1195 allein
1924 1135 1956 1195 an
1995 1133 2039 1193 die
2062 1133 2205 1193 Franzo¬

141 1197 408 1257 Vorkehrungen
438 1193 489 1253 der
513 1190 693 1250 Handlung
717 1190 897 1250 zuwachsen
927 1193 1048 1253 werde.

324 1238 649 1298 Donaustrom,
687 1237 748 1297 vom
795 1237 857 1297 12.
883 1240 986 1300 Nov.

199 1285 270 1345 Die
299 1285 513 1345 Nachrichten
553 1282 607 1342 von
647 1282 734 1342 denen
774 1285 961 1345 Türkischen
1000 1288 1154 1348 Gränzen

151 1338 248 1398 haben
289 1333 352 1393 uns
387 1332 438 1392 die
474 1332 692 1392 Bestätigung
728 1335 969 1395 mitgebracht,
1010 1335 1067 1395 daß
1108 1332 1154 1392 der

150 1385 360 1445 Crimmische
388 1380 620 1440 Tartar=Chan
648 1381 802 1441 abgesetzt
820 1384 946 1444 worden
975 1381 1035 1441 sey.
1085 1381 1157 1441 Die

153 1437 294 1497 Spahis
318 1428 522 1488 marschirten
551 1428 640 1488 lange
670 1429 709 1489 um
749 1431 896 1491 Oczakow
942 1429 999 1489 und
1027 1426 1162 1486 Bender

149 1485 291 1545 herum,
318 1479 382 1539 wie
404 1479 472 1539 man
504 1476 578 1536 aber
600 1476 827 1536 vermuthete,
854 1479 880 1539 in
907 1477 1013 1537 keiner
1035 1474 1150 1534 andern

148 1533 296 1593 Absicht,
320 1528 374 1588 als
398 1527 445 1587 die
463 1524 582 1584 Werke
613 1524 713 1584 dieser
737 1527 915 1587 Vestungen
957 1527 987 1587 zu
1023 1524 1165 1584 besichti¬

641 1574 805 1634 Indessen
838 1575 992 1635 warteten
1030 1572 1067 1632 sie
1095 1574 1158 1634 nur

147 1586 207 1646 gen
236 1581 302 1641 und
331 1576 591 1636 auszubessern.

146 1633 202 1693 auf
225 1629 275 1689 den
305 1626 372 1686 Tag
407 1626 463 1686 und
492 1625 537 1685 die
560 1625 657 1685 Zeit,
686 1625 725 1685 da
754 1623 810 1683 der
839 1625 924 1685 Chan
964 1622 1037 1682 nach
1067 1622 1162 1682 Rau¬

140 1682 245 1742 ßani,
285 1680 390 1740 seiner
413 1676 568 1736 Residenz
603 1673 625 1733 in
659 1676 871 1736 Bessarabien
910 1673 1004 1733 reisen
1033 1673 1161 1733 würde.

147 1730 214 1790 Die
239 1732 381 1792 Spahis
407 1730 505 1790 setzten
531 1728 580 1788 sich
612 1729 666 1789 auf
686 1729 735 1789 den
767 1727 864 1787 Weg,
897 1730 945 1790 der
971 1728 1063 1788 dahin
1089 1727 1162 1787 füh=

140 1786 213 1846 ret,
242 1783 304 1843 und
327 1781 378 1841 als
401 1779 452 1839 der
475 1779 566 1839 Chan
595 1781 747 1841 gefahren
777 1781 867 1841 kam,
896 1781 975 1841 hielt
993 1778 1043 1838 ihr
1067 1778 1162 1838 Com¬

141 1924 180 1984 ein
209 1920 340 1980 Zeichen
369 1915 466 1975 seiner
489 1912 649 1972 Ungnade
666 1912 803 1972 hinein.
872 1911 923 1971 Er
959 1909 1021 1969 rief
1050 1909 1157 1969 verge¬

141 1975 220 2035 bens
246 1970 337 2030 seinen
369 1966 510 2026 Tartarn
541 1963 608 2023 nach
640 1963 756 2023 Hulfe.
794 1963 867 2023 Die
892 1963 1033 2023 Saphis
1058 1961 1151 2021 führ=
1182 1958 1225 2018 len
1256 1960 1280 2020 in
1306 1957 1397 2017 Folio
1423 1957 1563 2017 prächtig
1589 1960 1730 2020 gedruckt
1749 1960 1810 2020 ist,
1835 1960 2038 2020 überschickt.

136 2025 185 2085 ten
217 2025 266 2085 ihn
292 2017 448 2077 gefangen
479 2014 547 2074 nach
580 2014 872 2074 Constantinopel.

415 2061 589 2121 Paris,
618 2063 673 2123 den
713 2064 775 2124 12.
804 2064 904 2124 Nov.

191 2115 265 2175 Der
290 2112 439 2172 Römisch
465 2112 663 2172 Kaiserliche
694 2115 930 2175 Ambassadeur
962 2109 1055 2169 Graf
1086 2109 1141 2169 von

141 2168 396 2228 Stahrenberg,
425 2163 482 2223 hat
506 2163 556 2223 vor
580 2163 704 2223 einigen
733 2163 841 2223 Tagen
876 2164 938 2224 auf
962 2163 1063 2223 seinem
1110 2162 1143 2222 zu

147 2220 277 2280 Epinay
300 2212 430 2272 unweit
448 2211 583 2271 hiesiger
612 2211 725 2271 Stadt
754 2214 912 2274 liegenden
952 2211 1149 2271 Landhause,

147 2271 241 2331 seinem
280 2264 402 2324 Sohn,
424 2261 551 2321 welcher
569 2258 623 2318 erst
646 2260 657 2320 2
680 2261 768 2321 Jahr
790 2264 829 2324 alt
846 2264 895 2324 ist,
918 2261 967 2321 die
990 2261 1139 2321 Blattern

142 2420 274 2480 finden,
297 2413 519 2473 aufzeichnen,
547 2406 568 2466 so
597 2406 707 2466 würde
731 2411 797 2471 man
830 2413 869 2473 ein
909 2409 1019 2469 langes
1053 2410 1158 2470 Regi¬

139 2518 190 2578 die
211 2512 403 2572 obgedachte
424 2505 642 2565 Einimpfung
668 2511 917 2571 vorgenommen
943 2506 1077 2566 wurde,
1104 2509 1150 2569 ge¬

141 2564 247 2624 schahe
274 2561 359 2621 diese
386 2557 567 2617 Operation
605 2554 700 2614 durch
733 2560 786 2620 den
818 2559 945 2619 Doctor
973 2554 1073 2614 Galty
1111 2555 1143 2615 zu

138 2618 211 2678 Jssy
246 2611 273 2671 an
314 2608 364 2668 der
399 2605 563 2665 Herzogin
598 2602 649 2662 von
690 2611 922 2671 Grammont,
957 2605 1144 2665 Schwester

138 2664 189 2724 des
213 2658 364 2718 Herzogs
393 2655 445 2715 von
476 2649 643 2709 Choiseul.
696 2656 771 2716 Bey
801 2658 853 2718 dem
894 2655 969 2715 allen
999 2652 1132 2712 scheinen

135 2715 185 2775 die
208 2707 346 2767 Glieder
369 2705 419 2765 der
442 2702 682 2762 medicinischen
710 2706 866 2766 Facultät
889 2706 961 2766 noch
995 2703 1078 2763 nicht
1106 2701 1145 2761 ei¬

139 2768 192 2828 nig
217 2761 247 2821 zu
272 2757 362 2817 seyn,
387 2753 416 2813 ob
447 2751 489 2811 sie
520 2751 567 2811 die
592 2752 773 2812 Operation
810 2757 936 2817 billigen
973 2754 1045 2814 oder
1076 2753 1142 2813 ver¬

139 2817 252 2877 werfen
284 2808 391 2868 sollen.
442 2802 517 2862 Der
549 2799 662 2859 Ritter
694 2802 725 2862 de
751 2805 883 2865 Chapt.
909 2808 939 2868 de
965 2805 1141 2865 Rastinac,

140 2867 277 2927 Maitre
297 2862 329 2922 de
350 2857 453 2917 Camp
480 2855 532 2915 von
572 2855 617 2915 dem
657 2858 1016 2918 Dragonerregimente
1037 2855 1134 2915 seines

1203 297 1383 357 Namens,
1407 297 1445 357 ist
1474 297 1536 357 mit
1570 297 1666 357 seinem
1717 300 1841 360 Major
1881 300 1931 360 dem
1994 303 2101 363 Herrn
2147 304 2202 364 von

1201 348 1451 408 Beaurepaire,
1479 345 1527 405 der
1555 345 1603 405 den
1637 348 1734 408 Rang
1761 348 1810 408 als
1833 348 2136 408 Oberstlieutenant
2153 356 2218 416 hat,

1194 396 1366 456 dergestalt
1389 395 1411 455 in
1440 395 1651 455 Uneinigkeit
1668 397 1840 457 gerathen,
1863 398 1918 458 daß
1947 398 1980 458 sie
2003 401 2158 461 einander
2176 409 2203 469 zu

1197 446 1285 506 einem
1325 446 1435 506 Duell
1453 446 1508 506 auf
1525 443 1668 503 Pistolen
1698 446 1991 506 herausgefordert
2009 447 2069 507 und
2097 452 2202 512 hiebei

1197 494 1324 554 unweit
1347 494 1368 554 le
1391 494 1519 554 Roulle
1536 493 1597 553 das
1625 494 1719 554 Leben
1759 494 1953 554 eingebüßet
1976 497 2097 557 haben.
2131 501 2203 561 Von

1201 545 1318 605 Ceylon
1349 545 1401 605 hat
1419 543 1490 603 man
1520 542 1715 602 Nachricht,
1739 543 1792 603 daß
1822 542 1868 602 der
1887 545 2099 605 hollandische
2123 549 2217 609 Gou¬

1197 595 1357 655 verneur,
1379 592 1467 652 Herr
1490 592 1545 652 von
1573 592 1650 652 Eck,
1672 592 1722 652 den
1756 592 1827 652 4ten
1867 592 1971 652 Febr.
1999 595 2059 655 mit
2077 595 2126 655 der
2154 598 2214 658 Ar¬

156 654 253 714 wird.
306 649 397 709 Man
433 648 518 708 hatte
548 647 611 707 auf
629 647 790 707 Herzogl.
808 649 1164 709 Braunschweigischer
1200 643 1268 703 mee
1292 643 1338 703 der
1367 640 1574 700 Compaguie
1598 641 1666 701 nach
1690 641 1741 701 der
1765 639 1868 699 Seite
1892 640 1949 700 von
1978 642 2105 702 Candia
2128 646 2214 706 mar¬

1193 694 1308 754 schiret
1328 692 1391 752 sey,
1411 694 1449 754 um
1514 691 1565 751 dem
1604 690 1725 750 Feinde
1745 688 1795 748 die
1815 688 1937 748 Spitze
1957 693 1988 753 zu
2014 692 2135 752 bieten.

1452 739 1653 799 London,
1682 739 1738 799 vom
1783 739 1827 799 6.
1850 739 1951 799 Nov.

1254 789 1294 849 In
1329 789 1415 849 einem
1462 789 1606 849 Briefe,
1635 789 1687 849 der
1716 787 1848 847 kürzlich
1889 786 1947 846 von
1988 787 2126 847 Quebec
2155 789 2212 849 ge¬

1195 840 1348 900 schrieben
1382 837 1541 897 worden,
1564 840 1652 900 lieset
1680 840 1746 900 man
1785 837 1977 897 folgendes:
2017 836 2066 896 die
2088 835 2209 895 Erobe¬

1189 891 1270 951 rung
1299 888 1351 948 von
1386 888 1513 948 Canada
1543 888 1583 948 ist
1601 888 1653 948 für
1677 886 1722 946 die
1741 888 1932 948 Engländer
1967 885 2030 945 sehr
2066 886 2204 946 wichtig,

1194 942 1256 1002 Ich
1285 939 1397 999 könnte
1421 939 1505 999 viele
1529 939 1675 999 Beweise
1699 936 1811 996 hievon
1840 936 2020 996 anführen,
2050 936 2133 996 allein
2162 939 2201 999 ich

1192 990 1264 1050 will
1281 990 1358 1050 mich
1386 990 1547 1050 begnügen
1581 990 1613 1050 zu
1642 987 1836 1047 bemerken,
1870 987 1925 1047 daß
1953 987 2085 1047 Canada
2125 987 2196 1047 nach

1193 1040 1246 1100 dem
1288 1040 1417 1100 Frieden
1453 1040 1482 1100 zu
1512 1040 1688 1100 Versailles
1719 1038 1771 1098 für
1801 1037 1895 1097 mehr
1919 1037 1966 1097 als
1996 1034 2102 1094 70000
2138 1034 2208 1094 Pf.

1195 1088 1310 1148 Sterl.
1340 1091 1375 1151 an
1404 1091 1584 1151 Pferden,
1614 1091 1730 1151 Vieh,
1771 1088 1916 1148 trocknen
1951 1085 2102 1145 Fischen,
2138 1083 2212 1143 Ge¬

1194 1192 1236 1252 sen
1273 1190 1305 1250 zu
1348 1189 1564 1249 Martinique
1602 1186 1659 1246 und
1692 1184 1919 1244 Guadaluppe
1951 1183 2104 1243 geliefert
2131 1181 2205 1241 hat.

1189 1237 1262 1297 Hr.
1286 1234 1410 1294 Wilkes
1445 1234 1501 1294 hat
1524 1231 1580 1291 das
1615 1231 1751 1291 Urtheil
1780 1230 1836 1290 der
1865 1228 2091 1288 Verbannung
2137 1231 2199 1291 aus

1188 1285 1344 1345 England
1369 1279 1538 1339 erhalten,
1569 1279 1640 1339 weil
1665 1282 1689 1342 er
1714 1279 1798 1339 nicht
1822 1276 1991 1336 erschienen
2016 1279 2070 1339 ist.

1409 1330 1694 1390 Stockholm,
1723 1327 1776 1387 den
1817 1327 1863 1387 6.
1887 1325 1985 1385 Nov.

1235 1372 1304 1432 Die
1330 1378 1469 1438 Königl.
1495 1378 1666 1438 Akademie
1692 1376 1742 1436 der
1762 1375 2028 1435 Wissenschaften
2054 1375 2110 1435 hat
2143 1374 2193 1434 den

1188 1425 1525 1485 Landeshauptmann
1566 1425 1628 1485 und
1663 1425 1777 1485 Ritter
1812 1423 1869 1483 vom
1921 1419 2070 1479 Königl.
2093 1422 2212 1482 Nord¬

1187 1473 1368 1533 sternorden
1402 1473 1492 1533 Hrn.
1510 1476 1640 1536 Daniel
1663 1474 1759 1534 Tilas
1782 1472 1810 1532 zu
1845 1470 1935 1530 ihrem
1975 1467 2190 1527 Präsidenten

1189 1524 1223 1584 an
1252 1521 1302 1581 die
1325 1522 1438 1582 Stelle
1455 1523 1506 1583 des
1535 1524 1664 1584 Assessor
1693 1523 1935 1583 Strandberg,
1959 1521 2089 1581 welcher
2123 1520 2173 1580 vom

1189 1572 1341 1632 Pråsidio
1365 1572 1575 1632 abgetreten,
1598 1572 1757 1632 erwählt.
1803 1569 1853 1629 Es
1883 1570 1939 1630 hat
1968 1569 2041 1629 auch
2070 1569 2189 1629 neulich

1189 1619 1233 1679 ein
1261 1619 1421 1679 Mitglied
1454 1619 1554 1679 dieser
1577 1619 1770 1679 Akademie,
1803 1619 1858 1679 der
1887 1619 1958 1679 Hr.
1981 1619 2202 1679 Generalma¬

1182 1671 1232 1731 jor
1267 1668 1328 1728 und
1357 1670 1469 1730 Ritter
1504 1667 1560 1727 vom
1600 1668 1877 1728 Schwerdtorden
1917 1667 1973 1727 wie
2002 1667 2074 1727 auch
2103 1669 2199 1729 Com¬

1188 1721 1347 1781 mendant
1365 1721 1417 1781 von
1454 1721 1583 1781 Danzig
1613 1724 1718 1784 Jacob
1754 1724 1807 1784 von
1837 1721 1966 1781 Eggers
2002 1719 2049 1779 der
2073 1721 2196 1781 Akade¬

1188 1775 1250 1835 mie
1280 1775 1348 1835 eine
1379 1775 1598 1835 beträchtliche
1627 1775 1753 1835 Anzahl
1783 1775 1944 1835 wichtiger
1968 1772 2101 1832 Bücher
2130 1772 2204 1832 ver¬

144 1825 303 1885 mendant
324 1822 369 1882 die
396 1822 524 1882 Kutsche
551 1822 612 1882 an,
638 1822 735 1882 drang
767 1822 812 1882 sich
839 1822 900 1882 mit
921 1819 1060 1879 Gewalt
1086 1822 1157 1882 hin=
1189 1822 1286 1882 ehrt,
1312 1822 1373 1882 und
1400 1822 1451 1882 der
1477 1822 1621 1882 Curator
1647 1822 1693 1882 des
1719 1822 1863 1882 Königl.
1884 1822 2007 1882 Musai
2033 1822 2192 1882 derselben

137 1875 217 1935 ein,
239 1872 304 1932 und
326 1867 412 1927 warf
434 1867 487 1927 ihm
542 1864 584 1924 ein
612 1864 709 1924 Paar
737 1864 888 1924 türkische
910 1861 1055 1921 Stiefeln
1094 1861 1142 1921 als
1186 1859 1229 1919 ein
1256 1861 1429 1921 Exemplar
1451 1861 1504 1921 von
1537 1861 1585 1921 dem
1624 1864 1780 1924 Catalogo
1803 1864 1856 1924 der
1873 1867 2094 1927 vortreflichen
2116 1872 2202 1932 Har¬

1180 1908 1315 1968 leyschen
1340 1909 1843 1969 Handschriften=Sammlung,
1855 1909 1985 1969 welcher
2010 1910 2033 1970 in
2063 1912 2074 1972 2
2098 1913 2198 1973 Thei=

2110 1962 2198 2022 Der

1182 2008 1431 2068 Oberdirecteur
1460 2008 1635 2068 Luthmann
1664 2008 1720 2068 hat
1744 2008 1913 2068 gleichfalls
1942 2008 1992 2068 der
2016 2009 2191 2069 Akademie

1177 2058 1263 2118 einen
1293 2055 1409 2115 großen
1439 2058 1595 2118 Digestor
1625 2060 1659 2120 zu
1694 2058 1885 2118 chymischen
1927 2057 1984 2117 und
2020 2059 2193 2119 physikali¬

1182 2109 1257 2169 schen
1286 2109 1465 2169 Versuchen
1489 2109 1668 2169 geschenkt.
1715 2109 1789 2169 Der
1813 2109 2032 2169 ausländische
2056 2109 2188 2169 Handel

1179 2161 1256 2221 liegt
1279 2160 1345 2220 nach
1384 2159 1434 2219 dem
1485 2157 1584 2217 letzten
1618 2160 1768 2220 Kriege,
1796 2157 1851 2217 wie
1880 2157 1974 2217 leicht
1997 2157 2030 2217 zu
2069 2160 2196 2220 vermu¬

1171 2211 1280 2271 then,
1304 2211 1327 2271 in
1369 2208 1479 2268 unsern
1514 2211 1764 2271 Pommerschen
1793 2210 1938 2270 Städten
1974 2208 2112 2268 ziemlich
2148 2211 2199 2271 da=

1174 2258 1304 2318 nieder,
1326 2260 1385 2320 und
1413 2258 1467 2318 der
1489 2261 1734 2321 einkommende
1757 2260 1789 2320 ist
1811 2260 1903 2320 lange
1931 2258 2012 2318 nicht
2034 2258 2121 2318 mehr
2143 2258 2169 2318 im

135 2321 326 2381 einpropfen
355 2312 465 2372 lassen.
535 2306 650 2366 Wolte
668 2309 737 2369 man
767 2312 824 2372 alle
848 2313 975 2373 Namen
1004 2312 1061 2372 von
1091 2312 1143 2372 an=
1173 2309 1392 2369 Wohlstande
1416 2309 1572 2369 gewesen.
1625 2315 1671 2375 Zu
1694 2312 1781 2372 folge
1805 2310 1856 2370 der
1880 2309 2094 2369 Schifslisten
2123 2310 2180 2370 sind

145 2369 317 2429 sehnlichen
353 2363 490 2423 Leuten,
520 2357 635 2417 welche
671 2358 722 2418 die
751 2363 976 2423 Einimpfung
1011 2360 1068 2420 für
1092 2360 1155 2420 gut
1184 2360 1218 2420 20
1254 2358 1311 2418 und
1340 2357 1427 2417 mehr
1450 2357 1582 2417 Schiffe
1606 2361 1663 2421 mit
1687 2361 1854 2421 Getrayde
1878 2358 1935 2418 aus
1959 2360 2114 2420 Danzig,
2132 2359 2194 2419 Kö¬

1180 2408 1352 2468 nigsberg,
1370 2406 1479 2466 Riga,
1503 2411 1618 2471 Reval
1636 2411 1693 2471 und
1723 2411 1774 2471 den
1804 2408 2051 2468 Curländischen
2081 2406 2190 2466 Städ¬

142 2467 197 2527 ster
219 2465 252 2525 zu
280 2461 467 2521 verfertigen
496 2455 617 2515 haben.
679 2458 728 2518 An
762 2460 933 2520 demselben
972 2458 1082 2518 Tage,
1105 2458 1137 2518 da
1177 2456 1226 2516 ten
1255 2455 1348 2515 gegen
1382 2455 1464 2515 eines
1492 2458 1553 2518 aus
1576 2459 1625 2519 dem
1670 2460 1780 2520 ganzen
1808 2455 2051 2515 Pommerschen
2079 2453 2106 2513 in
2135 2457 2195 2517 un¬

1179 2506 1241 2566 sern
1270 2503 1371 2563 Hafen
1400 2506 1653 2566 angekommen.
1682 2506 1879 2566 Nunmehro
1908 2503 1981 2563 aber
2004 2503 2077 2563 kann
2105 2506 2173 2566 man

1177 2554 1233 2614 mit
1251 2551 1450 2611 Gewißheit
1468 2559 1621 2619 melden,
1650 2557 1702 2617 daß
1731 2555 1781 2615 die
1799 2551 1992 2611 Regierung
2028 2554 2084 2614 auf
2113 2554 2164 2614 dem

1177 2602 1443 2662 bevorstehenden
1473 2608 1667 2668 Reichstage
1692 2605 1739 2665 sich
1769 2602 1828 2662 alle
1846 2605 1964 2665 Mühe
1988 2602 2076 2662 geben
2106 2605 2188 2665 wer¬

1171 2650 1230 2710 de,
1255 2652 1356 2712 diesen
1392 2655 1499 2715 Zweig
1536 2656 1582 2716 der
1614 2652 1792 2712 Handlung
1829 2651 1947 2711 wieder
1978 2652 2121 2712 blühend
2151 2655 2174 2715 zu

1175 2700 1324 2760 machen.
1372 2703 1461 2763 Auch
1486 2705 1605 2765 sollen,
1641 2700 1700 2760 wie
1724 2700 1843 2760 bereits
1879 2700 1933 2760 vor
1963 2703 2088 2763 einiger
2113 2701 2189 2761 Zeit

1178 2751 1334 2811 gemeldet
1353 2752 1516 2812 worden,
1540 2754 1588 2814 die
1607 2748 1745 2808 Auflage
1764 2751 1824 2811 und
1855 2751 1957 2811 Accise
1982 2751 2036 2811 auf
2054 2751 2181 2811 gewisse

1176 2800 1419 2860 einkommende
1442 2802 1583 2862 Waaren
1618 2799 1906 2859 heruntergesetzet
1930 2802 2088 2862 werden,
2105 2802 2184 2862 weil

1173 2853 1227 2913 dem
1267 2853 1453 2913 Landmann
1493 2855 1515 2915 in
1547 2854 1601 2914 der
1625 2850 1719 2910 That
1751 2851 1828 2911 seine
1860 2852 2070 2912 Zollfreyheit
2094 2849 2179 2909 nicht
