2479 3508
203 328 260 388 daß
290 330 365 390 Sr.
383 330 488 390 Maj.
500 330 557 390 bey
581 330 651 390 dero
675 327 838 387 Krönung
873 327 901 387 in
937 325 1117 385 spanischen
1153 326 1227 386 Ha¬

205 379 251 439 bit
272 380 442 440 erscheinen
474 377 618 437 werden.
670 377 758 437 Man
790 377 846 437 hat
867 377 933 437 hier
955 374 1146 434 Nachricht,
1162 374 1213 434 daß

209 429 255 489 die
281 428 400 488 Gräfin
432 428 660 488 Kossakowska
686 427 877 487 Castellanin
909 425 966 485 von
998 423 1137 483 Camin,
1153 422 1204 482 dem

206 476 335 536 Grafen
366 476 505 536 Potocki
521 476 955 536 Generalfeldzeugmeister
976 473 1033 533 von
1064 473 1213 533 Lithauen

203 528 263 588 alle
288 530 359 590 dero
389 528 500 588 Güter
531 527 586 587 zur
612 527 884 587 Administration
920 521 1126 581 übergeben,
1152 524 1212 584 und

210 576 259 636 daß
292 578 356 638 Sie
379 578 405 638 in
433 578 579 638 Zukunft
596 578 683 638 ihren
716 575 916 635 Aufenthalt
944 572 965 632 in
999 572 1079 632 Kein
1113 572 1215 632 haben

209 625 334 685 werde.
381 628 507 688 Einige
533 625 649 685 Briefe
675 624 730 684 aus
756 622 917 682 Podolien
954 619 1140 679 berichten,
1166 619 1221 679 daß

206 676 259 736 der
281 676 371 736 Graf
393 676 585 736 Krassinski
607 673 745 733 Bischof
778 673 830 733 von
863 671 1033 731 Camviell
1060 670 1119 730 alle
1146 670 1231 730 seine

210 725 405 785 bischöfliche
436 725 545 785 Güter
576 724 627 784 dem
679 722 854 782 Hospadar
891 721 963 781 oder
995 720 1123 780 Fürsten
1160 717 1216 777 von

215 775 268 835 der
289 775 474 835 Wallachey
501 775 554 835 zur
575 772 723 832 Arrende
750 771 919 831 überlaßen
956 769 1062 829 habe,
1094 769 1130 829 um
1173 766 1236 826 sol¬

212 825 258 885 che
284 822 340 882 von
372 823 423 883 dem
465 822 583 882 Besuch
615 822 661 882 der
687 819 785 879 Russ.
806 819 955 879 Truppen
992 819 1023 879 zu
1059 816 1229 876 befreyen.

210 870 289 930 Der
321 871 415 931 Fürst
442 873 696 933 Lubomierski,
718 867 1056 927 Kronuntertruchses
1094 866 1130 926 ist
1157 863 1236 923 bey¬

215 924 299 984 nahe
320 923 440 983 wieder
466 921 671 981 vollkommen
702 918 918 978 hergestellet,
933 918 1069 978 derselbe
1094 915 1149 975 hat
1170 915 1219 975 den

217 973 348 1033 großten
381 972 480 1032 Theil
497 970 596 1030 seiner
623 968 775 1028 Truppen
803 966 1029 1026 abgeschaffet.
1077 965 1150 1025 Aus
1182 963 1234 1023 La¬

215 1022 313 1082 tyszew
355 1019 432 1079 wird
458 1016 514 1076 vom
556 1016 649 1076 14ten
680 1013 867 1073 versichert,
904 1012 960 1072 daß
991 1012 1037 1072 sich
1079 1013 1125 1073 die
1152 1010 1234 1070 Pest

217 1070 246 1130 in
276 1067 324 1127 der
350 1067 536 1127 Wallachey
561 1061 743 1121 geäußert,
773 1063 831 1123 und
861 1061 914 1121 das
939 1058 998 1118 aus
1023 1058 1116 1118 dieser
1141 1058 1238 1118 Ursa¬

218 1119 265 1179 che
293 1118 408 1178 bereits
441 1117 551 1177 etliche
573 1112 700 1172 Häuser
732 1109 763 1169 zu
795 1109 959 1169 Mohylow
1002 1109 1033 1169 am
1076 1109 1234 1169 Dniester

217 1169 466 1229 zugeschlagen.
515 1164 586 1224 Aus
614 1161 760 1221 Sachsen
787 1158 868 1218 wird
890 1160 1058 1220 berichtet,
1086 1160 1140 1220 daß
1167 1156 1242 1216 zwi¬

222 1218 297 1278 schen
341 1217 394 1277 dem
449 1213 562 1273 Röm.
589 1213 724 1273 Könige
757 1210 816 1270 und
854 1209 907 1269 der
935 1207 1080 1267 Königl.
1102 1207 1237 1267 Pohln.

220 1267 403 1327 Prinzessin
437 1264 632 1324 Cunigunda
659 1262 729 1322 eine
751 1261 983 1321 Vermählung
1011 1260 1070 1320 auf
1087 1258 1141 1318 dem
1179 1257 1243 1317 Ta¬

219 1318 273 1378 pet
295 1318 364 1378 sey,
392 1320 418 1380 zu
457 1315 586 1375 welchem
630 1313 721 1373 Ende
749 1312 797 1372 sich
830 1309 959 1369 sowohl
987 1309 1229 1369 hochgedachter

222 1367 332 1427 König
375 1368 427 1428 als
470 1366 543 1426 auch
582 1363 808 1423 hochgedachte
840 1360 1030 1420 Prinzessin
1078 1359 1141 1419 mit
1173 1359 1225 1419 den

222 1415 364 1475 Prinzen
396 1413 486 1473 Dero
513 1413 666 1473 Brüdern
704 1410 778 1470 nach
805 1410 931 1470 Töplitz
953 1410 1090 1470 abreisen
1122 1407 1238 1467 sollen,

221 1465 255 1525 um
300 1467 359 1527 mit
384 1462 536 1522 einander
557 1461 700 1521 bekannt
720 1461 749 1521 zu
779 1458 922 1518 werden.

469 1512 644 1572 Wilda,
677 1511 730 1571 den
768 1507 832 1567 26.
859 1509 987 1569 Octob.

280 1560 323 1620 In
351 1563 464 1623 unserm
497 1560 709 1620 Herzogthum
747 1558 893 1618 Lithauen
926 1557 1083 1617 herrschet
1106 1557 1133 1617 in
1155 1557 1230 1617 allen

218 1613 350 1673 Sachen
388 1613 430 1673 die
452 1610 563 1670 größte
584 1610 843 1670 Zufriedenheit,
860 1608 918 1668 und
945 1608 1013 1668 man
1045 1605 1135 1665 höret
1152 1605 1241 1665 über¬

222 1663 266 1723 all
287 1662 341 1722 von
372 1661 574 1721 beständigen
604 1655 1007 1715 Freudensbezeugungen
1037 1653 1113 1713 über
1138 1652 1183 1712 die
1209 1653 1228 1713 so

222 1712 364 1772 glücklich
397 1705 577 1765 getroffene
604 1703 714 1763 Wahl
742 1700 857 1760 unsers
889 1700 1021 1760 Königs
1059 1697 1239 1757 Majestät.

225 1751 312 1811 Man
344 1751 440 1811 sagt,
467 1747 524 1807 daß
551 1745 577 1805 in
617 1742 665 1802 dem
714 1742 920 1802 zukünftigen
952 1740 1061 1800 Jahre
1093 1739 1162 1799 eine
1181 1739 1242 1799 Fa¬

228 1798 313 1858 brike
336 1798 362 1858 in
390 1796 438 1856 der
465 1793 600 1853 Gegend
627 1790 686 1850 vom
725 1793 871 1853 Königl.
887 1790 1011 1850 Palais
1033 1787 1092 1847 soll
1114 1785 1243 1845 angele¬

227 1853 277 1913 get
300 1852 453 1912 werden;
482 1846 515 1906 es
544 1846 583 1906 ist
601 1846 719 1906 bereits
743 1844 815 1904 auch
851 1843 890 1903 ein
924 1840 1066 1900 Königl.
1083 1839 1246 1899 Baumei¬

230 1904 283 1964 ster
316 1903 386 1963 hier
419 1900 624 1960 angelangt,
657 1900 694 1960 um
744 1897 803 1957 das
836 1897 965 1957 nöthige
998 1894 1073 1954 dazu
1111 1894 1138 1954 zu
1176 1894 1246 1954 ver¬

227 1954 408 2014 anstalten.

423 1998 746 2058 Königsberg,
776 1996 834 2056 den
864 1993 910 2053 6.
941 1993 1046 2053 Nov.

269 2049 353 2109 Den
391 2049 501 2109 29sten
544 2049 596 2109 des
633 2043 765 2103 vorigen
808 2042 955 2102 Monats
992 2043 1092 2103 trafen
1140 2043 1234 2103 Ihro

222 2103 429 2163 Hochfürstl.
440 2098 578 2158 Durchl.
590 2097 637 2157 der
659 2092 818 2152 Erbprinz
839 2091 892 2151 von
915 2091 1052 2151 Curland
1079 2091 1100 2151 in
1127 2091 1222 2151 hohem

224 2151 402 2211 Wohlseyn
435 2148 554 2208 allhier
588 2145 652 2205 ein,
680 2145 739 2205 und
772 2143 945 2203 geruheten
984 2142 1038 2202 bey
1066 2142 1114 2202 des
1147 2142 1239 2202 Russ.

228 2202 324 2262 Kais.
347 2199 618 2259 Feldmarschalls
651 2195 781 2255 Herzog
804 2193 879 2253 Carl
902 2190 955 2250 von
984 2190 1243 2250 Hollstein=Beck

224 2247 430 2307 Hochfürstl.
452 2245 600 2305 Durchl.
627 2243 684 2303 das
711 2240 966 2300 Mittagsmahl
993 2240 1241 2300 einzunehmen,

226 2297 284 2357 und
316 2296 416 2356 setzten
454 2294 507 2354 den
544 2294 613 2354 2ten
651 2291 745 2351 dieses
778 2291 873 2351 Dero
905 2291 1005 2351 Reise
1033 2291 1106 2351 nach
1139 2291 1244 2351 War¬

227 2348 311 2408 schau
346 2345 430 2405 fort.

543 2433 939 2493 AVERTISSEMENT.

274 2491 327 2551 Da
357 2491 428 2551 Se.
453 2490 601 2550 Königl.
625 2482 797 2542 Majestät
815 2485 844 2545 in
874 2486 1028 2546 Preussen
1053 2485 1094 2545 zc.
1136 2482 1242 2542 Unser

225 2542 496 2602 allergnädigster
519 2538 624 2598 Herr,
652 2533 707 2593 seit
730 2531 818 2591 dem,
841 2535 896 2595 vor
919 2533 1112 2593 Höchstdero
1135 2534 1223 2594 Staa

225 2593 270 2653 ten
293 2593 321 2653 so
344 2591 496 2651 glorreich
525 2587 582 2647 und
611 2582 752 2642 glücklich
781 2584 990 2644 hergestellten
1019 2584 1177 2644 Frieden,
1189 2585 1244 2645 un¬

232 2641 381 2701 ermüdet
404 2639 531 2699 bedacht
554 2636 637 2696 sind,
659 2633 709 2693 die
726 2629 864 2689 Künste,
893 2635 1158 2695 Wissenschaften
1181 2635 1236 2695 und

228 2688 493 2748 Manufacturen
522 2688 608 2748 mehr
641 2681 700 2741 und
733 2679 825 2739 mehr
853 2678 879 2738 in
913 2680 988 2740 Flor
1021 2683 1048 2743 zu
1086 2682 1238 2742 bringen,

228 2739 319 2799 Dero
352 2737 481 2797 getreue
510 2735 731 2795 Unterthanen
764 2727 905 2787 glücklich
927 2731 959 2791 zu
987 2730 1138 2790 machen,
1171 2733 1235 2793 und

225 2790 273 2850 die
311 2787 495 2847 Handlung
523 2786 550 2846 in
588 2782 783 2842 Höchstdero
816 2775 941 2835 Landen
979 2779 1006 2839 zu
1045 2781 1239 2841 erweitern;

228 2838 505 2898 Höchstdieselben
539 2834 611 2894 aber
639 2834 705 2894 auch
734 2827 822 2887 selbst
844 2826 988 2886 erwogen
1017 2830 1144 2890 haben,
1178 2828 1233 2888 daß

221 2895 256 2955 zu
287 2888 485 2948 Erreichung
510 2885 606 2945 dieser
637 2879 963 2939 Landesväterlichen
1000 2881 1144 2941 Absicht,
1168 2879 1246 2939 wel¬

1262 328 1311 388 che
1337 333 1400 393 auf
1419 333 1462 393 ein
1501 334 1525 394 so
1544 337 1764 397 wesentliches
1790 338 1896 398 Stück
1916 333 1971 393 von
2004 333 2053 393 der
2073 333 2273 393 Wohlfahrt

1268 377 1362 437 Dero
1392 383 1516 443 Länder
1546 386 1658 446 gehet,
1676 389 1741 449 kein
1771 388 2037 448 zuverläßigeres
2073 380 2197 440 Mittel
2221 385 2273 445 ist,

1265 425 1315 485 als
1349 428 1394 488 die
1434 434 1625 494 Errichtung
1660 437 1744 497 einer
1773 438 1970 498 öffentlichen
2004 431 2179 491 Banque;
2207 432 2263 492 Als

1270 479 1368 539 haben
1397 482 1664 542 Höchstgedachte
1688 485 1757 545 Se.
1781 488 1920 548 Königl.
1938 485 2100 545 Majestät
2118 480 2273 540 allergna=

1271 529 1347 589 digst
1371 530 1554 590 resolviret,
1578 538 1766 598 dergleichen
1790 539 1937 599 Banque
1955 537 1978 597 in
2003 534 2191 594 Höchstdero
2209 530 2273 590 Re=

1270 578 1457 638 sidenzstadt
1475 582 1594 642 Berlin
1628 586 1776 646 errichten
1810 586 1844 646 zu
1879 586 1998 646 lassen,
2022 585 2083 645 sind
2118 584 2186 644 auch
2221 579 2277 639 fest

1270 628 1491 688 entschlossen,
1514 632 1633 692 selbige
1657 637 1753 697 völlig
1776 637 1804 697 zu
1833 634 1975 694 Stande
1998 634 2128 694 bringen
2157 633 2191 693 zu
2220 628 2281 688 las¬

1274 674 1339 734 sen,
1364 677 1423 737 und
1454 679 1502 739 bey
1533 682 1629 742 diesem
1672 685 1817 745 gefaßten
1847 688 2022 748 Schlusse,
2059 685 2095 745 um
2132 682 2161 742 so
2186 681 2276 741 mehr

1269 725 1496 785 unverändert
1518 730 1544 790 zu
1571 734 1750 794 beharren,
1778 734 1809 794 da
1841 733 1920 793 diese
1952 733 2163 793 Einrichtung
2196 731 2280 791 nicht

1270 774 1362 834 allein
1393 778 1442 838 zum
1486 781 1597 841 Besten
1628 784 1689 844 und
1715 784 1912 844 Wohlfahrt
1931 784 2122 844 Höchstdero
2147 784 2270 844 eigenen

1269 825 1390 885 Länder
1418 827 1481 887 und
1503 832 1726 892 Unterthanen
1758 834 1938 894 gereichet,
1960 834 2092 894 sondern
2125 833 2194 893 auch
2231 831 2284 891 zu¬

1269 876 1362 936 gleich
1391 876 1435 936 die
1458 879 1641 939 Handlung
1669 882 1813 942 zwischen
1842 882 1941 942 diesen
1970 884 2030 944 und
2064 882 2158 942 denen
2198 882 2280 942 Aus¬

1269 925 1426 985 wärtigen
1454 930 1632 990 erleichtern
1665 932 1724 992 und
1747 933 1914 993 befördern
1942 933 2045 993 wird.
2094 927 2142 987 Es
2170 930 2267 990 haben

1268 975 1414 1035 demnach
1442 978 1511 1038 auch
1539 978 1615 1038 Se.
1632 979 1773 1039 Königl.
1800 981 1963 1041 Majestät
1986 981 2218 1041 allergnädigst
2235 978 2283 1038 be¬

1271 1022 1397 1082 fohlen,
1424 1024 1477 1084 daß
1504 1028 1732 1088 unverzüglich
1759 1028 1801 1088 ein
1828 1028 2003 1088 Comptoir
2030 1028 2151 1088 eröfnet
2168 1028 2284 1088 werde,

1273 1070 1404 1130 welches
1431 1072 1479 1132 die
1501 1076 1781 1136 Subscriptionen
1808 1076 1865 1136 von
1893 1076 2045 1136 Fremden
2072 1073 2210 1133 sowohl,
2231 1073 2278 1133 als

1275 1116 1330 1176 von
1364 1121 1641 1181 Einheimischen,
1674 1127 1785 1187 welche
1808 1126 1891 1186 sich,
1919 1124 1968 1184 bey
2003 1123 2101 1183 dieser
2130 1121 2279 1181 Banque

1276 1166 1333 1226 mit
1357 1171 1547 1231 interessiren
1577 1175 1709 1235 wollen,
1738 1178 1952 1238 annehmen,
1981 1173 2045 1233 und
2069 1172 2149 1232 wird
2178 1169 2276 1229 dieses

1277 1219 1445 1279 Comptoir
1475 1221 1532 1281 von
1563 1225 1626 1285 nun
1656 1227 1725 1287 an,
1749 1228 1877 1288 vorerst
1901 1225 1929 1285 in
1964 1225 2017 1285 dem
2064 1219 2273 1279 Thieloschen

1276 1270 1402 1330 Hause,
1430 1272 1486 1332 auf
1508 1271 1558 1331 der
1580 1279 1885 1339 Dorotheenstadt,
1908 1276 2002 1336 unter
2025 1276 2118 1336 denen
2147 1273 2285 1333 Linden,

1274 1325 1306 1385 zu
1340 1321 1506 1381 gedachtem
1556 1327 1678 1387 Behuf
1706 1327 1760 1387 alle
1783 1327 1899 1387 Tage,
1928 1327 1977 1387 des
2010 1324 2182 1384 Morgens
2215 1320 2270 1380 von

1276 1369 1313 1429 10
1347 1370 1389 1430 bis
1417 1371 1454 1431 12
1488 1375 1568 1435 Uhr,
1596 1377 1655 1437 und
1683 1375 1731 1435 des
1753 1375 2007 1435 Nachmittages
2046 1375 2100 1435 von
2138 1375 2154 1435 4
2187 1374 2235 1434 bis
2257 1369 2273 1429 6

1275 1419 1363 1479 Uhr,
1380 1420 1457 1480 offen
1486 1423 1612 1483 stehen,
1635 1427 1712 1487 alles
1741 1425 1806 1485 aber
1829 1426 1895 1486 bloß
1924 1425 1978 1485 zur
2001 1422 2200 1482 Sicherheit
2223 1418 2278 1478 des

1278 1469 1417 1529 Publici
1438 1470 1499 1530 und
1526 1473 1608 1533 derer
1634 1475 1876 1535 Interessenten
1908 1476 2000 1536 unter
2022 1473 2073 1533 der
2094 1473 2285 1533 Hauptauf¬

1276 1521 1341 1581 sicht
1363 1521 1411 1581 des
1439 1522 1579 1582 Königl.
1590 1525 1774 1585 würklichen
1802 1524 1980 1584 Geheimen
2002 1524 2283 1584 Etats=Krieges=

1277 1574 1337 1634 und
1360 1572 1577 1632 dirigirenden
1611 1575 1772 1635 Ministri
1789 1575 1972 1635 Freyherrn
2007 1575 2067 1635 von
2096 1575 2212 1635 Hagen
2241 1570 2290 1630 be¬

1280 1622 1379 1682 sorget
1396 1622 1544 1682 werden.
1589 1620 1672 1680 Sr.
1689 1622 1832 1682 Königl.
1855 1623 2020 1683 Majestät
2049 1622 2147 1682 Wille
2175 1622 2213 1682 ist
2236 1619 2269 1679 es

1268 1670 1363 1730 auch,
1388 1668 1440 1728 daß
1470 1667 1498 1727 in
1522 1667 1618 1727 diesem
1662 1667 1834 1727 Comptoir
1863 1669 1915 1729 das
1935 1669 2098 1729 Publicum
2132 1670 2189 1730 von
2213 1667 2261 1727 dem

1284 1712 1362 1772 Plan
1396 1707 1441 1767 der
1465 1709 1614 1769 Banque
1633 1709 1693 1769 und
1721 1712 1772 1772 dem
1810 1713 1977 1773 heilsamen
2005 1715 2196 1775 Endzweck,
2215 1712 2289 1772 wel¬

1281 1754 1341 1814 cher
1365 1754 1452 1814 durch
1481 1751 1569 1811 deren
1597 1754 1769 1814 Anlegung
1797 1757 1857 1817 und
1890 1757 2104 1817 Einrichtung
2137 1760 2285 1820 errichtet

1279 1807 1403 1867 werden
1433 1805 1504 1865 soll,
1529 1805 1753 1865 ausführliche
1778 1811 1955 1871 Nachricht
1974 1814 2032 1874 und
2056 1814 2281 1874 Erläuterung

1280 1864 1336 1924 soll
1354 1860 1495 1920 erhalten
1524 1858 1671 1918 können.
1739 1863 1835 1923 Man
1875 1864 1954 1924 wird
1994 1867 2067 1927 aber
2102 1869 2266 1929 ausserdem

1279 1912 1444 1972 nächstens
1472 1912 1538 1972 eine
1555 1909 1821 1969 ausführlichere
1844 1915 1904 1975 und
1938 1918 2149 1978 vollständige
2177 1921 2287 1981 Nach¬

1273 1963 1353 2023 richt
1369 1960 1465 2020 davon
1491 1960 1577 2020 durch
1598 1960 1648 2020 den
1669 1962 1775 2022 Druck
1792 1965 1928 2025 bekannt
1944 1966 2091 2026 machen,
2102 1968 2162 2028 und
2183 1969 2294 2029 darin¬

1276 2012 1329 2072 nen
1366 2011 1424 2071 alle
1457 2011 1631 2071 Vorrechte
1664 2011 1722 2071 und
1759 2014 1935 2074 Vortheile
1962 2017 2147 2077 anzeigen,
2174 2020 2285 2080 welche

1279 2061 1350 2121 Se.
1362 2060 1501 2120 Königl.
1513 2058 1668 2118 Majestät
1686 2061 1780 2121 diesem
1814 2061 1836 2121 so
1859 2064 2020 2124 wichtigen
2043 2067 2294 2127 Etablissement

1275 2112 1508 2172 allergnädigst
1536 2108 1721 2168 bewilliget
1749 2112 1878 2172 haben,
1917 2112 2009 2172 indem
2059 2118 2194 2178 dasselbe
2227 2120 2281 2180 vor

1283 2160 1338 2220 das
1362 2157 1553 2217 allgemeine
1576 2155 1671 2215 Beste
1695 2160 1886 2220 Höchstdero
1915 2161 2044 2221 Länder
2073 2166 2134 2226 und
2168 2169 2286 2229 Unter¬

1276 2209 1417 2269 thanen,
1439 2205 1612 2265 besonders
1639 2206 1693 2266 vor
1715 2209 1801 2269 deren
1829 2209 1958 2269 inneres
1986 2216 2175 2276 Commerce
2198 2220 2284 2280 nicht

1277 2260 1395 2320 anders
1419 2255 1469 2315 als
1498 2255 1798 2315 höchstersprießlich
1827 2258 1889 2318 seyn
1924 2261 2037 2321 wird,
2071 2264 2173 2324 daher
2202 2267 2275 2327 denn

1275 2309 1348 2369 auch
1371 2303 1683 2363 Höchstdieselben,
1718 2308 1820 2368 denen
1860 2307 1894 2367 an
1934 2309 2166 2369 Beförderung
2201 2315 2280 2375 alles

1279 2359 1374 2419 dessen
1403 2357 1465 2417 viel
1488 2354 1607 2414 gelegen
1636 2355 1692 2415 ist,
1721 2357 1749 2417 in
1778 2360 1959 2420 Betracht,
1983 2356 2039 2416 daß
2073 2361 2141 2421 eine
2164 2363 2288 2423 gewisse

1275 2407 1569 2467 Unabhängigkeit
1586 2402 1635 2462 der
1658 2405 1825 2465 Banque,
1853 2406 1897 2466 die
1915 2408 2114 2468 Grundlage
2137 2413 2192 2473 und
2214 2417 2280 2477 eins

1278 2458 1362 2518 derer
1387 2452 1630 2512 wesentlichsten
1661 2455 1789 2515 Stücke
1814 2458 1905 2518 ihrer
1930 2455 2142 2515 Einrichtung
2168 2464 2222 2524 ist,
2241 2466 2295 2526 an¬

1277 2506 1341 2566 ders
1370 2506 1451 2566 nicht
1475 2503 1510 2563 an
1540 2500 1673 2560 selbiger
1697 2506 1836 2566 Antheil
1860 2506 1965 2566 haben
2000 2510 2145 2570 wollen,
2175 2513 2227 2573 als
2251 2515 2279 2575 in

1277 2554 1299 2614 so
1328 2557 1401 2617 weit
1425 2551 1595 2611 Dieselben
1619 2554 1812 2614 Höchstdero
1830 2556 2012 2616 Schutzes,
2035 2557 2086 2617 bey
2115 2563 2194 2623 allen
2223 2563 2296 2623 vor¬

1276 2607 1481 2667 kommenden
1512 2602 1765 2662 Gelegenheiten
1790 2606 1898 2666 nöthig
1923 2608 2001 2668 hat.
2044 2610 2194 2670 Berlin,
2225 2614 2273 2674 den

1280 2655 1383 2715 24sten
1413 2650 1551 2710 October
1586 2652 1696 2712 1764.

1397 2714 1824 2774 Banco=Commission.

2025 2719 2067 2779 v.
2082 2723 2231 2783 Hagen.

1274 2799 1370 2859 Diese
1386 2796 1528 2856 Gelehrte
1544 2796 1604 2856 und
1628 2800 1785 2860 Politische
1808 2799 1935 2859 Zeitung
1960 2801 2026 2861 wird
2057 2801 2102 2861 des
2125 2796 2282 2856 Montagi

1383 2839 1435 2899 und
1466 2842 1618 2902 Freytags
1640 2844 1665 2904 in
1686 2841 1739 2901 dem
1776 2843 1969 2903 Kanterschen
2006 2841 2183 2901 Buchladen

1672 2885 1888 2945 ausgegeben.
