2034 2755
65 155 1723 248 Schien oft Sein Prinz ernstblickend nachzusinnen, Ihm lächelte Dein Bruder Seinen Willen,
101 239 887 302 Der väterlichbeste Monarche rief laut:
69 284 1796 368 Was denkst Du, Sohn, da bat von allen Wenn sie das innerste von unserm Wunsch enthüllen,
504 349 829 439 Prinzessinnen
103 409 793 493 Der Jüngling diese sich zur Braut.
982 228 1701 310 So lächeln die Götter auf billiges Flehn,
971 364 1568 437 Und ihrer Menschen Bestes sehn.
1488 409 1796 504 A. L. Karschin.
263 558 717 625 Berlin, den 12. Nov.
93 599 935 670 Sr. Königl. Maj. haben bey dem hochlöbl. Apen¬
71 655 926 700 burgschen Dragonerregiment den daselbst gestandnen
78 698 933 747 Premierlientenant Hrn. von Winterfeld zum Stabs¬
73 741 928 782 capitain, den Secondlieutenant Hrn. von Tiska zum
73 780 928 829 Premierlieutenant, den Fähnrich Hrn. von Uttmann
71 821 930 868 zum Secondlieutenant, und den Fahnenjunker Hrn.
73 859 926 911 von Irwing zum Fähnrich allergnädigst zu ernennen
62 898 209 978 geruhet.
310 924 685 1001 Halle, den 29. Oct.
110 969 922 1038 Herr Duclos zeiget allhier 4 Affen, die dergestalt
69 1027 930 1075 abgerichtet sind, daß sie auf dem Seil und eisernen
71 1068 920 1131 Drat nicht allein mit einer Balancestange, sondern
65 1107 928 1165 auch ohne dieselbe voltigiren. Imgleichen weiset er
73 1154 922 1197 auch unterschiedne Hunde, welche nicht allein aller¬
71 1195 926 1245 hand Täuze machen, sondern sich auch dabey gleich
71 1234 922 1281 dem besten Stutzer nach dem Klange der Instrumen¬
71 1318 922 1361 Löwen bey sich, welcher gegen seinen Herrn so zahm
73 1361 924 1413 und demüthig ist, als kaum ein Mensch gegen demje=
65 1402 920 1467 nigen, der ihm zu gebieten hat, seyn kann, doch zei¬
69 1445 922 1497 get er einem jeden andern, der sich ihm nur nähert,
73 1484 928 1540 sofort seinen natürlichen Stolz mit einer Art der
73 1525 474 1596 schnödesten Verachtung.
228 1540 756 1620 Regensburg, den 28. Oct.
116 1592 922 1665 Gestern ist der Churbrandenburgische Gesandte,
78 1645 737 1706 Baron von Plotho, allhier eingetroffen.
286 1693 709 1749 Leipzig, den 23. Oct.
108 1708 930 1781 Wir vernehmen eben daß der Bruder der regieren¬
71 1770 924 1831 den Fütstiu von Fürstenberg, Leopold August Graf
71 1816 922 1872 von Truchses=Scheer zu Donau Eschingen im 35sten
73 1859 762 1928 Jahr seines Alters mit Tode abgegangen.
269 1900 734 1958 Hamburg, den 6. Nov.
114 1930 920 1986 George Ludwig, regierender Graf von Erpach¬
71 1973 922 2037 Schönberg, vermählte sich den vorigen Monat auf
80 2016 1146 2076 dem Schlosse zu Plön mit der Prinzeßin Friederica einzulaufen.
78 2065 935 2119 Sophie Charlotte, ältesten Tochter des verstorbnen
71 2106 926 2177 Herzogs von Schleswig=Hollstein=Plön, Friedrich
67 2141 174 2205 Carl.
317 2160 719 2249 Utrecht, den 4. Nov.
114 2205 922 2294 Allhier starb gestern Herr Rudolf Leusden, Mit¬
62 2268 924 2315 glied des ersten Raths dieser Provinz, Canonicus
73 2313 913 2358 der Collegialkirche von St. Johann, Präsident der
69 2354 920 2421 Kammer der Finanzen, im 93sten Jahr seines Alters.
1150 551 1594 620 Paris, den 30. Octob.
978 594 1796 657 Bey der Hebamme Alexandre Maitresse in der
950 635 1790 704 Straße Baillet, wird ein todtgeborner Knabe von
952 696 1805 739 Monaten gezeiget, welcher 2 Gesichter neben einan¬
943 741 1803 786 der, 2 Nasen, 2 Munde und 4 Augen hat. Die Ge¬
950 773 1801 829 sichter sind nur durch einen schmalen Strich von ein=
945 825 1801 866 ander getrennt. Die äußersten Augen zur Rechten
945 859 1805 909 und Linken sind jedes vollständig für sich, die mittel¬
950 902 1790 950 sten beyden aber liegen unter einem Augenliede, doch
952 948 1801 991 sind 2 Augapfel deutlich zu erkennen. Beyde Nasen
954 986 1796 1032 sind etwas platt und haben gleich den Munden etwas
943 1032 1803 1085 Aehnlichkeit mit einem Hasen. Der Rückgrad ist
952 1068 1794 1122 gedoppelt. Sonst sind die übrigen Gliedmaßen wohl
952 1113 1801 1161 gebildet, jedoch etwas rauch, wie mit Hasenhaaren
943 1152 1073 1219 bedeckt.
1094 1163 1654 1243 Fontainebleau, den 27. Oct.
986 1219 1805 1277 Der König ernannte den Erzbischof von Lyon de¬
71 1277 1796 1322 te richten. Er führt auch einen schönen und großen nen Canonicis in der Abtey zu St. Victor anzudeu¬
945 1320 1801 1361 ten, daß Se. Maj. ihnen eine jährliche Summe von
952 1357 1790 1409 100000 Livres von den Einkünften gedachter Abtei
952 1402 1790 1462 auf 16 Jahre zur Vermehrung ihrer Bibliothek be
950 1441 1191 1508 williget hätten.
1152 1445 1613 1529 Plymouth, den 9. Oct.
989 1505 1801 1568 Am 5ten dieses war unser Mayor gezwungen eine
945 1559 1794 1611 Ladung Steinkohlen, die nach Bourdeaux bestimmt
945 1609 1801 1656 war, durch seine Gerichtsbediente beschützen zu lassen,
943 1650 1794 1691 weil der Pöbel darüber aufgebracht war, daß man sie
943 1691 1792 1755 nach Frankreich schiffte, da sie hier in so hohen Prei¬
954 1732 1105 1794 se stehen.
1135 1747 1611 1816 Liverpool, den 12. Oct.
976 1785 1796 1865 Jn verwichner Woche befanden sich auf 351 Schif=
950 1854 1794 1904 fe zu einer Zeit in unserm Haven, welches ausser dem
945 1897 1805 1945 Londuer Haven in diesem Königreich ohne Beyspiel
945 1936 1796 1988 ist, und diese Sache ist um so viel merkwürdiger, da
945 1981 1801 2037 keines durch widrige Winde gezwungen worden hier
1144 2048 1607 2124 Warschau, den 8. Nov.
978 2070 1790 2152 Sr. Königl. Maj. U. A. H. geben täglich denen
937 2147 1796 2195 aus allen Woywoden und Landschaften an Sie abge=
950 2188 1796 2244 schickten Deputirten Audienz, und beantworten per¬
945 2231 1794 2281 sönlich ihre Reden. Am Montage gaben Sr. Maj.
950 2270 1794 2324 gleichfalls Audienz dem hier eingetroffenen Grafen
945 2317 1794 2367 Ossolinski Woywoden von Volhynien, und empfin¬
945 2358 1801 2414 gen ihm auf das allergnädigste. Am Sonntage be¬
1669 2399 1792 2475 gingen
