2479 3508
269 331 325 391 Da
349 336 421 396 mich
450 336 523 396 auch
558 336 760 396 verschiedne
784 337 1054 397 Bücherfreunde
1083 339 1139 399 zur
1168 339 1235 399 An¬

213 383 372 443 fertigung
410 386 494 446 einer
516 385 712 445 Bibliothek
744 386 977 446 angerathen,
1010 386 1067 446 aus
1100 388 1232 448 welcher

222 431 270 491 die
292 434 464 494 beliebigen
497 434 626 494 Bücher
659 437 750 497 gegen
789 434 831 494 ein
870 437 1091 497 zureichendes
1118 437 1231 497 Pfand

216 482 272 542 und
299 482 345 542 ein
372 485 518 545 gewisses
555 485 768 545 monatliches
795 484 882 544 Geld
914 485 1122 545 ausgeliehen
1159 485 1242 545 wer¬

219 533 272 593 den
300 533 425 593 sollen;
452 534 479 594 so
501 533 582 593 habe
604 536 642 596 ich
670 536 739 596 mich
762 536 870 596 Ihrem
909 536 1093 596 Verlangen
1115 536 1233 596 bereits

223 580 397 640 dergestalt
419 583 614 643 bequemet,
651 585 709 645 daß
742 585 783 645 ich
821 585 883 645 mit
911 586 1074 646 künftigem
1127 584 1238 644 Jahre

216 631 265 691 den
305 634 439 694 Anfang
479 634 538 694 zum
593 633 776 693 auslehnen
817 634 945 694 machen
990 634 1134 694 werde;
1174 634 1242 694 wo¬

223 679 279 739 von
311 679 346 739 ich
373 682 429 742 das
455 682 621 742 Publicum
668 682 755 742 durch
781 685 848 745 eine
869 682 1070 742 Nachricht,
1092 684 1153 744 und
1184 682 1235 742 den

223 730 403 790 Catalogum
450 731 501 791 der
523 736 807 796 auszulehnenden
838 736 973 796 Bücher
1004 736 1107 796 näher
1139 733 1246 793 unter¬

231 784 342 844 richten
370 784 497 844 werde.

755 837 871 897 Joh.
893 834 1003 894 Jak.
1031 834 1224 894 Kanter.

643 978 826 1038 Berlin.

282 1023 514 1083 Schauplatz
531 1024 584 1084 der
602 1025 720 1085 Künste
748 1025 807 1085 und
824 1022 1051 1082 Handwerker
1073 1025 1149 1085 oder
1171 1025 1252 1085 voll¬

220 1069 393 1129 ständige
421 1070 665 1130 Beschreibung
693 1071 871 1131 derselben,
893 1073 1083 1133 verfertiget
1106 1076 1176 1136 oder
1198 1076 1246 1136 ge¬

222 1118 376 1178 "billiget
398 1121 449 1181 von
481 1124 573 1184 denen
605 1123 728 1183 Herren
761 1121 807 1181 der
833 1121 1009 1181 Akademie
1035 1122 1081 1182 der
1108 1124 1247 1184 Wissen¬

219 1167 380 1227 schaften
408 1173 435 1233 zu
464 1172 597 1232 Paris,
625 1172 687 1232 mit
704 1172 803 1232 vielen
832 1172 1082 1232 Kupfertafeln,
1111 1172 1122 1232 3
1150 1172 1250 1232 Bän¬

219 1207 281 1267 „de
321 1221 349 1281 in
390 1223 463 1283 4to,
492 1225 760 1285 herausgegeben
806 1222 868 1282 von
903 1222 1085 1282 Johann
1120 1220 1250 1280 Hein¬

225 1261 326 1321 "rich
361 1273 553 1333 Gottlob
588 1275 661 1335 von
696 1272 854 1332 Justi."
941 1273 1036 1333 Man
1071 1270 1150 1330 wird
1179 1270 1241 1330 aus

228 1318 325 1378 diesem
375 1321 467 1381 Titel
489 1322 538 1382 sich
571 1324 690 1384 bereits
724 1324 810 1384 einen
838 1321 968 1381 Begrif
991 1323 1051 1383 von
1084 1321 1138 1381 dem
1176 1324 1252 1384 In¬

230 1369 304 1429 halt
326 1372 420 1432 dieses
447 1374 563 1434 Werks
590 1372 621 1432 zu
653 1375 779 1435 machen
812 1375 843 1435 im
886 1374 1023 1434 Stande
1050 1375 1149 1435 seyn,
1177 1372 1234 1432 und

228 1419 288 1479 wir
316 1419 409 1479 haben
443 1422 542 1482 nichts
565 1423 653 1483 mehr
675 1422 808 1482 nöthig,
836 1424 885 1484 als
908 1422 957 1482 zur
986 1416 1068 1476 Ehre
1091 1421 1145 1481 der
1162 1422 1245 1482 Aka¬

223 1467 326 1527 demie
363 1470 601 1530 anzuführen,
638 1473 694 1533 daß
737 1473 809 1533 ihre
846 1470 1094 1530 Bemühungen
1137 1470 1234 1530 denen

231 1518 453 1578 französischen
480 1521 659 1581 Gewerben
692 1521 718 1581 in
750 1521 845 1581 diesem
888 1521 1131 1581 Jahrhundert
1147 1518 1231 1578 einen

223 1567 446 1627 unleugbaren
468 1569 622 1629 Vortheil
633 1572 835 1632 zugezogen;
862 1572 888 1632 ja
910 1572 963 1632 daß
985 1569 1032 1629 der
1054 1570 1149 1630 große
1171 1569 1239 1629 Flor

223 1614 276 1674 der
298 1616 521 1676 französischen
553 1619 819 1679 Manufacturen
846 1619 1085 1679 größtentheils
1112 1617 1165 1677 auf
1192 1619 1239 1679 die

227 1664 406 1724 Rechnung
433 1667 533 1727 dieser
555 1667 803 1727 Bemühungen
830 1667 988 1727 gehören.
1063 1667 1136 1727 Die
1158 1664 1247 1724 Vor¬

224 1712 324 1772 theile
344 1712 396 1772 der
421 1714 680 1774 gegenwärtigen
714 1712 863 1772 Arbeiten
892 1712 944 1772 der
964 1711 1161 1771 Akademie,
1176 1709 1252 1769 wel¬

222 1757 274 1817 che
299 1757 361 1817 Hr.
385 1757 418 1817 v.
438 1757 558 1817 Justi
578 1757 625 1817 ins
650 1757 812 1817 Deutsche
832 1755 1010 1815 übersetzt,
1039 1757 1096 1817 und
1126 1754 1159 1814 sie
1188 1753 1240 1813 für

227 1802 290 1862 uns
317 1801 480 1861 Deutsche
497 1804 676 1864 brauchbar
703 1805 866 1865 gemacht,
898 1804 993 1864 fallen
1030 1801 1056 1861 zu
1094 1799 1241 1859 offenbar

227 1849 257 1909 in
284 1849 329 1909 die
356 1852 494 1912 Augen,
521 1851 566 1911 als
598 1851 649 1911 daß
680 1852 737 1912 wir
758 1852 819 1912 uns
851 1852 928 1912 über
959 1849 1128 1909 dieselbige
1155 1848 1247 1908 weit¬

223 1900 345 1960 läuftig
372 1902 525 1962 auslaßen
557 1903 683 1963 sollten.
732 1900 859 1960 Unsere
881 1900 959 1960 Leser
987 1900 1113 1960 werden
1140 1900 1245 1960 damit

228 1954 387 2014 zufrieden
419 1954 506 2014 seyn,
528 1951 578 2011 daß
605 1951 661 2011 wir
682 1951 754 2011 blos
781 1951 827 2011 die
843 1951 1049 2011 Handwerke
1070 1951 1131 2011 und
1153 1951 1245 2011 Kün¬

225 2001 267 2061 ste
299 2002 467 2062 angeben,
494 2002 551 2062 aus
589 2002 725 2062 welchen
763 2002 841 2062 diese
879 2003 889 2063 3
927 2002 1047 2062 Theile
1079 2002 1242 2062 bestehen.

227 2053 278 2113 Im
320 2049 397 2109 1sten
429 2049 547 2109 kommt
569 2049 645 2109 vor,
662 2051 708 2111 die
729 2049 837 2109 Kunst
859 2050 904 2110 des
931 2049 1251 2109 Kohlenbrennens,

229 2099 302 2159 oder
329 2100 376 2160 die
398 2100 460 2160 Art
482 2100 539 2160 und
561 2099 682 2159 Weise,
698 2100 756 2160 aus
783 2100 867 2160 Holz
889 2100 1015 2160 Kohlen
1042 2100 1067 2160 zu
1094 2100 1242 2160 machen.

232 2147 301 2207 Die
318 2150 420 2210 Kunst
437 2151 490 2211 des
507 2151 739 2211 Lichtziehens.
761 2151 842 2211 Das
864 2151 1139 2211 Ankerschmieden
1166 2151 1236 2211 oder

228 2197 279 2257 die
305 2199 439 2259 Fabrike
461 2199 511 2259 der
533 2199 656 2259 Anker.
708 2199 780 2259 Der
801 2199 925 2259 Nadler
951 2201 1023 2261 oder
1044 2199 1090 2259 die
1112 2199 1245 2259 Verfer¬

227 2246 343 2306 tigung
370 2247 417 2307 der
444 2249 596 2309 Nadeln.
665 2246 739 2306 Die
761 2246 866 2306 Kunst
888 2249 1019 2309 Papier
1041 2249 1066 2309 zu
1099 2249 1246 2309 machen.

227 2294 306 2354 Der
333 2294 449 2354 zweyte
465 2295 565 2355 Theil
586 2297 729 2357 enthält,
740 2296 956 2356 Abhandlung
978 2299 1030 2359 von
1057 2297 1246 2357 Eisenham=

227 2344 320 2404 mern
346 2347 409 2407 und
435 2342 534 2402 hohen
565 2342 685 2402 Oefen.
758 2345 836 2405 Die
857 2346 966 2406 Kunst
987 2348 1033 2408 des
1065 2345 1257 2405 Wachszie¬

229 2396 334 2456 hens.
361 2396 429 2456 Die
456 2393 561 2453 Kunst
583 2393 794 2453 Pergament
811 2393 842 2453 zu
869 2396 1016 2456 machen.
1043 2396 1111 2456 Die
1138 2396 1243 2456 Kunst

229 2443 290 2503 das
322 2446 507 2506 vergoldete
538 2443 600 2503 und
626 2443 812 2503 versilberte
838 2444 930 2504 Leder
962 2446 992 2506 zu
1029 2446 1245 2506 verfertigen.

223 2491 302 2551 Die
329 2497 440 2557 Kunst
467 2494 519 2554 den
551 2491 704 2551 Schiefer
737 2491 795 2551 aus
827 2494 879 2554 den
917 2494 1160 2554 Steinbrüchen
1203 2497 1234 2557 zu

219 2544 377 2604 brechen.
440 2546 490 2606 Im
536 2542 603 2602 3ten
632 2539 733 2599 Theil
751 2539 790 2599 ist
813 2539 857 2599 die
875 2545 1078 2605 Fortsetzung
1107 2542 1157 2602 der
1180 2544 1242 2604 Ab¬

223 2595 393 2655 handlung
420 2590 473 2650 von
500 2593 771 2653 Eisenhammern
804 2590 861 2650 und
889 2590 989 2650 hohen
1017 2590 1138 2650 Oefen,
1155 2593 1239 2653 nebst

233 2641 280 2701 der
302 2643 523 2703 Abhandlung
550 2641 603 2701 des
630 2641 756 2701 Grafen
783 2638 909 2698 Solms
936 2641 1068 2701 Baruth
1095 2641 1152 2701 von
1179 2643 1231 2703 den

228 2691 327 2751 hohen
361 2693 454 2753 Oefen
483 2691 510 2751 in
538 2688 776 2748 Deutschland.
837 2684 909 2744 Die
926 2690 1036 2750 Kunst
1053 2691 1169 2751 Karten
1197 2691 1229 2751 zu

222 2739 376 2799 machen.
435 2742 509 2802 Die
536 2742 642 2802 Kunst
669 2739 722 2799 der
755 2734 1073 2794 Seidenfarberey,
1101 2742 1158 2802 und
1191 2741 1243 2801 die

224 2790 337 2850 Kunst
354 2790 488 2850 Pappen
521 2790 547 2850 zu
575 2790 725 2850 machen.
775 2785 876 2845 Unser
899 2786 1055 2846 Verleger
1088 2790 1146 2850 hat
1174 2790 1222 2850 den

228 2838 347 2898 Verlag
374 2838 472 2898 dieses
500 2838 619 2898 Werks
653 2840 685 2900 an
729 2840 777 2900 sich
810 2835 984 2895 gekaufet,
1017 2838 1077 2898 und
1110 2841 1245 2901 gedenkt

230 2891 278 2951 den
310 2892 377 2952 4ten
408 2891 506 2951 Theil
525 2891 618 2951 gleich
643 2891 710 2951 nach
735 2891 894 2951 Neujahr
921 2891 944 2951 zu
976 2894 1104 2954 liefern.
1160 2894 1240 2954 Da=

1274 339 1336 399 mit
1359 336 1455 396 dieses
1478 341 1602 401 Werk,
1636 346 1765 406 welches
1794 348 1822 408 in
1851 346 1901 406 der
1924 344 2076 404 Policey=
2094 344 2155 404 und
2179 346 2297 406 Came¬

1279 388 1544 448 ralwissenschaft
1577 395 1821 455 unentbehrlich
1854 398 1920 458 ist,
1966 395 2037 455 auch
2076 392 2103 452 in
2137 394 2291 454 Preußen

1279 440 1485 500 allgemeiner
1519 443 1649 503 werde;
1677 446 1703 506 so
1737 446 1790 506 hat
1818 444 1867 504 Er
1900 445 1948 505 sich
1982 443 2205 503 entschlossen,
2238 445 2302 505 die¬

1278 488 1306 548 se
1329 485 1340 545 3
1375 488 1488 548 Theile
1517 491 1567 551 bis
1591 494 1681 554 Ende
1716 494 1766 554 des
1796 494 1960 554 Februars
1995 497 2045 557 für
2074 497 2091 557 9
2120 491 2238 551 Rthlr.
2262 494 2289 554 zu

1277 536 1398 596 laßen,
1441 541 1558 601 welche
1590 543 1658 603 nach
1691 545 1786 605 dieser
1814 545 1882 605 Zeit
1904 545 1988 605 nicht
2016 546 2137 606 anders
2169 541 2211 601 als
2244 541 2275 601 um

1279 586 1331 646 den
1358 588 1596 648 gewöhnlichen
1623 595 1722 655 Preis
1749 595 1807 655 von
1840 597 1876 657 12
1898 598 2013 658 Rthlr.
2035 598 2198 658 verkaufet
2220 595 2299 655 wer=

1283 637 1331 697 den
1362 638 1508 698 können.

1335 813 1687 873 „Neujahrsgeschenk
1712 816 1762 876 für
1788 816 1844 876 das
1876 816 1982 876 schöne
2008 816 2190 876 Geschlecht
2216 817 2290 877 aufs

1282 851 1404 911 "Jahr
1429 861 1539 921 1765.
1621 864 1681 924 Ein
1713 864 1786 924 klein
1811 864 1903 924 Buch
1934 867 2014 927 einen
2045 867 2118 927 Zoll
2138 867 2241 927 lang,
2267 867 2291 927 so

1283 905 1312 965 in
1348 912 1553 972 verguldetem
1599 912 1769 972 Saffian,
1800 915 1860 975 wie
1890 915 1960 975 auch
1996 915 2020 975 in
2056 918 2206 978 Sammt
2232 917 2291 977 und

1285 957 1380 1017 Atlas
1407 960 1465 1020 mit
1487 963 1640 1023 goldenen
1672 963 1729 1023 und
1757 963 1904 1023 silbernen
1931 963 2053 1023 Tressen
2085 966 2207 1026 besetzt,
2223 966 2296 1026 aufs

1282 1005 1441 1065 sauberste
1462 1010 1704 1070 eingebunden.
1756 1013 1802 1073 In
1833 1010 2008 1070 demselben
2040 1013 2101 1073 sind
2127 1013 2178 1073 die
2199 1016 2302 1076 Bild¬

1284 1055 1357 1115 nisse
1384 1056 1421 1116 15
1458 1058 1690 1118 berühmtester
1722 1059 1880 1119 deutscher
1902 1058 2139 1118 Schriftsteller
2171 1061 2297 1121 enthal¬

1277 1103 1349 1163 ten,
1375 1107 1515 1167 nämlich
1542 1109 1593 1169 der
1620 1109 1781 1169 "Madam
1823 1107 2041 1167 Unzerin,
2073 1109 2125 1169 der
2151 1109 2275 1169 Madam

1308 1155 1543 1215 Karschin,
1580 1160 1634 1220 der
1659 1160 1786 1220 Herren
1817 1160 1865 1220 J.
1896 1157 1944 1217 E.
1975 1157 2211 1217 Schlegel,
2236 1157 2290 1217 von

1279 1203 1545 1263 „Chroneck,
1581 1210 1817 1270 Rabener,
1847 1207 2041 1267 Sulzer,
2078 1209 2301 1269 Wieland,

1281 1255 1471 1315 "Lange,
1496 1261 1698 1321 Withof,
1730 1258 1963 1318 Lichtwer,
1994 1258 2153 1318 Dusch,
2185 1259 2301 1319 Käst¬

1283 1301 1407 1361 "ner,
1431 1306 1554 1366 Rost,
1578 1308 1634 1368 von
1663 1309 1981 1369 Gerstenberg,
2004 1306 2175 1366 Ebert."
2232 1306 2305 1366 Je¬

1281 1354 1336 1414 dem
1375 1356 1547 1416 Bildnisse
1569 1357 1630 1417 sind
1652 1357 1758 1417 artige
1780 1356 1879 1416 Verse
1903 1363 2118 1423 beygefüget,
2152 1360 2213 1420 und
2246 1359 2301 1419 ste¬

1285 1407 1335 1467 het
1358 1404 1408 1464 bey
1438 1406 1488 1466 dem
1534 1407 1698 1467 Bildnisse
1721 1406 1771 1466 der
1800 1409 1930 1469 Madam

1483 1482 1652 1542 Johanna
1686 1485 1884 1545 Charlotta
1923 1488 2087 1548 Unzerin.

1406 1530 1548 1590 Nymphen
1577 1530 1624 1590 und
1648 1530 1767 1590 Najaden

1403 1567 1541 1627 Horchten
1567 1568 1614 1628 auf
1636 1567 1679 1627 der
1701 1569 1764 1629 Flur
1795 1571 1842 1631 und
1873 1569 1898 1629 an
1929 1572 2131 1632 Schilfgestaden

1403 1608 1451 1668 Als
1477 1608 1517 1668 der
1539 1605 1649 1665 silberne
1671 1607 1773 1667 Gesang

1403 1644 1461 1704 Aus
1487 1643 1529 1703 der
1551 1643 1676 1703 Schönen
1706 1643 1794 1703 Mund
1816 1643 1933 1703 erklang.

1568 1697 1657 1757 Anna
1690 1694 1808 1754 Louisa
1837 1694 2016 1754 Karschin.

1407 1736 1444 1796 In
1471 1733 1570 1793 niederm
1608 1733 1699 1793 Stand
1726 1731 1779 1791 war
1802 1732 1828 1792 sie
1852 1733 1893 1793 vom
1932 1734 2011 1794 Glück
2030 1736 2159 1796 versteckt,

1403 1775 1479 1835 Doch
1506 1772 1578 1832 Geist
1596 1769 1643 1829 und
1669 1771 1759 1831 Poesie
1776 1772 1824 1832 hat
1846 1772 1871 1832 sie
1893 1772 1935 1832 der
1957 1775 2030 1835 Welt
2052 1775 2176 1835 entdeckt.

1546 1837 1687 1897 Johann
1721 1834 1820 1894 Elias
1853 1839 2037 1899 Schlegel.

1403 1885 1575 1945 Melpomene
1600 1886 1713 1946 beweint
1735 1885 1776 1945 des
1802 1885 1894 1945 großen
1924 1887 2062 1947 Schlegels
2087 1891 2175 1951 Grab,

1402 1927 1462 1987 Der
1484 1927 1526 1987 den
1548 1924 1668 1984 Kothurn
1699 1924 1776 1984 zuerst
1798 1924 1836 1984 der
1858 1927 1987 1987 deutschen
2018 1930 2090 1990 Muse
2112 1933 2176 1993 gab.

1470 1996 1608 2056 Johann
1638 1993 1810 2053 Friedrich
1840 1993 1899 2053 von
1934 1996 2106 2056 Cronegk.

1277 2040 1314 2100 Er
1339 2042 1393 2102 glich
1423 2040 1447 2100 an
1477 2040 1556 2100 feinem
1589 2038 1656 2098 Witz
1677 2040 1723 2100 und
1748 2040 1773 2100 an
1802 2040 1902 2100 Gefühl
1923 2042 2056 2102 Racinen,

1278 2079 1371 2139 Starb
1396 2081 1430 2141 alt
1450 2079 1479 2139 an
1504 2079 1607 2139 wahrem
1647 2079 1720 2139 Ruhm
1755 2079 1779 2139 zu
1805 2079 1863 2139 früh
1889 2081 1927 2141 für
1953 2082 2144 2142 Deutschlands
2164 2091 2301 2151 Bühnen,

1499 2142 1667 2202 Gottlieb
1701 2145 1855 2205 Wilhelm
1898 2150 2076 2210 Rabener.

1311 2188 1365 2248 Ihr
1388 2190 1451 2250 treft
1474 2190 1515 2250 den
1542 2188 1669 2248 deutschen
1697 2187 1787 2247 Swift
1806 2187 1828 2247 in
1856 2190 1978 2250 Nabners
2002 2194 2097 2254 Satyr
2120 2199 2165 2259 an,

1313 2233 1437 2293 Fürcht't
1457 2231 1538 2291 seiner
1558 2229 1653 2289 Geißel
1673 2229 1793 2289 Schlag,
1817 2231 1865 2291 und
1889 2231 1965 2291 hasset
1990 2234 2057 2294 nicht
2077 2238 2119 2298 den
2144 2244 2249 2304 Mann.

1549 2298 1687 2358 Johann
1723 2297 1843 2357 Georg
1880 2300 2031 2360 Sulzer.

1342 2348 1401 2408 Der
1424 2343 1583 2403 Schöpfung
1606 2343 1756 2403 Schönheit
1780 2342 1820 2402 hat
1844 2342 1893 2402 uns
1916 2345 2012 2405 Sulzer
2035 2352 2217 2412 angepriesen,

1350 2390 1405 2450 Hat
1424 2386 1559 2446 Weisheit
1578 2383 1596 2443 in
1625 2384 1732 2444 Natur,
1751 2384 1769 2444 in
1798 2384 1928 2444 Weisheit
1952 2384 2026 2444 Glück
2050 2390 2185 2450 gewiesen.

1619 2452 1656 2512 C.
1686 2452 1738 2512 M.
1772 2455 1944 2515 Wieland.

1345 2502 1449 2562 Gleicht
1468 2499 1590 2559 Wieland
1614 2498 1654 2558 dem
1687 2500 1778 2560 Lucrez
1796 2500 1823 2560 an
1846 2503 2056 2563 philosophschem
2093 2512 2174 2572 Geist.

1342 2542 1387 2602 So
1415 2542 1542 2602 übertrift
1561 2538 1583 2598 er
1607 2537 1669 2597 ihn,
1688 2539 1747 2599 weil
1766 2539 1793 2599 er
1816 2539 1852 2599 die
1875 2541 1980 2601 Tugend
2003 2544 2093 2604 preist.

1524 2599 1680 2659 Samuel
1711 2602 1884 2662 Sotthold
1924 2608 2044 2668 Lange.

1466 2642 1530 2702 Der
1551 2641 1624 2701 Alten
1649 2644 1771 2704 würdger
1796 2647 1897 2707 Sohn;

1466 2682 1535 2742 Voll
1556 2682 1596 2742 von
1626 2682 1802 2742 dichterischem
1835 2686 1937 2746 Feuer,

1463 2721 1593 2781 Stimmt
1615 2721 1639 2781 er
1660 2724 1737 2784 zuerst
1758 2724 1795 2784 die
1815 2727 1930 2787 deutsche
1955 2732 2028 2792 Leyer

1466 2760 1504 2820 In
1529 2760 1639 2820 Flaccus
1665 2763 1732 2823 edlen
1759 2763 1830 2823 Ton.

1606 2827 1655 2887 M.
1686 2829 1730 2889 G.
1760 2830 1963 2890 Lichtwehr.

1342 2873 1439 2933 Aesops
1464 2873 1722 2933 Erfindungskraft,
1736 2876 1872 2936 Fontains
1896 2879 2037 2939 Näivität,

1340 2915 1389 2975 Jst
1404 2915 1463 2975 was
1488 2915 1522 2975 ihr
1542 2918 1601 2978 stets
1626 2919 1729 2979 vereint
1750 2921 1769 2981 in
1799 2921 1952 2981 Lichtwehrs
1977 2920 2075 2980 Fabeln
2100 2916 2158 2976 seht.

2218 2957 2270 3017 Jo
