2479 3508
158 306 327 366 schlagen,
356 303 417 363 und
441 300 480 360 sie
497 294 689 354 gleichwohl
712 291 779 351 stets
808 294 1006 354 vermissen?
1040 294 1147 354 Komm

153 353 216 413 du!
243 352 296 412 die
318 353 349 413 du
382 349 423 409 die
450 346 620 406 Menschen
652 345 705 405 der
722 345 881 405 Gottheit
897 345 1024 405 ähnlich
1051 345 1077 405 zu
1109 344 1172 404 ma¬

155 404 227 464 chen
256 403 408 463 bemühet
426 398 504 458 bist!
533 397 628 457 Leiste
652 398 662 458 o
680 398 837 458 mächtige
861 397 1012 457 Religion
1041 395 1170 455 verzag¬

178 562 336 622 Beschluß
365 557 421 617 des
450 559 682 619 abgebrochnen
716 560 857 620 Artikels
886 563 942 623 von
972 563 1152 623 Dresden.

204 610 278 670 Auf
299 607 346 667 der
368 604 484 664 andern
516 604 606 664 Ecke,
638 607 764 667 unten,
792 610 828 670 ist
855 610 923 670 noch
961 611 1003 671 ein
1040 610 1172 670 derglei¬

154 660 225 720 chen
254 658 457 718 Zifferblatt,
486 655 541 715 und
569 657 624 717 auf
647 658 817 718 demselben
846 661 890 721 ein
924 658 1067 718 Weiser,
1095 660 1172 720 wel¬

157 709 225 769 cher
252 709 299 769 die
326 705 362 765 12
400 705 547 765 Monate
574 706 664 766 nebst
691 706 743 766 den
781 706 822 766 12
860 712 1171 772 Himmelszeichen,

157 757 290 817 weiset;
317 756 378 816 und
405 754 477 814 oben
514 756 549 816 an
581 756 627 816 der
648 754 767 814 vierten
793 759 870 819 Ecke
886 760 922 820 ist
943 762 1009 822 noch
1036 762 1077 822 ein
1109 760 1175 820 der¬

155 807 293 867 gleichen
323 804 507 864 Zifferblatt
531 804 588 864 und
617 804 756 864 Weiser,
780 809 930 869 wodurch
953 811 1005 871 der
1023 810 1172 870 Perpen¬

152 857 263 917 dickel,
285 854 407 914 mittels
436 850 485 910 des
513 852 679 912 Weisers,
702 855 774 915 lang
814 858 874 918 und
908 861 980 921 kurz
1014 858 1169 918 gezogen,

156 906 216 966 und
245 903 288 963 die
311 903 399 963 Uhre
422 903 554 963 langsam
599 903 670 963 oder
698 904 897 964 geschwinde
925 909 1063 969 gestellet
1091 908 1168 968 wer¬

149 955 204 1015 den
232 954 331 1014 kann.
382 955 432 1015 In
466 954 515 1014 dem
555 954 671 1014 grossen
705 957 888 1017 Zifferblatt
911 960 943 1020 ist
966 960 1004 1020 ein
1033 960 1171 1020 derglei¬

154 1004 218 1064 chen
256 1004 435 1064 kleineres,
463 1004 548 1064 nebst
576 1002 662 1062 einem
712 1007 857 1067 Weiser,
880 1009 934 1069 der
961 1008 1009 1068 die
1032 1009 1172 1069 Secun¬

158 1055 205 1115 den
242 1055 350 1115 zeigt;
387 1055 447 1115 auf
478 1055 532 1115 dem
581 1052 695 1112 grossen
732 1058 931 1118 Zifferringe
974 1058 1065 1118 selbst
1095 1058 1167 1118 aber

157 1104 215 1164 sind
242 1106 289 1166 die
310 1106 468 1166 Stunden
506 1103 563 1163 und
601 1101 759 1161 Minuten
797 1106 1007 1166 angemerkt.
1077 1106 1155 1166 Bey

157 1154 209 1214 der
234 1154 333 1214 Ziffer
357 1154 421 1214 III.
445 1152 539 1212 gehet
569 1151 609 1211 ein
645 1151 746 1211 Stift
770 1157 916 1217 heraus,
946 1159 1075 1219 welcher
1105 1157 1163 1217 mit

154 1202 206 1262 den
238 1201 438 1261 Buchstaben
465 1198 497 1258 S.
518 1198 565 1258 N.
582 1198 639 1258 und
666 1198 697 1258 S.
719 1203 840 1263 notiret
867 1204 919 1264 ist,
946 1206 1003 1266 und
1041 1207 1167 1267 Schla=

154 1253 207 1313 gen
235 1249 304 1309 oder
327 1249 592 1309 Nichtschlagen,
620 1249 787 1309 anzeiget;
820 1255 955 1315 indem,
989 1255 1074 1315 wenn
1113 1254 1161 1314 die

156 1303 241 1363 Uhre
258 1297 308 1357 von
337 1295 387 1355 sich
411 1299 501 1359 selbst
524 1297 603 1357 nicht
626 1299 762 1359 schlagen
785 1302 858 1362 soll,
870 1306 938 1366 man
961 1305 1068 1365 solchen
1091 1303 1164 1363 wie¬

156 1351 205 1411 der
222 1348 371 1408 herunter
400 1348 515 1408 ziehet,
532 1348 559 1408 da
588 1345 620 1405 sie
643 1348 720 1408 dann
748 1352 920 1412 dasjenige
942 1354 1074 1414 schlägt,
1091 1351 1152 1411 was

152 1402 202 1462 der
226 1398 350 1458 Weiser
373 1399 521 1459 anzeigt.
567 1399 675 1459 Ueber
698 1401 749 1461 der
772 1402 868 1462 Ziffer
892 1402 954 1462 VI.
966 1402 1005 1462 ist
1023 1402 1062 1462 ein
1085 1399 1164 1459 vier¬

151 1447 278 1507 eckigtes
306 1444 394 1504 Loch,
423 1445 521 1505 worin
556 1446 599 1506 sich
628 1447 710 1507 jeder
738 1452 943 1512 Monatstag
966 1452 1076 1512 täglich
1099 1449 1153 1509 von

152 1499 244 1559 selbst
268 1494 425 1554 darstellt.

497 1495 570 1555 Bey
604 1496 655 1556 der
684 1497 780 1557 Ziffer
803 1499 865 1559 IX.
883 1503 990 1563 gehet,
1020 1502 1076 1562 wie
1099 1500 1155 1560 bey

151 1548 200 1608 der
228 1548 322 1608 Ziffer
345 1543 410 1603 III.
427 1544 471 1604 ein
499 1545 598 1605 Stift
621 1548 759 1608 heraus,
792 1551 852 1611 mit
881 1551 930 1611 N.
958 1551 1018 1611 und
1047 1550 1090 1610 R.
1113 1546 1162 1606 be¬

148 1596 306 1656 zeichnet,
343 1596 480 1656 welches
512 1597 692 1657 Repetiren
729 1599 787 1659 und
819 1599 1082 1659 Nichtrepetiren
1115 1597 1162 1657 be¬

146 1649 270 1709 deutet,
293 1646 338 1706 so,
367 1644 423 1704 daß
452 1646 537 1706 wenn
572 1649 640 1709 man
669 1647 764 1707 diesen
794 1649 896 1709 Stift
919 1649 947 1709 in
987 1652 1032 1712 die
1061 1649 1157 1709 Höhe

148 1700 251 1760 zieht,
275 1697 320 1757 die
344 1697 430 1757 Uhre
454 1697 534 1757 nicht
558 1700 725 1760 repetiret,
749 1700 904 1760 hingegen
940 1703 1031 1763 aber,
1061 1700 1147 1760 wenn

152 1748 220 1808 man
250 1748 382 1808 selbigen
412 1745 527 1805 wieder
551 1748 579 1808 an
614 1748 713 1808 seinen
742 1748 811 1808 Ort
829 1753 979 1813 herunter
1002 1751 1088 1811 läßt,
1106 1753 1163 1813 sol¬

149 1796 198 1856 che
218 1796 365 1856 allemal,
390 1793 414 1853 so
440 1793 489 1853 oft
509 1793 577 1853 man
608 1793 636 1853 an
666 1793 720 1853 der
741 1799 1090 1859 herunterhangenden
1115 1796 1163 1856 sei¬

145 1845 238 1905 denen
268 1839 426 1899 Schnure
447 1840 550 1900 zieht,
575 1840 624 1900 die
654 1840 812 1900 Stunden
842 1841 901 1901 und
926 1843 1074 1903 Viertel,
1089 1842 1162 1902 wel¬

149 1894 193 1954 che
217 1891 267 1951 die
290 1889 415 1949 Weiser
433 1888 563 1948 zeigen,
586 1888 818 1948 wiederholet.
887 1891 1159 1951 Solchergestalt

147 1946 184 2006 ist
206 1943 260 2003 auf
282 1941 330 2001 dem
374 1939 580 1999 Zifferblatte
603 1939 645 1999 die
668 1939 781 1999 größte
814 1939 1031 1999 Symmetrie
1058 1942 1161 2002 anzu¬

141 1993 278 2053 treffen.
326 1990 463 2050 Kenner
485 1987 590 2047 mögen
627 1987 844 2047 entscheiden,
876 1987 913 2047 ob
945 1990 1161 2050 vorbeschrie¬

147 2043 243 2103 benes
266 2037 422 2097 Uhrwerk
445 2037 493 2097 die
516 2037 634 2097 Werke
657 2037 710 2097 der
739 2040 933 2100 Engländer
961 2040 1020 2100 und
1053 2040 1161 2100 Fran¬

146 2092 230 2152 zosen
259 2088 286 2148 in
315 2088 416 2148 dieser
440 2086 501 2146 Art
519 2088 705 2148 übertreffe,
734 2088 807 2148 oder
830 2088 937 2148 nicht?
989 2091 1078 2151 Man
1107 2091 1157 2151 be¬

147 2141 266 2201 merket
295 2136 362 2196 hier
396 2136 458 2196 nur
493 2136 583 2196 noch,
612 2136 668 2196 daß
708 2136 844 2196 derselbe
890 2142 1042 2202 Künstler
1076 2142 1149 2202 auch

148 2194 242 2254 große
266 2190 331 2250 und
356 2187 449 2247 kleine
474 2187 580 2247 Uhren
610 2184 633 2244 in
663 2187 710 2247 der
740 2187 870 2247 größten
906 2192 1160 2252 Vollkommen¬

145 2242 215 2302 heit
237 2237 437 2297 verfertiget,
465 2234 572 2294 welche
600 2234 691 2294 denen
719 2236 767 2296 die
789 2237 859 2297 man
886 2240 940 2300 itzt
957 2240 1016 2300 aus
1038 2240 1156 2300 Frank¬

152 2293 229 2353 reich
251 2288 311 2348 und
340 2287 395 2347 aus
423 2285 472 2345 der
500 2285 666 2345 Schweitz
689 2285 809 2345 erhält,
838 2288 881 2348 wo
910 2288 992 2348 nicht
1004 2291 1036 2351 an
1059 2288 1152 2348 Güte

147 2339 378 2399 vorkommen,
401 2336 467 2396 doch
490 2336 523 2396 an
551 2336 689 2396 Ansehen
717 2336 777 2396 und
805 2339 855 2399 der
872 2342 982 2402 innern
1005 2339 1154 2399 Beschaf=

149 2391 276 2451 senheit
301 2388 398 2448 gleich
423 2384 587 2444 kommen.

397 2435 601 2495 Leipzig,
633 2435 688 2495 den
726 2435 788 2495 12.
813 2436 905 2496 Dec.

200 2485 240 2545 Es
275 2485 419 2545 befindet
449 2485 495 2545 sich
530 2482 692 2542 hierselbst
721 2485 941 2545 gegenwärtig
976 2488 1045 2548 eine
1069 2485 1160 2545 Per¬

149 2538 219 2598 son,
241 2536 354 2596 welche
382 2536 592 2596 zerbrochnes
625 2533 722 2593 feines
756 2536 939 2596 Porcellain
977 2537 1036 2597 mit
1064 2536 1150 2596 einer

146 2588 337 2648 chymischen
366 2587 477 2647 Masse
501 2584 529 2644 im
570 2584 674 2644 Feuer
698 2586 814 2646 wieder
838 2589 1156 2649 zusammenschmel=

143 2642 210 2702 zet,
235 2639 259 2699 so
284 2635 339 2695 daß
364 2636 394 2696 es
419 2636 511 2696 gleich
543 2634 591 2694 dem
629 2635 745 2695 andern
776 2638 966 2698 Porcellain
998 2641 1059 2701 fest
1084 2641 1145 2701 und

146 2689 279 2749 haltbar
299 2682 356 2742 ist.

251 2737 386 2797 Auszug
411 2733 498 2793 eines
523 2730 733 2790 Schreibens
758 2732 812 2792 aus
839 2737 1054 2797 Bückeburg,

498 2779 549 2839 den
597 2781 659 2841 20.
691 2781 788 2841 Nov.

193 2841 293 2901 Unter
329 2835 424 2895 denen
466 2832 738 2892 wohlerfundnen
775 2835 977 2895 Inschriften
1013 2838 1065 2898 der
1090 2838 1154 2898 Er¬

142 2897 335 2957 leuchtung,
350 2888 466 2948 womit
488 2888 528 2948 die
550 2885 673 2945 Fürstl.
688 2885 770 2945 Frau
799 2888 929 2948 Mutter
950 2891 1039 2951 ihren
1068 2891 1157 2951 wür=

1206 294 1255 354 ten
1283 294 1405 354 Herzen
1433 294 1498 354 hier
1521 294 1626 354 deinen
1655 297 1870 357 beseligenden
1898 297 2042 357 Dienst,
2076 297 2136 357 und
2164 296 2225 356 leh¬

1205 342 1241 402 re
1263 345 1299 405 sie
1321 345 1421 405 wider
1443 345 1490 405 die
1512 345 1606 405 Hand
1633 348 1718 408 ihres
1745 351 1903 411 Urhebers
1930 351 2014 411 nicht
2031 345 2225 405 widerspen¬

1209 397 1261 457 stig
1288 392 1441 452 murren.

1206 560 1300 620 digen
1336 560 1465 620 Sohn,
1495 560 1554 620 den
1590 560 1648 620 aus
1678 560 1861 620 Portugall
1886 560 2097 620 angelangten
2127 557 2215 617 Gra¬

1209 608 1249 668 fen
1291 607 1353 667 von
1395 607 1446 667 der
1482 607 1580 667 Lippe
1617 610 1895 670 bewillkommte,
1916 607 1998 667 blieb
2035 605 2086 665 der
2118 606 2221 666 Held,

1209 658 1336 718 welcher
1358 658 1394 718 an
1427 658 1474 718 der
1502 658 1601 718 Hand
1623 658 1676 718 der
1698 658 1825 718 Fürstin
1852 656 1931 716 diese
1953 654 2048 714 ganze
2070 654 2223 714 Erleuch¬

1203 711 1278 771 tung
1306 709 1506 769 durchging,
1528 709 1560 769 am
1604 709 1739 769 längsten
1772 709 1804 769 an
1838 709 1886 769 der
1903 706 2081 766 Piramide
2109 706 2217 766 stehn,

1208 760 1309 820 woran
1353 757 1400 817 die
1433 760 1668 820 großmüthige
1706 760 1920 820 Handlung,
1953 754 2006 814 als
2044 754 2075 814 er
2103 754 2129 814 in
2167 754 2220 814 der

1205 807 1359 867 Schlacht
1381 807 1434 867 bey
1462 810 1605 870 Minden
1638 807 1723 867 einem
1766 807 1872 867 schwer
1894 801 2118 861 verwundeten
2151 803 2209 863 und

1204 858 1501 918 ausgeplünderten
1540 858 1730 918 feindlichen
1768 857 1903 917 Officier
1936 849 2038 909 seinen
2077 852 2217 912 Mantel

1205 909 1266 969 und
1294 909 1377 969 seine
1400 909 1505 969 Börse
1528 909 1639 969 reichen
1673 909 1762 969 ließ,
1790 904 1980 964 geschildert
1997 903 2080 963 war.
2142 900 2213 960 Die

1208 960 1383 1020 Piramide
1406 960 1514 1020 sagte:
1543 960 1667 1020 Solche
1690 958 1905 1018 Handlungen
1940 951 2036 1011 haben
2065 948 2212 1008 göttliche

1202 1009 1318 1069 Reize.
1380 1007 1429 1067 Es
1458 1010 1641 1070 befremder
1670 1007 1758 1067 uns,
1792 1006 1847 1066 daß
1887 1004 1992 1064 einige
2032 1000 2209 1060 öffentliche

1195 1059 1407 1119 Nachrichten
1457 1058 1516 1118 von
1566 1059 1680 1119 unserm
1741 1056 1926 1116 gnädigsten
1976 1049 2204 1109 Landesherrn

1203 1109 1384 1169 schreiben:
1408 1107 1458 1167 Er
1481 1110 1561 1170 habe
1584 1109 1696 1169 50000
1732 1107 1844 1167 Pfund
1879 1103 1907 1163 zu
1936 1102 2061 1162 London
2101 1099 2129 1159 in
2164 1098 2214 1158 die

1195 1160 1378 1220 öffentliche
1400 1159 1507 1219 Fonds
1535 1160 1712 1220 eingelegt;
1761 1155 1815 1215 das
1848 1154 1879 1214 ist
1902 1149 1971 1209 aber
1993 1151 2122 1211 gewiß,
2144 1148 2198 1208 daß

1194 1207 1246 1267 ihn
1284 1204 1331 1264 der
1364 1207 1470 1267 König
1508 1207 1566 1267 von
1604 1204 1753 1264 England
1791 1202 1881 1262 durch
1919 1201 1961 1261 ein
1988 1197 2115 1257 Patent
2137 1196 2190 1256 vom

1201 1255 1302 1315 28sten
1339 1255 1477 1315 October
1508 1257 1556 1317 zum
1605 1252 1996 1312 Generalfeldmarschall
2021 1249 2123 1309 seiner
2148 1249 2208 1309 Ar¬

1200 1304 1264 1364 mee
1288 1306 1429 1366 ernennt
1447 1306 1517 1366 hat.

1471 1381 1652 1441 Ystadt,
1677 1381 1728 1441 den
1764 1378 1828 1438 19.
1852 1376 1952 1436 Nov.

1251 1438 1335 1498 Man
1367 1440 1546 1500 vernimmt
1568 1440 1620 1500 von
1652 1438 1751 1498 vielen
1778 1437 1978 1497 Unglücken,
2010 1434 2126 1494 welche
2147 1431 2199 1491 der

1201 1488 1252 1548 vor
1279 1490 1345 1550 acht
1366 1491 1475 1551 Tagen
1507 1488 1666 1548 gewesene
1693 1488 1802 1548 Sturm
1844 1485 1895 1545 zur
1921 1482 1994 1542 See
2025 1482 2211 1542 verursacht

1341 1539 1439 1599 Unter
1470 1539 1588 1599 andern
1625 1537 1780 1597 berichtet
1812 1535 1883 1595 eine
1915 1532 2064 1592 Person,
2091 1532 2137 1592 die
2168 1530 2193 1590 in

1202 1539 1275 1599 hat.

1197 1588 1382 1648 Stralsund
1409 1587 1441 1647 an
1473 1585 1568 1645 Bord
1596 1587 1680 1647 eines
1707 1587 1775 1647 nach
1802 1584 2020 1644 Gothenburg
2047 1581 2211 1641 bestimm¬

1192 1636 1240 1696 ten
1268 1637 1478 1697 Fahrzeuges
1506 1637 1668 1697 gegangen
1701 1637 1781 1697 war,
1809 1635 1862 1695 daß
1901 1634 1998 1694 dieses
2031 1631 2198 1691 Fahrzeug

1193 1690 1253 1750 mit
1276 1688 1309 1748 16
1343 1688 1509 1748 Personen
1538 1688 1682 1748 zwischen
1716 1686 1849 1746 Malmö
1883 1683 1944 1743 und
1978 1682 2199 1742 Helsingburg

1197 1741 1373 1801 gesunken,
1395 1740 1455 1800 und
1484 1739 1578 1799 außer
1600 1739 1683 1799 einem
1728 1739 1865 1799 einzigen
1894 1736 1948 1796 vom
1988 1731 2203 1791 Schiffvolke,

1197 1790 1252 1850 nur
1280 1791 1318 1851 sie
1347 1790 1441 1850 selbst
1464 1790 1553 1850 durch
1587 1790 1816 1850 Schwimmen
1861 1790 1960 1850 davon
2012 1785 2195 1845 gekommen

1399 1881 1676 1941 Stockholm,
1705 1882 1763 1942 vom
1814 1882 1878 1942 27.
1906 1882 2003 1942 Nov.

1250 1939 1342 1999 Weil
1360 1939 1411 1999 die
1429 1944 1613 2004 Patatoes,
1643 1945 1711 2005 oder
1735 1945 1902 2005 Patates,
1937 1942 2104 2002 Erdäpfel
2122 1942 2191 2002 oder

1197 1992 1396 2052 Cartoffeln,
1430 1993 1533 2053 sowol
1556 1993 1612 2053 zur
1641 1990 1812 2050 Nahrung
1841 1993 1897 2053 für
1926 1990 1977 2050 die
2006 1990 2205 2050 Menschen,

1198 2044 1243 2104 als
1272 2043 1322 2103 für
1345 2043 1395 2103 das
1424 2040 1531 2100 Vieh,
1554 2043 1683 2103 dienlich
1712 2040 1796 2100 sind,
1819 2040 1881 2100 und
1904 2040 1932 2100 in
1961 2040 2011 2100 den
2045 2040 2202 2100 Jahren,

1193 2094 1231 2154 da
1259 2091 1302 2151 ein
1331 2091 1518 2151 Mißwachs
1541 2091 1574 2151 an
1602 2091 1690 2151 Korn
1718 2091 1850 2151 gewesen
1879 2090 1928 2150 ist,
1951 2088 2039 2148 ihren
2067 2088 2188 2148 Nutzen

1198 2142 1326 2202 doppelt
1349 2142 1473 2202 zeigen,
1500 2141 1570 2201 auch
1598 2142 1689 2202 unser
1712 2142 1771 2202 aus
1798 2139 1976 2199 Pommern
2015 2139 2122 2199 zurück
2150 2136 2203 2196 ge¬

1193 2193 1380 2253 kommenes
1409 2190 1630 2250 Kriegesvolk
1653 2190 1785 2250 daselbst
1808 2190 1885 2250 diese
1908 2187 2085 2247 Erdfrucht
2113 2187 2196 2247 nicht

1193 2243 1278 2303 allein
1307 2240 1335 2300 zu
1364 2240 1461 2300 essen,
1484 2240 1615 2300 sondern
1644 2240 1718 2300 auch
1741 2240 1775 2300 zu
1792 2240 1935 2300 pflanzen
1964 2237 2107 2297 gelernet
2124 2237 2198 2297 hat;

1193 2293 1219 2353 so
1242 2291 1280 2351 ist
1298 2289 1352 2349 von
1375 2288 1490 2348 Seiten
1524 2291 1573 2351 des
1596 2291 1739 2351 Königl.
1762 2291 1816 2351 und
1839 2288 2198 2348 Reichs=Handlungs=

1193 2339 1346 2399 Collegii,
1370 2339 1489 2399 neulich
1518 2339 1563 2399 ein
1598 2342 1866 2402 Circularbefehl
1895 2339 1929 2399 an
1964 2339 2025 2399 alle
2050 2336 2197 2396 Provin¬

1193 2387 1413 2447 cial=Schäfer
1442 2392 1628 2452 ergangen,
1657 2391 1708 2451 die
1737 2390 1924 2450 Pflanzung
1958 2387 2054 2447 dieser
2083 2387 2195 2447 nützli¬

1187 2437 1252 2497 chen
1279 2439 1399 2499 Frucht
1421 2439 1475 2499 bey
1502 2439 1551 2499 den
1584 2440 1807 2500 Einwohnern
1834 2437 1921 2497 ihrer
1944 2435 2106 2495 Districte
2134 2435 2198 2495 mit

1189 2490 1266 2550 allem
1305 2488 1415 2548 Fleisse
1444 2488 1471 2548 zu
1499 2491 1692 2551 befördern,
1715 2491 1775 2551 und
1804 2487 1897 2547 ihnen
1931 2482 2124 2542 Anweisung
2153 2487 2180 2547 zu

1190 2539 1310 2599 geben,
1334 2539 1397 2599 wie
1415 2541 1455 2601 sie
1479 2541 1588 2601 selbige
1612 2541 1663 2601 zur
1687 2539 1935 2599 Auspflanzung
1965 2533 2103 2593 erhalten
2126 2536 2195 2596 kön¬

1188 2588 1270 2648 nen.
1293 2588 1342 2648 In
1376 2590 1546 2650 demselben
1575 2590 1718 2650 Besehle
1735 2587 1795 2647 sind
1818 2587 1889 2647 auch
1917 2582 2088 2642 bemeldete
2105 2583 2193 2643 Pro¬

1197 2638 1477 2698 vincial=Schäfer
1500 2641 1693 2701 angewiesen
1727 2636 1876 2696 worden,
1904 2632 1953 2692 die
1976 2635 2196 2695 Einwohner,

1188 2688 1413 2748 insonderheit
1448 2691 1656 2751 diejenigen,
1691 2685 1806 2745 welche
1830 2685 1928 2745 große
1957 2682 2182 2742 Schäfereyen

1190 2739 1314 2799 haben,
1342 2737 1395 2797 von
1433 2739 1519 2799 deren
1558 2735 1849 2795 Angelegenheiten
1888 2731 1914 2791 zu
1958 2733 2189 2793 unterrichten,

1193 2786 1249 2846 und
1278 2784 1328 2844 daß
1364 2786 1420 2846 sie,
1449 2788 1499 2848 bey
1535 2783 1727 2843 Einsetzung
1762 2784 1812 2844 der
1847 2783 2000 2843 Schaafe
2041 2783 2097 2843 auf
2126 2781 2182 2841 das

1193 2838 1441 2898 Winterfutter,
1470 2838 1560 2898 solche
1589 2836 1707 2896 Mittel
1725 2835 1939 2895 gebrauchen,
1973 2833 2023 2893 bey
2047 2832 2176 2892 welchen

1195 2890 1242 2950 die
1261 2888 1411 2948 Schaafe
1436 2889 1489 2949 von
1526 2891 1603 2951 den,
1628 2888 1682 2948 bey
1713 2888 1766 2948 des
1791 2885 1917 2945 jetzigen
1954 2882 2085 2942 Jahres
2110 2879 2188 2939 Be¬

2038 2935 2188 2995 schaffen=
