2479 3508
206 336 313 396 Hörst
345 334 382 394 du
421 336 464 396 sie
497 336 584 396 ganz
617 330 762 390 erklärt,
801 330 863 390 und
902 329 1021 389 kannst
1053 330 1097 390 sie
1129 327 1223 387 besser
1269 327 1382 387 welche
1414 327 1508 387 unter
1540 330 1806 390 gegenwärtigem
1851 330 1945 390 Titel
1971 326 2140 386 erscheinen
2179 330 2286 390 kamen

758 380 900 440 deuten,

224 431 298 491 Und
332 431 406 491 hast
432 431 470 491 sie
502 431 558 491 alle
591 431 805 491 ausgezählt.

272 506 448 566 Gedacht,
481 506 652 566 gewählt,
692 503 836 563 bewirkt
870 501 935 561 aus
982 500 1060 560 ewig
1114 500 1224 560 weisen

755 549 915 609 Grunde

226 598 286 658 Ist
314 601 380 661 nur
410 599 453 659 ein
493 601 592 661 Werk
621 598 637 658 —
699 601 765 661 dein
800 598 899 658 Werk
933 598 1033 658 bleibt
1061 595 1155 655 frey!

227 649 302 709 Die
331 650 523 710 Ewigkeit,
547 652 599 712 die
629 652 774 712 Zukunft
803 649 867 709 und
897 649 949 709 die
978 648 1071 708 jetzge
1107 649 1245 709 Stunde

223 700 324 760 Sind
359 703 466 763 deinem
518 701 709 761 Sehpunkt
738 697 896 757 einerley.

276 772 287 832 O
336 774 466 834 GOtt!
502 775 561 835 wie
592 775 656 835 viel
687 772 757 832 hast
782 772 817 832 du
859 769 882 829 im
931 772 1055 832 Grund
1091 772 1144 832 der
1175 769 1245 829 Zeit

761 819 994 879 empfunden,

225 870 288 930 Da
324 873 358 933 du
394 873 476 933 schon
517 870 610 930 unsre
640 871 745 931 Laster
775 870 879 930 sahst!

232 921 301 981 Und
325 918 388 978 wir
418 921 587 981 boshaftes
616 918 727 978 Volk,
751 918 808 978 wir
838 918 931 978 öfnen
967 916 1060 976 deine
1078 915 1251 975 Wunden,

224 969 331 1029 Wenn
368 972 403 1032 du
439 972 499 1032 dich
536 970 601 1030 uns
631 969 696 1029 mit
721 966 918 1026 Großmuth
954 963 1073 1023 nahst!

275 1040 341 1100 Wo
372 1042 445 1102 flieh
483 1042 531 1102 ich
569 1041 660 1101 hin?
704 1037 776 1097 dein
813 1034 911 1094 Geist
948 1034 1040 1094 fliegt
1077 1037 1138 1097 mit
1175 1037 1229 1097 dem

764 1085 949 1145 Flüchtling
989 1083 1118 1143 weiter,

225 1141 296 1201 Und
327 1140 422 1200 trägt
447 1141 500 1201 ihn
537 1139 596 1199 gar
627 1139 686 1199 auf
717 1139 813 1199 seiner
843 1136 969 1196 Hand,

1178 1183 1243 1243 das

235 1191 360 1251 Selbst
391 1193 577 1253 Tryphons
614 1190 721 1250 Kluft
752 1187 794 1247 ist
831 1184 878 1244 dir
915 1187 944 1247 zu
987 1184 1047 1244 nah

765 1237 907 1297 Dunkel
937 1234 1055 1294 heiter,

225 1286 309 1346 Wie
343 1290 415 1350 Luft
442 1288 573 1348 umgibt
607 1290 678 1350 mich
719 1291 784 1351 dein
817 1285 1001 1345 Gewand!

281 1362 365 1422 Säh
398 1363 436 1423 ich
476 1365 547 1425 mich
581 1363 639 1423 so,
672 1363 730 1423 wie
764 1363 828 1423 du:
861 1360 906 1420 ich
940 1361 1018 1421 fiele
1044 1360 1161 1420 schnell
1181 1360 1245 1420 mit

764 1410 944 1470 Schrecken

232 1448 282 1508 In
317 1460 442 1520 meines
476 1461 630 1521 Undings
664 1461 744 1521 erste
773 1460 886 1520 Nacht

227 1508 320 1568 Mich
355 1512 455 1572 sehn,
476 1512 542 1572 dein
577 1512 643 1572 rein
685 1509 852 1569 Geschöpf

893 1506 1039 1566 entstellt
1067 1506 1123 1566 von
1158 1509 1248 1569 Par=

759 1557 835 1617 ders
869 1557 1017 1617 Flecken,

219 1605 333 1665 Reut'
358 1605 423 1665 dirs
460 1610 568 1670 nicht,
592 1608 651 1668 daß
682 1608 718 1668 du
760 1608 832 1668 mich
869 1607 1042 1667 gemacht?

266 1679 395 1739 Nein!
431 1680 477 1740 ich
519 1680 660 1740 verberg
702 1679 784 1739 mich
820 1674 908 1734 nicht
932 1671 949 1731 -

998 1675 1055 1735 des
1089 1676 1242 1736 Herzens

756 1718 862 1778 tiefste
894 1721 1011 1781 Tiefen

229 1761 327 1821 Sind
361 1760 410 1820 dir
439 1758 483 1818 ein
522 1758 743 1818 aufgewickelr
777 1754 876 1814 Biat,

224 1813 290 1873 Wo
320 1811 371 1871 die
394 1813 691 1873 Empfindungen,
714 1808 766 1868 die
797 1802 885 1862 durch
923 1802 974 1862 die
998 1802 1109 1862 Adern
1139 1799 1235 1859 liefen

222 1861 310 1921 Dein
350 1867 457 1927 richtig
496 1866 566 1926 Aug
598 1862 750 1922 gewäget
777 1858 865 1918 hat!

269 1936 331 1996 Du
363 1941 426 2001 bist
452 1941 540 2001 ganz
566 1939 667 1999 Aug,
693 1936 711 1996 o
750 1930 876 1990 GOtt!
921 1930 970 1990 laß
1009 1928 1097 1988 einen
1136 1928 1242 1988 Stral

756 1981 941 2041 entfallen,

221 2034 300 2094 Der
329 2037 453 2097 meiner
483 2034 607 2094 Gänge
636 2034 784 2094 Dunkel
807 2028 909 2088 bricht

876 2079 1139 2139 Verherrlichen
1178 2075 1233 2135 bey

224 2088 305 2148 Dich
341 2086 474 2146 kränken
523 2084 592 2144 will
622 2084 668 2144 ich
703 2080 825 2140 nicht-

756 2131 871 2191 allen,

217 2184 333 2244 Sonst
364 2184 456 2244 trüb'
481 2181 523 2241 ich
561 2181 621 2241 mir
653 2178 719 2238 dein
758 2178 953 2238 Angesicht!

269 2258 475 2318 Durchschau
519 2255 567 2315 die
604 2255 707 2315 bange
738 2249 835 2309 Welt
867 2252 927 2312 von
970 2249 1092 2309 meinen
1135 2246 1232 2306 tiefen

752 2298 907 2358 Wehen,

213 2354 287 2414 Die
317 2354 472 2414 niemand
509 2349 612 2409 sieht,
636 2348 699 2408 und
734 2351 890 2411 niemand
926 2348 1029 2408 heilt!

215 2408 297 2468 Daß
342 2406 379 2466 du
431 2404 608 2464 allwissend
654 2401 716 2461 bist

825 2399 872 2459 den
921 2396 1024 2456 Trost
1059 2399 1114 2459 laß
1162 2396 1237 2456 jetzt

754 2446 832 2506 mich
866 2444 977 2504 sehen,

218 2503 325 2563 Wenn
363 2506 452 2566 deine
478 2503 592 2563 Hülf'
613 2499 694 2559 mein
733 2497 866 2557 Wunsch
905 2498 1012 2558 ereilt.

623 2632 826 2692 Leipzig.

263 2684 449 2744 "Oeuvres
470 2685 502 2745 du
530 2682 722 2742 philosophe
750 2676 976 2736 bienfaisant,
996 2679 1009 2739 4
1049 2679 1176 2739 tomes,
1196 2681 1235 2741 8,

216 2734 357 2794 „1764,
382 2734 393 2794 2
430 2733 576 2793 Alphab.
595 2730 636 2790 21
661 2730 826 2790 Bogen.”
886 2721 932 2781 Es
957 2727 1075 2787 gehört
1099 2727 1157 2787 mit
1176 2727 1210 2787 un

212 2785 256 2845 ter
285 2787 329 2847 die
352 2784 508 2844 Vorzüge
531 2782 642 2842 unsers
665 2778 955 2838 Jahrhunderts,
989 2777 1045 2837 daß
1079 2777 1123 2837 ein
1162 2774 1217 2834 vor

207 2838 348 2898 nehmer
370 2835 539 2895 Scribent
561 2832 626 2892 nach
659 2832 708 2892 dem
757 2829 876 2889 andern
915 2825 936 2885 in
975 2825 1029 2885 der
1057 2826 1214 2886 gelehrten

207 2889 309 2949 Welt
324 2888 478 2948 auftritt.
515 2887 595 2947 Die
618 2884 735 2944 Werke
758 2882 808 2942 des
838 2882 970 2942 Königs
993 2881 1204 2941 Stanislaus

1269 376 1302 436 zu
1337 374 1497 434 Anfange
1526 375 1623 435 dieses
1658 380 1794 440 Jahres
1829 378 1857 438 zu
1898 379 2006 439 Paris
2041 377 2189 437 heraus;
2235 377 2292 437 und

1274 425 1395 485 darauf
1418 422 1456 482 ist
1479 422 1534 482 von
1568 425 1655 485 ihnen
1689 431 1949 491 gegenwärtiger
1972 425 2159 485 Nachdruck
2182 425 2298 485 veran¬

1281 472 1386 532 staltet
1403 470 1555 530 worden.
1625 476 1703 536 Die
1725 479 1798 539 erste
1820 477 1978 537 Ausgabe
2005 479 2184 539 behauptet
2206 473 2290 533 zwar

1283 521 1306 581 in
1342 521 1518 581 Ansehung
1555 524 1601 584 der
1637 528 1878 588 Verzierungen
1920 527 2020 587 große
2044 527 2226 587 Vorzüge;
2256 523 2297 583 sie

1279 571 1321 631 ist
1338 569 1397 629 auf
1419 572 1538 632 großes
1571 571 1700 631 Papier
1727 578 1792 638 mit
1820 578 1938 638 breitem
1987 578 2111 638 Rande
2139 575 2300 635 gedruckt,

1275 620 1336 680 und
1371 619 1484 679 häufig
1519 622 1586 682 mit
1616 625 1791 685 Vignetten
1837 625 2115 685 ausgeschmückt.
2172 623 2297 683 Dafür

1282 667 1359 727 aber
1381 668 1507 728 kömmt
1536 670 1574 730 sie
1602 673 1745 733 ungleich
1779 676 1877 736 höher
1911 676 1944 736 an
1978 675 2115 735 Preise;
2143 676 2203 736 und
2237 673 2292 733 das

1271 715 1493 775 Wesentliche
1522 718 1599 778 wird
1633 723 1715 783 jeder
1749 724 1816 784 eben
1856 726 1883 786 so
1911 724 1972 784 gut
2000 724 2027 784 in
2056 724 2150 784 diesem
2195 724 2306 784 Nach¬

1282 766 1387 826 drucke
1410 769 1536 829 finden.
1565 769 1631 829 Die
1654 770 1775 830 Werke
1798 772 1886 832 selbst
1904 774 2109 834 anlangend,
2137 772 2158 832 so
2181 773 2236 833 sind
2264 772 2297 832 sie

1280 815 1375 875 theils
1399 816 1633 876 historischen,
1656 819 1752 879 theils
1788 822 1969 882 politischen
2010 822 2072 882 und
2101 821 2203 881 theils
2232 819 2305 879 mo¬

1284 864 1427 924 ralischen
1455 870 1627 930 Inhalts.
1672 866 1748 926 Den
1782 870 1909 930 meisten
1938 870 2042 930 Stoff
2066 871 2092 931 zu
2132 870 2186 930 den
2220 870 2303 930 poli¬

1278 915 1391 975 tischen
1429 917 1521 977 giebt
1560 916 1608 976 die
1646 917 1829 977 pohlnische
1868 919 2187 979 Staatsverfassung
2225 920 2300 980 her.

1284 960 1352 1020 Die
1375 963 1578 1023 moralischen
1607 966 1754 1026 Aufsätze
1777 968 1889 1028 zeugen
1918 967 1975 1027 von
2004 969 2088 1029 ihres
2111 969 2291 1029 Verfassers

1281 1010 1527 1070 ausgebildetem
1573 1013 1759 1073 Verstande
1790 1013 1855 1073 und
1891 1013 2041 1073 redlichen
2077 1016 2303 1076 Empfindun¬

1273 1058 1360 1118 gen.
1407 1060 1489 1120 Wir
1510 1061 1633 1121 werden
1665 1064 1767 1124 einige
1794 1062 1891 1122 davon
1923 1063 1974 1123 den
2005 1061 2103 1121 Lesern
2134 1063 2185 1123 zur
2212 1063 2299 1123 Pro¬

1284 1106 1317 1166 be
1345 1106 1493 1166 übersetzt
1511 1112 1710 1172 mittheilen.
1760 1112 1838 1172 Von
1866 1112 1915 1172 der
1938 1109 2164 1169 Uebersetzung
2198 1109 2297 1169 dieser

1279 1155 1426 1215 Werke,
1460 1160 1511 1220 die
1546 1160 1574 1220 zu
1603 1165 1778 1225 Hamburg
1813 1162 1988 1222 erschienen
2023 1159 2078 1219 ist,
2114 1160 2204 1220 reden
2238 1160 2300 1220 wir

1284 1204 1344 1264 mit
1361 1205 1527 1265 nächsten.
1600 1213 1715 1273 Kostet
1733 1213 1754 1273 in
1789 1211 1838 1271 der
1860 1209 2070 1269 Kanterschen
2104 1210 2303 1270 Buchhand=

1280 1258 1356 1318 lung
1386 1258 1515 1318 allhier,
1528 1261 1586 1321 wie
1611 1261 1675 1321 auch
1705 1263 1734 1323 in
1758 1261 1869 1321 Elbing
1894 1263 1952 1323 und
1976 1262 2082 1322 Mitau
2106 1264 2117 1324 5
2141 1264 2176 1324 fl.
2189 1262 2223 1322 15
2248 1264 2294 1324 gr.

1651 1312 1925 1372 Altenburg.

1338 1357 1438 1417 "Acta
1462 1357 1639 1417 litteraria.
1675 1360 1811 1420 Scripsit
1835 1360 1959 1420 Christ.
1978 1360 2119 1420 Adolph.
2149 1359 2296 1419 Klotzius

1355 1407 1468 1467 1764,
1498 1410 1575 1470 Vol.
1594 1407 1629 1467 I.
1654 1407 1689 1467 P.
1707 1410 1736 1470 I.
1761 1410 1772 1470 8
1802 1410 1957 1470 Bogen.”
2023 1405 2101 1465 Den
2131 1407 2220 1467 Titel
2238 1406 2297 1466 zie=

1279 1458 1327 1518 ret
1349 1458 1392 1518 ein
1419 1458 1516 1518 feines
1545 1458 1701 1518 Kupfer,
1723 1458 1755 1518 da
1784 1460 1810 1520 in
1843 1460 1924 1520 einer
1951 1457 2097 1517 Wildniß
2131 1457 2173 1517 ein
2201 1455 2298 1515 hagen

1270 1506 1321 1566 rer
1353 1509 1497 1569 Mann,
1518 1509 1585 1569 mit
1612 1509 1699 1569 einem
1746 1509 1876 1569 niedlich
1907 1506 2171 1566 aufgekämmten
2207 1503 2300 1563 Top¬

1271 1557 1352 1617 pee,
1385 1558 1483 1618 (oder
1516 1559 1580 1619 soll
1608 1557 1635 1617 es
1668 1558 1728 1618 gar
1756 1557 1826 1617 eine
1859 1557 2158 1617 Granadiermütze
2192 1554 2294 1614 seyn?

1278 1607 1350 1667 man
1381 1605 1453 1665 kann
1495 1605 1525 1665 es
1557 1605 1639 1665 nicht
1671 1605 1696 1665 so
1728 1605 1893 1665 eigentlich
1930 1608 2110 1668 erkennen)
2142 1605 2172 1665 in
2209 1605 2296 1665 einer

1276 1652 1471 1712 Kleidung,
1503 1652 1554 1712 die
1591 1649 1673 1709 einem
1720 1651 1931 1711 Schaaffelle
1963 1654 2086 1714 ähnlich
2123 1652 2226 1712 sieht,
2257 1649 2288 1709 in

1277 1697 1396 1757 beyden
1435 1696 1573 1756 Händen
1612 1694 1660 1754 ein
1698 1694 1880 1754 Seherohr
1914 1697 2009 1757 hält,
2043 1697 2101 1757 das
2144 1697 2201 1757 auf
2235 1697 2287 1757 den

1276 1733 1392 1793 Sturz
1416 1733 1471 1793 von
1504 1733 1587 1793 einem
1630 1736 1769 1796 Baume
1789 1738 1918 1798 gelehnt
1942 1740 2003 1800 ist,
2031 1739 2124 1799 durch
2161 1742 2291 1802 welches

1274 1772 1312 1832 er
1340 1778 1412 1838 sehr
1440 1778 1605 1838 andächtig
1639 1779 1694 1839 zum
1739 1781 1843 1841 Bilde
1872 1784 2104 1844 herausguckt.
2171 1787 2286 1847 Neben

1281 1828 1334 1888 ihm
1377 1825 1473 1885 stehet
1492 1828 1557 1888 eine
1582 1831 1798 1891 halbbedeckte
1823 1834 2009 1894 Weltkugel
2028 1837 2088 1897 auf
2113 1837 2196 1897 einem
2233 1839 2299 1899 Ge¬

1277 1880 1359 1940 stelle
1390 1874 1407 1934 -

1477 1879 1557 1939 Wir
1590 1882 1708 1942 können
1747 1885 1844 1945 jedoch
1882 1885 1908 1945 so
1941 1886 2039 1946 genau
2077 1888 2157 1948 nicht
2185 1888 2297 1948 sagen,

1270 1928 1330 1988 wie
1366 1927 1462 1987 dieses
1498 1929 1583 1989 Bild
1614 1930 1679 1990 und
1721 1933 1766 1993 die
1797 1933 1873 1993 Acta
1909 1933 2070 1993 litteraria
2101 1936 2283 1996 zusammen

1267 1980 1444 2040 kommen.

1509 1980 1610 2040 Denn
1649 1984 1912 2044 mathematische
1939 1983 2057 2043 Werke
2085 1987 2187 2047 findet
2215 1987 2284 2047 man

1271 2028 1411 2088 darinne
1434 2028 1531 2088 nicht.
1580 2032 1656 2092 Ihr
1679 2031 1847 2091 Verfasser
1869 2031 1950 2091 wird
1978 2034 2048 2094 auch
2076 2034 2287 2094 vermuthlich

1272 2081 1300 2141 zu
1330 2076 1503 2136 bescheiden
1533 2079 1630 2139 seyn,
1666 2082 1723 2142 auf
1741 2082 1909 2142 Kenntniß
1945 2082 2037 2142 dieser
2060 2084 2291 2144 Wissenschaft

1271 2127 1435 2187 Anspruch
1463 2127 1490 2187 zu
1523 2127 1671 2187 machen.

1313 2175 1435 2235 Dieser
1458 2175 1715 2235 Schriftsteller,
1733 2178 1788 2238 der
1812 2178 1872 2238 mit
1895 2178 1945 2238 dem
1985 2182 2130 2242 schnellen
2153 2181 2292 2241 Wachs¬

1262 2226 1378 2286 thume
1405 2226 1548 2286 gewisser
1581 2229 1877 2289 schwammartigen
1915 2231 2184 2291 Küchenkräuter
2211 2231 2264 2291 zum

1263 2276 1453 2336 berühmten
1482 2276 1616 2336 Manne
1639 2279 1868 2339 aufgeschossen
1898 2276 1959 2336 ist,
1987 2278 2059 2338 oder
2082 2280 2284 2340 eigentlicher

1271 2329 1302 2389 zu
1336 2327 1454 2387 reden,
1481 2324 1529 2384 sich
1557 2327 1833 2387 hervorgespottet
1855 2327 1930 2387 hat,
1958 2324 2033 2384 wird
2072 2330 2277 2390 vermuthlich

1270 2375 1380 2435 unsern
1411 2375 1511 2435 Lesern
1542 2375 1683 2435 bekannt
1704 2376 1799 2436 seyn,
1830 2375 1874 2435 wo
1900 2375 1985 2435 nicht
2006 2375 2061 2435 aus
2097 2378 2197 2438 seinen
2233 2380 2288 2440 an¬

1263 2426 1333 2486 dern
1361 2426 1481 2486 kleinen
1509 2425 1666 2485 Werken,
1689 2426 1886 2486 wenigstens
1914 2425 1973 2485 aus
1995 2423 2093 2483 seiner
2121 2428 2284 2488 Streitig¬

1263 2473 1328 2533 keit
1356 2474 1415 2534 mit
1443 2476 1491 2536 dem
1542 2473 1776 2533 holländischen
1815 2474 1924 2534 Prof.
1946 2473 2137 2533 Burman,
2170 2477 2219 2537 wo
2252 2478 2279 2538 er

1268 2524 1322 2584 den
1355 2524 1577 2584 Pickelhering
1605 2523 1632 2583 so
1654 2524 1713 2584 gut
1730 2525 1762 2585 zu
1790 2526 1903 2586 spielen
1936 2521 2067 2581 wußte,
2095 2527 2154 2587 wie
2176 2527 2219 2587 die
2241 2524 2289 2584 ri¬

1267 2571 1373 2631 dicula
1406 2570 1565 2630 litteraria
1598 2569 1661 2629 mit
1688 2575 1837 2635 mehrerm
1885 2570 2061 2630 bezeugen.
2115 2573 2189 2633 Itzt
2216 2575 2290 2635 tritt

1265 2623 1302 2683 er
1324 2623 1370 2683 als
1398 2623 1439 2683 ein
1466 2621 1656 2681 Journalist
1678 2625 1751 2685 auf,
1768 2624 1825 2684 und
1852 2623 2026 2683 verspricht
2048 2622 2105 2682 uns
2132 2626 2179 2686 die
2201 2626 2285 2686 treu¬

1271 2673 1442 2733 herzigsten
1476 2670 1647 2730 Urtheile,
1681 2673 1731 2733 die
1753 2674 1824 2734 eben
1858 2671 1914 2731 das
1942 2673 2135 2733 ausdrücken
2169 2676 2285 2736 sollen,

1262 2719 1331 2779 was
1369 2718 1400 2778 er
1427 2718 1522 2778 denkt
1549 2718 1559 2778 —
1623 2721 1729 2781 Recht
1756 2724 1835 2784 gut;
1862 2721 1951 2781 wenn
1994 2723 2052 2783 nur
2090 2724 2169 2784 diese
2201 2721 2280 2781 Ge¬

1266 2772 1427 2832 danken
1455 2769 1584 2829 allemal
1606 2769 1659 2829 von
1687 2772 1805 2832 einigem
1849 2772 1983 2832 Werthe
2005 2775 2086 2835 sind,
2108 2774 2167 2834 und
2194 2769 2280 2829 nicht

1267 2823 1376 2883 etwa,
1399 2820 1460 2880 mit
1483 2820 1565 2880 einem
1605 2823 1810 2883 scioppischen
1844 2823 1971 2883 Witze,
2005 2823 2103 2883 wider
2132 2819 2281 2879 Beschei¬

1261 2874 1400 2934 denheit
1423 2871 1490 2931 und
1520 2876 1786 2936 Menschenliebe
1809 2873 1971 2933 verstoßen
2016 2872 2030 2932 —
2099 2869 2149 2929 Es
2180 2867 2268 2927 sollen

2180 2921 2285 2981 jähr¬
