2479 3508
539 1199 670 1259 91tes
717 1195 879 1255 Stück.
950 1198 1175 1258 Freytag,
1223 1195 1291 1255 den
1339 1196 1415 1256 14.
1448 1193 1680 1253 December
1720 1193 1866 1253 1764.

607 1270 782 1330 Lemgo.

251 1326 344 1386 Des
370 1330 464 1390 Hrn.
490 1324 546 1384 von
585 1324 867 1384 Blainville,
900 1323 1101 1383 ehemaligen
1139 1318 1213 1378 Ge¬

227 1375 728 1435 sandtschaftssecretärs
773 1372 826 1432 der
856 1372 1126 1432 Generalstaaten
1161 1366 1195 1426 an

198 1423 273 1483 "dem
311 1427 517 1487 Spanischen
545 1422 647 1482 Hofe,
669 1419 989 1479 Reisebeschreibung
1022 1416 1108 1476 durch
1130 1412 1211 1472 Hol¬

193 1477 318 1537 „land,
339 1473 636 1533 Oberdeutschland
667 1470 727 1530 und
758 1470 803 1530 die
823 1467 1005 1527 Schweiz,
1026 1464 1196 1524 besonders

210 1530 297 1590 aber
318 1526 405 1586 durch
432 1522 679 1582 Italien---
710 1518 864 1578 übersetzt
891 1515 952 1575 und
984 1515 1045 1575 mit
1066 1512 1205 1572 Anmer¬

205 1578 334 1638 "kungen
374 1574 525 1634 versehen
563 1572 622 1632 von
667 1569 845 1629 Johann
889 1566 1057 1626 Tobias
1101 1560 1209 1620 Köh¬

198 1623 302 1683 "ler,
325 1625 497 1685 Professor
520 1625 547 1685 zu
576 1619 781 1679 Göttingen.
827 1611 943 1671 Ersten
966 1612 1105 1672 Bandes
1127 1608 1204 1668 erste

224 1679 441 1739 Abtheilung,
466 1676 518 1736 gr.
542 1676 618 1736 4to,
642 1671 754 1731 1764.
843 1667 924 1727 Der
955 1664 1024 1724 Hr.
1049 1661 1207 1721 Blain¬

189 1733 293 1793 ville
323 1733 381 1793 hat
399 1730 479 1790 diese
498 1727 689 1787 sorgfältige
713 1718 1038 1778 Reisebeschreibung
1062 1715 1091 1775 in
1115 1715 1207 1775 fran¬

199 1781 337 1841 zösischer
360 1777 515 1837 Sprache
539 1775 622 1835 zwar
644 1773 833 1833 aufgesetzt,
862 1772 934 1832 aber
968 1769 1029 1829 aus
1063 1766 1207 1826 Besorg¬

190 1824 272 1884 niß,
298 1819 375 1879 viele
401 1817 487 1877 Höfe
509 1817 569 1877 und
595 1814 771 1874 Gegenden
802 1811 827 1871 zu
858 1810 1064 1870 beleidigen,
1091 1808 1202 1868 welche

197 1871 227 1931 er
248 1869 310 1929 mit
331 1864 615 1924 Freymüthigkeit
631 1857 826 1917 beurtheilet
848 1852 951 1912 hatte,
972 1852 1111 1912 niemals
1137 1849 1209 1909 her¬

181 1918 425 1978 ausgegeben,
469 1912 494 1972 so
533 1909 639 1969 haben
682 1905 830 1965 Georg
869 1900 1097 1960 Turnbull
1130 1896 1193 1956 und

197 1967 377 2027 Wilhelm
438 1960 634 2020 Guthrie
673 1954 809 2014 dieselbe
843 1952 914 2012 nach
952 1949 1056 2009 seinem
1111 1948 1203 2008 Tode

198 2023 247 2083 ins
275 2017 440 2077 Englische
463 2008 562 2068 wegen
595 2005 683 2065 ihres
717 2005 904 2065 schätzbaren
933 2002 1076 2062 Inhalts
1109 1999 1203 2059 über¬

360 2058 428 2118 Die
472 2055 711 2115 mitgetheilten
760 2055 973 2115 Nachrichten
1032 2049 1101 2109 sind
1150 2049 1202 2109 in¬

199 2070 284 2130 setzt.

194 2118 290 2178 dessen
318 2112 378 2172 mit
400 2109 497 2169 vieler
519 2105 736 2165 Richtigkeit,
758 2106 931 2166 Sorgfalt
948 2103 1007 2163 und
1035 2100 1094 2160 mit
1116 2097 1202 2157 einer

192 2166 371 2226 blühenden
399 2157 600 2217 Schreibart
622 2154 861 2214 vorgetragen,
889 2154 1068 2214 Mißons
1096 2151 1204 2211 Nach¬

193 2216 378 2276 läßigkeiten
412 2205 602 2265 verbessert,
625 2205 690 2265 und
718 2205 848 2265 überall
876 2205 941 2265 eine
969 2205 1039 2265 sehr
1067 2201 1203 2261 gesunde

188 2267 297 2327 Kritik
318 2258 537 2318 angebracht,
564 2251 621 2311 wie
653 2249 683 2309 es
716 2252 793 2312 denn
835 2252 877 2312 ein
914 2252 1044 2312 sicheres
1076 2249 1211 2309 Vorur¬

199 2315 277 2375 theil
307 2313 357 2373 für
386 2309 483 2369 diesen
523 2300 762 2360 Schriftsteller
791 2302 1001 2362 verschaffet,
1031 2303 1121 2363 wenn
1156 2300 1206 2360 der

203 2363 270 2423 Hr.
288 2360 395 2420 Prof.
418 2356 604 2416 Köhler,
639 2349 683 2409 ein
719 2351 848 2411 Kenner
877 2351 932 2411 von
973 2348 1069 2408 diesem
1109 2348 1204 2408 Fache

203 2414 251 2474 der
284 2408 581 2468 Gelehrsamkeit,
620 2399 716 2459 dieser
749 2399 1074 2459 Reisebeschreibung
1118 2396 1209 2456 selbst

1129 2443 1209 2503 Die

197 2459 253 2519 vor
280 2461 331 2521 der
363 2454 581 2514 Kaißlerschen
618 2446 669 2506 den
701 2448 831 2508 Vorzug
862 2449 1064 2509 einräumet.

199 2509 465 2569 Schilderungen
498 2503 552 2563 der
580 2496 693 2556 Höfe,
727 2501 840 2561 welche
868 2499 938 2559 Hr.
960 2497 1015 2557 von
1053 2494 1210 2554 Blain¬

199 2557 309 2617 ville
349 2556 375 2616 zu
420 2551 564 2611 besuchen
609 2548 836 2608 Gelegenheit
865 2548 986 2608 hatte,
1026 2546 1091 2606 sind
1120 2542 1202 2602 ohne

202 2605 386 2665 Schminke
408 2603 465 2663 mit
481 2599 587 2659 freyen
614 2596 718 2656 Zügen
745 2601 977 2661 vorgetragen,
1004 2596 1051 2656 die
1072 2593 1209 2653 entdeck¬

192 2657 243 2717 ten
269 2652 382 2712 Fehler
404 2652 486 2712 nicht
507 2646 759 2706 verschwiegen,
791 2649 847 2709 und
874 2648 950 2708 alles
977 2643 1209 2703 Merkwürdi¬

198 2713 236 2773 ge
258 2708 313 2768 von
341 2700 507 2760 Städten,
530 2694 784 2754 Bibliotheken,
807 2695 1211 2755 Regierungsverfassun¬

201 2762 246 2822 gen
280 2754 342 2814 und
371 2748 633 2808 Bildergalerien
662 2744 707 2804 rc.
730 2744 798 2804 sehr
827 2746 929 2806 genau
964 2745 1202 2805 aufgezeichnet

200 2808 347 2868 worden.
382 2799 535 2859 Jndessen
564 2796 689 2856 werden
718 2794 786 2854 auch
815 2797 940 2857 manche
969 2796 1105 2856 seltsame
1123 2793 1213 2853 Aus=

204 2861 430 2921 schweifungen
463 2852 512 2912 der
545 2849 689 2909 Künste,
715 2847 853 2907 wohin,
879 2848 910 2908 in
948 2849 1118 2909 Ansehung
1150 2843 1206 2903 der

1245 1267 1447 1327 Gemälde,
1482 1267 1540 1327 die
1575 1265 1603 1325 zu
1650 1267 1980 1327 Aschaffenburg
2028 1267 2247 1327 angetroffene

1248 1315 1480 1375 Aufopferung
1512 1316 1670 1376 Isaacs
1708 1315 1797 1375 unter
1829 1315 1945 1375 andern
1977 1315 2008 1375 zu
2040 1315 2167 1375 rechnen
2199 1317 2256 1377 ist,

1248 1361 1300 1421 den
1338 1363 1422 1423 Leser
1449 1364 1644 1424 belustigend
1676 1366 1907 1426 unterhalten,
1940 1363 1966 1423 so
1998 1363 2055 1423 wie
2082 1363 2240 1423 hingegen

1249 1410 1297 1470 die
1319 1413 1508 1473 Regierung
1536 1413 1584 1473 der
1606 1415 1773 1475 Republik
1796 1413 1990 1473 Nürnberg,
2018 1410 2077 1470 und
2099 1413 2158 1473 das
2181 1411 2250 1471 Pa¬

1243 1461 1351 1521 triciat
1372 1461 1506 1521 daselbst
1528 1461 1584 1521 mit
1605 1464 1656 1524 dem
1698 1464 1786 1524 Hrn.
1802 1461 1858 1521 von
1895 1459 2158 1519 Blainville
2184 1462 2241 1522 und

1243 1509 1338 1569 dessen
1370 1511 1588 1571 patriotischer
1609 1512 1853 1572 Beurtheilung
1885 1509 1932 1569 der
1959 1509 2240 1569 Nürnbergischen

1244 1560 1632 1620 Regimentsverfassung
1659 1563 1837 1623 unmöglich
1859 1558 2015 1618 zufrieden
2048 1558 2107 1618 seyn
2145 1560 2247 1620 kann.

1244 1608 1360 1668 Unsere
1400 1610 1489 1670 Leser
1523 1610 1646 1670 werden
1691 1612 1786 1672 gegen
1831 1610 1886 1670 den
1926 1610 2009 1670 Zorn
2054 1608 2149 1668 dieser
2189 1611 2255 1671 Art

1665 1660 1741 1720 Das
1789 1661 1890 1721 ganze
1926 1657 2027 1717 Werk
2069 1659 2128 1719 soll
2158 1658 2252 1718 übri¬

1244 1661 1452 1721 gleichgülkig
1491 1661 1582 1721 seyn.

1248 1715 1321 1775 gens
1355 1715 1418 1775 aus
1452 1715 1469 1775 4
1503 1712 1747 1772 Quartbänden
1782 1714 1946 1774 bestehen.
2021 1712 2071 1772 Es
2106 1712 2145 1772 ist
2174 1712 2241 1772 auch

1249 1763 1364 1823 bereits
1398 1763 1448 1823 die
1471 1766 1525 1826 2te
1554 1766 1753 1826 Abtheilung
1781 1766 1808 1826 zu
1842 1765 1942 1825 diesem
1992 1763 2085 1823 ersten
2125 1762 2252 1822 Bande

1241 1808 1322 1868 diese
1355 1808 1600 1868 Michaelmesse
1628 1811 1969 1871 herausgekommen,
2010 1813 2069 1873 von
2106 1812 2233 1872 welchem

1246 1847 1303 1907 wir
1327 1851 1466 1911 nächsten
1496 1852 1582 1912 reden
1611 1852 1755 1912 werden.
1813 1852 1918 1912 Diese
1943 1853 2039 1913 beyde
2063 1858 2255 1918 Abtheilun¬

1238 1899 1290 1959 gen
1317 1897 1412 1957 kosten
1450 1900 1476 1960 in
1504 1900 1556 1960 der
1584 1900 1791 1960 Kanterschen
1823 1903 2089 1963 Buchhandlung
2121 1908 2254 1968 allhier,

1243 1948 1304 2008 wie
1328 1948 1395 2008 auch
1424 1948 1452 2008 in
1475 1949 1594 2009 Elbing
1623 1951 1679 2011 und
1708 1951 1820 2011 Mitau
1844 1952 1854 2012 8
1889 1952 1922 2012 fl.

1292 2048 1389 2108 Ohne
1413 2049 1628 2109 Benennung
1652 2050 1703 2110 des
1727 2050 1808 2110 Orts
1837 2049 1895 2109 und
1930 2049 1982 2109 des
2006 2049 2185 2109 Verlegers
2215 2051 2249 2111 ist

1245 2099 1586 2159 herausgekommen:
1615 2100 1737 2160 "Vade
1760 2103 1882 2163 Mecum
1929 2100 1980 2160 für
2010 2100 2119 2160 lustige
2143 2100 2252 2160 Leute,

1263 2151 1453 2211 'enthaltend
1491 2151 1559 2211 eine
1586 2152 1798 2212 Sammlung
1840 2151 2057 2211 angenehmer
2089 2151 2253 2211 Scherze,

1248 2197 1408 2257 "witziger
1431 2201 1568 2261 Einsälle
1586 2202 1646 2262 und
1663 2204 1850 2264 spaßhafter
1873 2202 1978 2262 kurzer
1995 2199 2149 2259 Historien
2183 2202 2238 2262 aus

1255 2243 1320 2303 "den
1353 2249 1445 2309 besten
1478 2252 1732 2312 Schriftstellern
1760 2252 2140 2312 zusammengetragen.”
2178 2249 2248 2309 Die

1248 2297 1423 2357 Zuschrift,
1441 2300 1463 2360 in
1492 2302 1621 2362 welcher
1645 2303 1723 2363 diese
1741 2303 1950 2363 Sammlung
1973 2300 2040 2360 Sr.
2058 2302 2250 2362 Hochehrw.

1248 2349 1296 2409 dem
1339 2348 1430 2408 Hrn.
1442 2348 1539 2408 Verf.
1556 2352 1609 2412 der
1631 2354 1798 2414 schwarzen
1826 2353 2047 2413 Zeitung**
2075 2351 2242 2411 demüthig

1242 2396 1475 2456 zugeschrieben
1504 2399 1609 2459 wird,
1632 2402 1765 2462 enthält
1788 2402 1848 2462 eine
1878 2397 2100 2457 Empfehlung
2123 2401 2178 2461 für
2201 2400 2244 2460 die

1247 2446 1458 2506 Sammlung
1490 2449 1601 2509 selbst,
1633 2455 1696 2515 und
1728 2452 1849 2512 besteht
1876 2450 1933 2510 aus
1961 2446 2113 2506 plumpen
2146 2446 2251 2506 Wen¬

1244 2494 1398 2554 dungen,
1427 2497 1476 2557 die
1504 2497 1548 2557 die
1570 2500 1659 2560 Ehre
1687 2503 1814 2563 haben,
1837 2497 1986 2557 Satyren
2026 2494 2253 2554 vorzustellen.

1245 2544 1327 2604 Was
1357 2542 1405 2602 die
1429 2549 1641 2609 Sammlung
1672 2552 1760 2612 selbst
1779 2550 1908 2610 betrift,
1939 2545 1986 2605 die
2004 2543 2057 2603 dem
2099 2548 2187 2608 Titel
2212 2551 2240 2611 zu

1248 2596 1341 2656 Folge
1364 2593 1418 2653 aus
1447 2599 1501 2659 den
1524 2602 1617 2662 besten
1640 2599 1876 2659 Schriftstellen
1905 2596 2235 2656 zusammengetragen

1242 2643 1302 2703 seyn
1336 2642 1413 2702 soll;
1442 2644 1469 2704 so
1497 2650 1608 2710 müssen
1637 2649 1697 2709 wir
1720 2646 1908 2706 anmerken,
1931 2646 1992 2706 daß
2015 2646 2092 2706 diese
2115 2646 2236 2706 besten

1243 2694 1573 2754 Schriftsteller
1596 2700 1662 2760 sehr
1685 2699 1728 2759 oft
1751 2694 1855 2754 weiter
1884 2694 1982 2754 nichts
2011 2697 2054 2757 als
2077 2697 2137 2757 alte
2160 2694 2248 2754 Wei¬

1243 2740 1295 2800 ber
1317 2742 1401 2802 sind,
1417 2745 1464 2805 die
1486 2747 1538 2807 dem
1575 2748 1801 2808 Herausgeber
1828 2746 1880 2806 bey
1907 2748 1990 2808 einem
2033 2745 2117 2805 guten
2149 2745 2248 2805 Theil

1248 2790 1341 2850 seines
1375 2799 1718 2859 Historienmagazins
1753 2796 1813 2856 mit
1841 2798 1934 2858 Rath
1979 2796 2040 2856 und
2068 2796 2162 2856 That
2190 2796 2245 2856 zur

1238 2841 1339 2901 Hand
1362 2845 1526 2905 gegangen
1555 2852 1583 2912 zu
1612 2852 1674 2912 seyn
1703 2847 1861 2907 scheinen.
1936 2847 2032 2907 Doch
2061 2845 2156 2905 finden
2185 2844 2247 2904 wir

2174 2897 2251 2957 auch
