2479 3508
428 321 623 381 Berlin,
662 318 712 378 den
747 315 813 375 30.
847 315 969 375 Octob.

246 376 320 436 Wie
344 376 414 436 man
444 373 501 433 aus
525 365 676 425 Potsdam
723 363 920 423 vernimmt,
939 366 967 426 so
991 366 1048 426 sind
1079 363 1211 423 daselbst

184 428 266 488 Sr.
290 423 494 483 Hochfürstl.
524 410 670 470 Durchl.
694 410 747 470 der
789 413 982 473 regierende
1018 413 1116 473 Furst
1147 413 1199 473 von

192 472 453 532 Anhalt=Dessau
483 461 541 521 von
565 464 657 524 ihren
693 461 715 521 in
745 464 902 524 Preußen
943 464 1106 524 liegenden
1135 461 1210 521 Gü=

188 527 252 587 tern
284 517 545 577 angekommen,
573 515 630 575 und
674 513 711 573 am
754 515 940 575 Sonntage
967 515 1025 575 von
1064 515 1095 575 da
1133 512 1201 572 nach

191 575 320 635 Dessau
349 566 620 626 zurückgereiset.

423 611 666 671 Dresden,
688 613 741 673 den
775 613 834 673 16.
856 613 980 673 Octob.

244 664 315 724 Die
337 664 522 724 reformirte
543 664 702 724 Gemeine
728 664 862 724 allhier,
888 665 1001 725 welche
1027 661 1083 721 seit
1104 663 1197 723 vielen

191 718 326 778 Jahren
354 713 408 773 her
431 712 517 772 ihren
545 712 779 772 Gottesdienst
795 712 823 772 in
856 715 937 775 einem
981 712 1209 772 Privathause

193 766 363 826 gehalten,
389 763 446 823 hat
467 760 524 820 nun
550 760 606 820 das
628 762 741 822 durchs
762 763 1057 823 Bombardement
1073 760 1212 820 ruinirte

198 813 393 873 sogenannte
425 810 728 870 Fraumutterhaus
759 811 815 871 auf
847 813 898 873 der
929 810 1124 870 Kreuzgasse
1161 810 1197 870 an

199 867 247 927 sich
274 861 468 921 gehandelt,
501 861 560 921 und
599 861 647 921 die
675 860 760 920 hohe
782 861 966 921 Concession
1005 858 1188 918 bekommen

199 915 263 975 eine
285 912 474 972 reformirte
496 909 609 969 Kirche
636 909 718 969 nebst
740 909 918 969 Wohnung
951 909 999 969 für
1032 909 1074 969 die
1102 909 1209 969 Geist¬

183 964 308 1024 lichen,
341 963 444 1023 jedoch
483 961 564 1021 ohne
602 963 717 1023 Thurm
766 957 825 1017 und
859 960 1000 1020 Glocken
1033 960 1130 1020 dahin
1169 961 1201 1021 zu

185 1014 318 1074 bauen,
345 1013 403 1073 wie
430 1013 504 1073 denn
532 1013 600 1073 auch
643 1012 690 1072 die
718 1012 935 1072 sämmtlichen
968 1010 1196 1070 Reformirten

185 1067 304 1127 allhier
328 1065 384 1125 das
413 1064 642 1124 Bürgerrecht
666 1063 802 1123 erhalten
837 1061 957 1121 haben.

421 1115 627 1175 Leipzig,
663 1112 713 1172 den
755 1109 817 1169 18.
846 1110 972 1170 Octob.

236 1163 297 1223 Da
332 1166 440 1226 unsrer
475 1160 702 1220 verwittweten
737 1160 947 1220 Churfürstin
982 1160 1124 1220 Königl.
1141 1156 1209 1216 Ho=

191 1213 257 1273 heit
280 1213 329 1273 den
358 1213 430 1273 8ten
464 1210 558 1270 dieses
586 1207 647 1267 mit
665 1205 753 1265 Jhro
776 1206 909 1266 Hoheit
937 1208 987 1268 der
1010 1205 1198 1265 Prinzessin

188 1258 389 1318 Cunigunda
425 1255 497 1315 nach
529 1255 662 1315 Töplitz
689 1252 863 1312 abgereiset
890 1254 982 1314 sind,
1019 1254 1060 1314 um
1107 1254 1199 1314 Dero

185 1306 316 1366 zweeten
347 1303 494 1363 Prinzen
525 1301 605 1361 Carl
632 1301 844 1361 Maximilian
880 1303 1027 1363 Durchl.
1047 1300 1103 1360 aus
1134 1300 1184 1360 dem

185 1354 329 1414 dortigen
356 1348 451 1408 Bade
474 1351 676 1411 abzuholen,
703 1350 729 1410 so
756 1351 852 1411 haben
885 1349 1119 1409 hochdieselben
1146 1345 1194 1405 sich

184 1405 232 1465 bey
265 1401 358 1461 dieser
386 1399 609 1459 Gelegenheit
631 1399 762 1459 daselbst
784 1399 844 1459 mit
867 1398 915 1458 des
943 1396 1052 1456 Röm.
1063 1396 1193 1456 Königs

186 1455 283 1515 Maj.
306 1452 365 1512 und
393 1449 441 1509 dem
481 1446 665 1506 Erzherzog
687 1446 824 1506 Leopold
846 1446 1052 1506 unterredet.

426 1497 686 1557 Hamburg,
715 1495 764 1555 den
804 1494 864 1554 16.
893 1494 969 1554 Oct.

1036 1541 1095 1601 daß
1138 1539 1185 1599 ein

230 1548 331 1608 Unsre
353 1545 476 1605 Briefe
499 1547 557 1607 aus
590 1542 805 1602 Petersburg
843 1542 1003 1602 melden,

176 1601 339 1661 Mitglied
373 1598 423 1658 der
451 1596 631 1656 Akademie
660 1593 715 1653 der
744 1590 1007 1650 Wissenschaften
1047 1590 1199 1650 daselbst,

181 1649 269 1709 Herr
292 1647 464 1707 Professor
492 1646 741 1706 Lomonossow,
764 1645 819 1705 sich
853 1640 1102 1700 vorgenommen
1136 1640 1191 1700 auf

177 1701 233 1761 das
263 1700 342 1760 neue
360 1700 439 1760 einen
469 1700 548 1760 Weg
572 1699 645 1759 nach
669 1697 818 1757 Amerika
841 1697 927 1757 durch
956 1694 1012 1754 das
1036 1691 1190 1751 Eismeer

179 1759 214 1819 zu
257 1754 441 1814 versuchen,
477 1752 536 1812 und
572 1751 632 1811 daß
668 1751 721 1811 der
752 1751 900 1811 Kaiserin
937 1748 1038 1808 Maj.
1068 1748 1115 1808 ihm
1157 1745 1186 1805 zu

181 1804 275 1864 diesem
332 1802 511 1862 Endzweck
551 1799 618 1859 zwo
647 1799 820 1859 Fregatten
866 1799 927 1859 auf
950 1799 1006 1859 den
1045 1799 1190 1859 nächsten

175 1849 341 1909 Frühling
378 1840 659 1900 allerhuldreichst
686 1840 868 1900 bewilliget
889 1837 1008 1897 haben.

432 1888 643 1948 London,
675 1885 732 1945 vom
791 1883 860 1943 16.
887 1882 970 1942 Oct.

233 1939 319 1999 Man
349 1938 535 1998 versichert,
553 1936 599 1996 daß
628 1933 698 1993 eine
722 1930 843 1990 Person
873 1930 931 1990 vom
972 1930 1065 1990 ersten
1100 1927 1198 1987 Ran¬

181 1998 213 2058 ge
241 1993 310 2053 nach
338 1990 441 2050 Polen
469 1984 604 2044 gesandt
621 1984 746 2044 werden
773 1983 843 2043 soll,
871 1980 903 2040 um
942 1981 990 2041 des
1012 1978 1104 2038 neuen
1132 1977 1196 2037 Kö¬

168 2093 312 2153 tuliren.
363 2085 425 2145 Ein
459 2084 604 2144 sauberer
639 2085 733 2145 Abriß
762 2082 818 2142 zur
846 2082 1193 2142 Krönungsmedaille

177 2145 216 2205 ist
245 2141 278 2201 an
319 2136 403 2196 einen
444 2135 579 2195 hiesigen
626 2136 835 2196 Medailleur
864 2133 1006 2193 geschickt
1041 2130 1193 2190 worden,

182 2193 313 2253 welchen
348 2185 392 2245 der
421 2184 529 2244 König
553 2186 615 2246 und
639 2184 689 2244 der
712 2184 815 2244 ganze
832 2184 906 2244 Hof
924 2183 1117 2243 bewundert
1129 2181 1196 2241 hat.

179 2243 229 2303 Es
253 2240 314 2300 sind
338 2236 365 2296 so
389 2234 480 2294 wohl
503 2234 553 2294 von
582 2231 650 2291 hier
679 2230 724 2290 als
759 2230 815 2290 von
856 2234 963 2294 Paris
992 2231 1190 2291 verschiedne

186 2291 379 2351 Engländer
397 2285 470 2345 nach
493 2282 663 2342 Warschau
692 2281 839 2341 gereiset,
862 2284 901 2344 um
942 2285 992 2345 den
1016 2285 1111 2345 neuen
1135 2282 1196 2342 Kö¬

177 2342 229 2402 nig
258 2340 369 2400 krönen
399 2337 427 2397 zu
458 2333 568 2393 sehen.
616 2330 696 2390 Von
726 2333 883 2393 Jamaica
908 2333 971 2393 sind
1001 2333 1071 2393 hier
1095 2333 1193 2393 Com¬

176 2390 342 2450 mißiones
378 2384 638 2444 angekommen,
668 2380 733 2440 mit
758 2384 858 2444 ehster
895 2384 1113 2444 Gelegenheit
1138 2380 1184 2440 für

181 2441 299 2501 90000
334 2437 401 2497 Pf.
430 2434 548 2494 Sterl.
566 2426 736 2486 Waaren,
759 2431 809 2491 die
838 2433 888 2493 sich
917 2433 973 2493 für
1008 2432 1052 2492 die
1081 2429 1193 2489 spani¬

181 2488 258 2548 schen
292 2485 425 2545 Markte
447 2483 474 2543 in
503 2481 552 2541 dem
598 2476 719 2536 dasigen
747 2482 935 2542 Welttheile
958 2480 1108 2540 schicken,
1136 2478 1191 2538 ab¬

173 2535 346 2595 zusenden.
415 2530 538 2590 Unsern
576 2527 712 2587 Briefen
756 2532 811 2592 von
849 2533 991 2593 Madrid
1023 2530 1053 2590 zu
1085 2528 1190 2588 folge,

180 2585 277 2645 haben
312 2581 381 2641 Se.
402 2580 561 2640 katolische
597 2575 693 2635 Maj.
722 2579 832 2639 Ordre
860 2581 991 2641 gegeben
1027 2578 1082 2638 daß
1110 2578 1179 2638 drey

180 2635 313 2695 Schiffe
334 2629 387 2689 von
421 2629 454 2689 70
495 2626 655 2686 Kanonen
689 2626 722 2686 zu
756 2632 876 2692 Ferrol
904 2631 963 2691 und
998 2629 1010 2689 2
1045 2628 1104 2688 von
1138 2623 1178 2683 60

173 2684 334 2744 Kanonen
360 2676 390 2736 zu
415 2676 627 2736 Carthagena
652 2673 683 2733 in
708 2675 782 2735 aller
808 2679 863 2739 Eil
889 2679 1025 2739 gebauet
1057 2676 1174 2736 werden

177 2737 286 2797 sollen.
334 2728 397 2788 Ein
426 2724 687 2784 Correspondent
717 2724 751 2784 zu
786 2730 890 2790 Paris
926 2730 1076 2790 berichtet
1100 2727 1186 2787 uns,

172 2790 230 2850 daß
259 2784 311 2844 itzo
335 2780 346 2840 4
376 2775 544 2835 beruhmte
569 2772 714 2832 Schulen
743 2775 877 2835 daselbst
895 2779 999 2839 wären
1035 2777 1180 2837 errichtet

173 2838 323 2898 worden,
348 2830 372 2890 in
403 2826 530 2886 welchen
561 2825 627 2885 man
664 2823 712 2883 die
743 2826 882 2886 Gründe
919 2829 967 2889 der
998 2829 1167 2889 englischen

177 2891 330 2951 Sprache
357 2882 497 2942 lehrete;
525 2878 584 2938 und
618 2878 671 2938 daß
699 2876 752 2936 der
773 2876 859 2936 Herr
887 2882 1087 2942 Cartwrigt,
1108 2878 1187 2938 wel=

1246 312 1315 372 cher
1348 311 1494 371 vormals
1532 315 1754 375 französischer
1792 318 2061 378 Sprachmeister
2089 318 2115 378 in
2154 321 2240 381 einem

1253 360 1454 420 Seminario
1480 363 1550 423 hier
1570 363 1596 423 in
1626 364 1752 424 London
1783 366 1868 426 war,
1894 366 1985 426 allein
2005 367 2080 427 über
2096 366 2156 426 200
2182 370 2267 430 Per¬

1245 410 1337 470 sonen
1364 410 1420 470 von
1452 412 1503 472 der
1524 411 1746 471 französischen
1782 416 1916 476 Jugend
1953 413 2009 473 von
2046 416 2247 476 Distinction

1245 461 1335 521 unter
1362 461 1457 521 seiner
1484 458 1626 518 Aufsicht
1643 461 1748 521 hatte.
1823 464 1897 524 Aus
1924 464 2008 524 einer
2040 461 2093 521 der
2125 466 2257 526 Caribi¬

1240 512 1324 572 schen
1351 509 1489 569 Inseln,
1516 511 1627 571 welche
1659 510 1685 570 im
1734 512 1871 572 Frieden
1909 514 1940 574 an
1973 514 2131 574 England
2164 518 2258 578 abge¬

1240 560 1335 620 treten
1366 560 1513 620 worden,
1539 560 1639 620 haben
1665 560 1725 620 wir
1751 560 1796 620 die
1817 563 1979 623 Zeitung,
2005 563 2060 623 daß
2086 563 2141 623 das
2167 566 2247 626 Land

1245 607 1378 667 daselbst
1400 610 1466 670 sehr
1487 610 1652 670 fruchtbar
1673 610 1734 670 und
1766 610 1883 670 bereits
1915 608 1981 668 mit
2013 610 2121 670 14000
2152 613 2255 673 Fran¬

1246 661 1326 721 zosen
1359 659 1413 719 und
1440 658 1651 718 Engländern
1679 660 1786 720 besetzt
1803 659 1867 719 sey.
1922 655 1970 715 Es
1992 658 2078 718 sollen
2111 661 2159 721 sich
2182 663 2246 723 auch

1238 709 1333 769 reiche
1360 709 1477 769 Minen
1510 709 1536 769 in
1563 709 1658 769 diesen
1702 710 1819 770 Inseln
1857 706 2032 766 befinden,
2060 710 2171 770 welche
2204 711 2251 771 die

1245 758 1420 818 Franzosen
1451 757 1513 817 aus
1540 760 1652 820 Furcht
1674 760 1730 820 vor
1757 760 1808 820 den
1834 754 2030 814 Caribischen
2051 758 2242 818 Indianern

1238 809 1324 869 nicht
1347 807 1471 867 geöfnet
1494 807 1613 867 haben.
1668 806 1717 866 Es
1739 807 1809 867 läßt
1832 807 1880 867 sich
1908 807 1978 867 aber
2001 807 2076 867 alles
2099 807 2158 867 nun
2186 807 2251 867 sehr

1241 857 1332 917 wohl
1355 858 1408 918 an,
1436 855 1473 915 sie
1496 855 1517 915 in
1551 857 1599 917 den
1632 858 1822 918 nützlichsten
1855 855 1968 915 Stand
1996 855 2029 915 zu
2062 856 2175 916 setzen,
2209 860 2257 920 so,

1246 909 1299 969 daß
1327 909 1358 969 es
1387 908 1456 968 bald
1484 906 1597 966 Inseln
1630 909 1684 969 von
1717 909 1765 969 der
1788 908 1906 968 grösten
1940 906 2151 966 Wichtigkeit
2178 906 2248 966 seyn

1239 957 1385 1017 werden.
1437 957 1510 1017 Vor
1533 959 1544 1019 8
1579 959 1686 1019 Tagen
1715 959 1749 1019 ist
1772 957 1817 1017 die
1852 957 1993 1017 Themse
2016 955 2089 1015 sehr
2118 954 2174 1014 aus
2203 954 2253 1014 ih¬

1240 1009 1298 1069 ren
1325 1007 1419 1067 Ufern
1452 1010 1584 1070 getreten
1622 1008 1679 1068 und
1717 1010 1775 1070 hat
1807 1008 1860 1068 auf
1881 1007 1928 1067 die
1955 1004 2093 1064 200000
2131 1005 2246 1065 Pfund

1235 1056 1357 1116 Sterl.
1384 1061 1543 1121 Schaden
1576 1061 1799 1121 verursachet,
1821 1060 1911 1120 indem
1965 1057 2018 1117 das
2055 1055 2182 1115 Wasser
2215 1055 2241 1115 in

1233 1109 1298 1169 alle
1325 1109 1423 1169 daran
1445 1112 1575 1172 gelegne
1603 1112 1706 1172 Keller
1734 1112 1793 1172 und
1816 1109 2022 1169 Packhäuser
2050 1106 2251 1166 gedrungen,

1240 1159 1375 1219 welches
1401 1157 1441 1217 ein
1472 1160 1623 1220 Umstand
1649 1160 1699 1220 ist,
1724 1158 1774 1218 den
1805 1157 1875 1217 man
1906 1157 1961 1217 seit
1987 1157 2082 1217 vielen
2113 1154 2239 1214 Jahren

1235 1207 1320 1267 nicht
1342 1207 1463 1267 gehabt
1486 1207 1554 1267 hat.
1603 1204 1842 1264 Dasgemalte
1863 1198 1942 1258 Bild
1970 1201 2023 1261 des
2045 1201 2118 1261 Lord
2146 1201 2246 1261 Chies

1237 1255 1370 1315 Justice
1397 1255 1499 1315 Pratt
1521 1252 1629 1312 wurde
1650 1252 1743 1312 dieser
1764 1252 1872 1312 Tagen
1903 1249 1960 1309 auf
1976 1246 2104 1306 hiesigem
2141 1247 2249 1307 Rath¬

1235 1302 1333 1362 hause
1354 1302 1447 1362 gleich
1474 1300 1567 1360 neben
1594 1300 1645 1360 dem
1687 1300 1854 1360 Bildniße
1875 1297 1983 1357 unsres
2011 1297 2145 1357 Königs
2177 1297 2249 1357 auf¬

1237 1351 1393 1411 gestellet.

1440 1393 1703 1453 Warschau,
1734 1395 1785 1455 den
1827 1395 1885 1455 25.
1921 1393 2037 1453 Octob.

1278 1437 1360 1497 Des
1390 1443 1520 1503 Fürsten
1557 1443 1710 1503 Bischofs
1746 1443 1800 1503 von
1842 1443 1966 1503 Cracau
1996 1440 2150 1500 Durchl.
2174 1441 2238 1501 sind

1232 1490 1301 1550 hier
1333 1490 1370 1550 am
1413 1494 1523 1554 21sten
1561 1491 1581 1551 in
1619 1493 1809 1553 zahlreichem
1858 1490 2000 1550 Gefolge
2033 1485 2122 1545 Dero
2154 1488 2244 1548 Hof¬

1231 1541 1317 1601 staat
1336 1539 1393 1599 und
1422 1540 1599 1600 Dragoner
1624 1542 1878 1602 angekommen,
1898 1539 1954 1599 und
1984 1539 2084 1599 hatten
2118 1539 2151 1599 am
2190 1538 2247 1598 fol¬

1230 1590 1350 1650 genden
1381 1590 1465 1650 Tage
1491 1590 1576 1650 nebst
1607 1590 1657 1650 dem
1698 1590 1788 1650 Hrn.
1809 1587 2125 1647 Kronreferendario
2151 1589 2241 1649 Gra¬

1228 1640 1273 1700 fen
1308 1637 1460 1697 Podoski
1484 1638 1534 1698 bey
1564 1640 1637 1700 Sr.
1655 1640 1751 1700 Maj.
1774 1640 1842 1700 dero
1871 1640 1944 1700 erste
1962 1638 2132 1698 Audienz,
2166 1637 2240 1697 Sie

1230 1691 1358 1751 wurden
1385 1691 1443 1751 gar
1465 1691 1582 1751 gnädig
1609 1691 1827 1751 empfangen.
1892 1691 1966 1751 Und
1999 1688 2025 1748 es
2063 1688 2137 1748 wird
2175 1688 2243 1748 hier

1230 1745 1391 1805 öffentlich
1416 1745 1620 1805 gesprochen,
1638 1745 1692 1805 daß
1722 1745 1962 1805 hochgedachter
1987 1742 2082 1802 Fürst
2101 1739 2239 1799 Bischof

1235 1796 1291 1856 von
1328 1796 1451 1856 Cracau
1482 1796 1533 1856 die
1565 1798 1703 1858 Königl.
1730 1797 1889 1857 Krönung
1921 1796 2090 1856 verrichten
2127 1793 2229 1853 werde

1228 1837 1309 1897 denn
1337 1837 1468 1897 obgleich
1496 1837 1545 1897 des
1574 1840 1705 1900 Fürsten
1732 1838 1877 1898 Primas
1901 1841 2050 1901 Durchl.
2074 1843 2128 1903 zur
2151 1841 2250 1901 ziem¬

1228 1879 1321 1939 lichen
1351 1882 1527 1942 Genesung
1558 1885 1710 1945 gelanget
1725 1885 1789 1945 sey,
1819 1885 1877 1945 und
1908 1885 1951 1945 sich
1986 1885 2085 1945 außer
2110 1888 2246 1948 Lebens¬

1227 1927 1344 1987 gefahr
1376 1930 1555 1990 befinden,
1607 1931 1638 1991 so
1674 1930 1756 1990 wird
1793 1932 1864 1992 doch
1901 1930 1972 1990 dero
2014 1933 2234 1993 gewöhnliche

1227 1978 1465 2038 Schwachheit
1487 1978 1566 2038 nicht
1587 1979 1741 2039 zulaßen,
1768 1978 1863 2038 dieses
1890 1978 2122 2038 beschwerliche
2149 1982 2244 2042 Cere¬

180 2045 253 2105 nigs
284 2040 376 2100 Maj.
395 2036 425 2096 zu
457 2034 542 2094 Dero
573 2034 776 2094 Gelangung
802 2032 856 2092 zum
906 2031 1023 2091 Thron
1055 2028 1085 2088 zu
1116 2028 1189 2088 gra=
1221 2028 1355 2088 moniel
1381 2027 1411 2087 zu
1443 2028 1639 2088 verrichten.
1689 2028 1768 2088 Sr.
1794 2027 1868 2087 Erl.
1893 2028 1948 2088 der
1973 2029 2046 2089 Hr.
2071 2031 2231 2091 Castellan

1227 2077 1285 2137 von
1354 2079 1481 2139 Cracau
1513 2076 1842 2136 Krongroßfeldherr
1879 2079 1984 2139 haben
2033 2079 2085 2139 den
2123 2082 2228 2142 Herrn

1222 2127 1386 2187 Leibucki,
1408 2127 1540 2187 Richter
1562 2127 1620 2187 von
1647 2130 1896 2190 Priemislien,
1929 2129 1992 2189 mit
2019 2127 2071 2187 dem
2120 2130 2225 2190 Receß

1224 2179 1278 2239 von
1319 2178 1389 2238 dero
1435 2179 1692 2239 Manifestation
1738 2181 1843 2241 wider
1879 2178 1929 2238 den
1970 2181 2236 2241 Convocations¬

1223 2229 1380 2289 reichstag
1413 2229 1472 2289 und
1511 2230 1570 2290 mit
1598 2231 1651 2291 der
1674 2231 1891 2291 Recognition
1930 2231 1962 2291 an
2000 2231 2076 2291 Sr.
2099 2233 2239 2293 Königl.

1223 2279 1322 2339 Maj.
1345 2279 1561 2339 abgeschicket,
1579 2282 1711 2342 letzteres
1740 2282 1850 2342 wurde
1873 2282 2022 2342 gnädigst
2045 2282 2239 2342 aufgenom¬

1220 2330 1324 2390 men,
1353 2326 1402 2386 der
1425 2327 1530 2387 Receß
1559 2333 1708 2393 hingegen
1742 2333 1852 2393 wieder
1875 2334 2147 2394 zurückgegeben,
2164 2333 2241 2393 weil

1222 2379 1361 2439 derselbe
1382 2375 1438 2435 mit
1460 2378 1557 2438 vielen
1589 2384 1774 2444 Clausuln,
1801 2382 1955 2442 Satyren
1981 2382 2043 2442 und
2069 2381 2234 2441 zweydeu¬

1224 2429 1304 2489 tigen
1328 2426 1473 2486 Wörtern
1503 2431 1659 2491 abgefaßt
1677 2435 1833 2495 gewesen.
1886 2428 1931 2488 Es
1961 2428 2013 2488 bat
2031 2429 2222 2489 derohalben

1219 2477 1271 2537 der
1301 2476 1370 2536 Hr.
1394 2476 1545 2536 Lewiecki
1569 2482 1604 2542 um
1657 2483 1738 2543 Frist
1768 2482 1826 2542 von
1856 2479 1977 2539 etlichen
2014 2476 2147 2536 Tagen,
2171 2479 2211 2539 um

1223 2527 1313 2587 einen
1342 2524 1471 2584 anderen
1506 2528 1533 2588 zu
1562 2535 1765 2595 verschaffen,
1782 2533 1810 2593 da
1839 2530 1912 2590 aber
1935 2527 2002 2587 auch
2031 2524 2126 2584 dieser
2150 2527 2217 2587 eben

1223 2577 1250 2637 so
1279 2575 1442 2635 beschaffen
1483 2581 1646 2641 gewesen,
1680 2586 1708 2646 so
1743 2581 1781 2641 ist
1805 2578 1968 2638 gedachter
1991 2578 2058 2638 Hr.
2076 2576 2228 2636 Lewiecki

1222 2625 1313 2685 heute
1341 2623 1465 2683 selbsten
1503 2630 1578 2690 nach
1601 2631 1779 2691 Bialistock
1807 2626 2006 2686 abgereiset,
2044 2626 2135 2686 allwo
2169 2627 2222 2687 der

1219 2676 1282 2736 Hr.
1304 2673 1549 2733 Großseldherr
1571 2679 1624 2739 von
1667 2677 1821 2737 Lithauen
1854 2675 1885 2735 zu
1923 2676 2007 2736 einer
2030 2673 2135 2733 Visite
2163 2676 2205 2736 ein

1222 2722 1390 2782 getroffen.
1424 2727 1499 2787 Des
1521 2730 1613 2790 Hrn.
1630 2727 1754 2787 Grafen
1788 2724 1842 2784 von
1870 2726 2054 2786 Ossolinski
2071 2724 2227 2784 Woywo=

1214 2775 1265 2835 den
1297 2772 1348 2832 von
1380 2778 1571 2838 Volhynien
1597 2778 1716 2838 Excell.
1732 2775 1793 2835 sind
1820 2775 1933 2835 bereits
1960 2775 2021 2835 aus
2053 2774 2125 2834 dero
2146 2774 2223 2834 Gü¬

1210 2826 1271 2886 tern
1299 2823 1415 2883 Ossolin
1438 2832 1555 2892 anhero
1584 2826 1773 2886 abgereiset,
1796 2826 1834 2886 um
1874 2824 1951 2884 Sr.
1968 2825 2108 2885 Königl.
2131 2824 2230 2884 Maj.

1211 2879 1280 2939 dero
1304 2879 1524 2939 Recognition
1554 2879 1744 2939 abzulegen.
1821 2876 1872 2936 Es
1908 2874 1983 2934 wird
2018 2873 2226 2933 gesprochen,

2149 2927 2212 2987 daß
