2479 3508
556 377 731 437 Dritte
765 377 933 437 Scene
975 379 1021 439 um
1089 380 1156 440 die
1198 380 1312 440 Zeit
1347 380 1420 440 des
1475 380 1833 440 Abendopfers.

1083 430 1188 490 (wieder
1223 428 1309 488 helle.)

620 474 678 534 Ach
711 479 775 539 wie
802 479 899 539 blas!
919 481 938 541 —
991 482 1062 542 Die
1095 482 1198 542 Brust
1225 482 1309 542 kocht
1336 483 1466 543 nieder!
1493 482 1505 542 —
1558 482 1590 542 er
1623 485 1739 545 winkt!
1766 488 1889 548 (Mich
1922 488 2091 548 dürstet!

224 485 294 545 (Sie
316 487 365 547 sehn
393 488 428 548 ihn
457 488 527 548 alle.)

1811 527 1865 587 mit
1884 530 2028 590 sterbender
2051 530 2194 590 Stimme.)

569 557 701 617 Sohn!
730 558 813 618 diese
841 560 1085 620 Mutterbrust!
1108 563 1124 623 —
1208 560 1302 620 (Der
1325 561 1485 621 Fremde)
1502 561 1579 621 mein
1613 561 1723 621 Blut!

271 565 460 625 (Maria:)

1467 605 1552 665 (Eine
1572 604 1614 664 der
1633 607 1751 667 Weiber)
1776 607 1822 667 Er
1851 614 1950 674 trinkt

565 649 619 709 den
655 652 835 712 allerletzten
871 652 981 712 Trank
1012 655 1067 715 nun
1102 654 1117 714 :
1143 652 1192 712 (der
1218 651 1338 711 Fremde)
1369 652 1424 712 und
1459 652 1489 712 du
1530 652 1730 712 Bösewicht!

567 695 611 755 Er
639 700 826 760 schaudert?
860 701 1042 761 (Vater!
1065 700 1340 760 vollbracht!)
1391 700 1489 760 (alle)
1518 701 1628 761 Gott!
1651 703 1705 763 sein
1739 706 1855 766 Haupt
1883 709 1960 769 sinkt

564 743 697 803 nieder!
727 748 776 808 Er
802 746 914 806 stirbt!
940 743 954 803 —
1019 747 1073 807 (die
1093 745 1157 805 Erde
1177 745 1260 805 bebt.)

184 789 268 849 (Der
295 792 551 852 Hauptmann.)
568 792 807 852 Wahrhaftig,
835 795 882 855 der
914 795 978 855 war
1011 792 1133 852 Gottes
1166 792 1293 852 Sohn!

280 839 469 899 (Johannes.)

568 840 614 900 Er
640 841 722 901 ists!
754 841 800 901 Er
831 843 918 903 lebt!
950 842 1011 902 (Ein
1033 837 1233 897 Kriegsknecht)
1260 839 1305 899 Er
1332 840 1419 900 lebt?
1451 840 1507 900 (Er
1528 843 1595 903 läuft
1611 843 1657 903 mit
1678 846 1719 906 dem
1756 846 1838 906 Speer
1859 850 1920 910 zu:)

1203 885 1271 945 (Der
1293 885 1414 945 Fremde)
1446 891 1536 951 Noch
1573 894 1668 954 wider
1700 894 1800 954 Todte
1828 897 1954 957 Wuth!

210 925 365 985 Sohannes
394 928 436 988 von
458 931 543 991 fern.)

569 933 614 993 Er
643 937 750 997 sticht!
784 933 795 993 —
858 935 902 995 o!
931 933 1055 993 Waßer
1090 931 1145 991 und
1180 932 1287 992 Blut!

395 984 464 1044 (Der
481 984 648 1044 Fremdling,
665 985 707 1045 der
730 984 767 1044 den
794 984 891 1044 Römer
914 982 1091 1042 einzuhalten,
1108 984 1162 1044 dazu
1184 981 1248 1041 lief,
1265 981 1329 1041 wird
1351 983 1399 1043 mit
1416 985 1496 1045 dieser
1519 987 1588 1047 Fluth
1616 990 1729 1050 bedeckt,
1746 992 1837 1052 besteht
1859 995 1924 1055 sich,
1941 997 1988 1057 und
2011 995 2139 1055 spricht:)

560 1034 723 1094 Unreiner
751 1034 813 1094 ich!
846 1031 935 1091 triefe
968 1031 1020 1091 vom
1068 1032 1200 1092 heiligen
1237 1031 1326 1091 Saft

561 1082 663 1142 seines
690 1079 863 1139 Herzens!
890 1079 1004 1139 Wasch
1037 1079 1090 1139 zum
1134 1079 1307 1139 Priester,
1329 1079 1420 1139 wasch
1459 1085 1555 1145 mich,
1583 1088 1674 1148 Blut

560 1126 622 1186 das
651 1128 701 1188 ins
736 1130 888 1190 Heiligste
918 1130 1013 1190 drang
1048 1127 1058 1187 —
1122 1129 1161 1189 ich
1190 1130 1286 1190 fühl,
1309 1128 1387 1188 fühl
1411 1136 1637 1196 Gotteskraft,

558 1175 930 1235 Prophetenschauder!
957 1174 972 1234 —

1032 1175 1150 1235 Sieh!
1189 1178 1248 1238 vom
1292 1178 1475 1238 Osterlamm

557 1216 670 1276 raucht
696 1219 784 1279 süßer
814 1222 1007 1282 Weihrauch
1042 1223 1095 1283 auf
1126 1220 1140 1280 —
1200 1222 1254 1282 vom
1299 1225 1422 1285 Stamm

550 1261 604 1321 des
639 1263 747 1323 Altars
782 1261 889 1321 Gott!
925 1265 939 1325 —
994 1266 1091 1326 Dort
1117 1267 1245 1327 fernher
1275 1269 1447 1329 kommen,
1472 1273 1530 1333 und
1565 1273 1634 1333 eßen

556 1304 609 1364 die
637 1305 741 1365 Fetten
773 1309 986 1369 Opfermark.
1036 1306 1086 1366 Es
1118 1311 1253 1371 taumelt
1281 1309 1326 1369 der
1358 1314 1548 1374 Erdenkreis

555 1346 611 1406 vom
660 1349 850 1409 Blutkelch,
875 1351 927 1411 den
961 1349 994 1409 er
1019 1351 1133 1411 trank,
1162 1350 1219 1410 und
1253 1351 1348 1411 keimt
1373 1353 1425 1413 dem
1468 1357 1578 1417 dürren
1617 1358 1697 1418 Reis

547 1393 701 1453 Saamen
738 1393 874 1453 empor,
898 1394 956 1454 auf
984 1393 1029 1453 dem
1079 1393 1124 1453 die
1157 1394 1252 1454 Adler
1280 1394 1411 1454 thronen

551 1438 612 1498 und
644 1440 757 1500 Riesen
794 1440 876 1500 seine
903 1437 1032 1497 Beut',
1053 1438 1078 1498 im
1125 1440 1280 1500 Schatten
1317 1442 1492 1502 wohnen-

561 1484 745 1544 Ewigkeiten
783 1486 842 1546 sind
875 1486 929 1546 des
962 1488 1188 1548 Würglamms
1221 1488 1351 1548 Preis!

172 1517 330 1577 (Johannes
362 1515 400 1575 zum
432 1517 533 1577 Kriegs

556 1533 610 1593 Du
649 1533 731 1593 wirst
760 1537 858 1597 sehn,
887 1539 952 1599 wen
986 1536 1018 1596 du
1052 1538 1184 1598 stachst?
1218 1539 1294 1599 denn
1328 1539 1388 1599 mit
1416 1542 1465 1602 dem
1510 1543 1736 1603 Wolkenthron

299 1551 419 1611 knecht.)

553 1584 669 1644 Sieh!
701 1587 822 1647 kommt
849 1587 907 1647 er!
929 1585 939 1645 —
1003 1587 1108 1647 Heult
1130 1590 1182 1650 den
1220 1592 1388 1652 erstochnen
1426 1593 1516 1653 ersten
1553 1593 1674 1653 Sohn,

550 1635 703 1695 Völker!

789 1637 863 1697 Den
904 1640 1043 1700 Mörder
1073 1640 1107 1700 am
1154 1643 1281 1703 Kreuz,
1311 1643 1356 1703 den
1397 1643 1548 1703 Sieger,
1571 1643 1617 1703 den
1659 1643 1785 1703 Reichen

551 1688 579 1748 im
626 1691 759 1751 Grab'.

876 1726 915 1786 Es
946 1727 1056 1787 kommen
1087 1726 1122 1786 die
1152 1730 1258 1790 Reichen
1289 1728 1328 1788 ihn
1359 1730 1378 1790 zu
1409 1730 1560 1790 begraben:
1580 1727 1590 1787 —
1641 1727 1696 1787 Der
1722 1730 1837 1790 Leichnam
1883 1733 1943 1793 wird
1973 1736 2159 1796 abgenommen

807 1757 860 1817 und
883 1757 924 1817 zum
959 1757 1042 1817 Felsen
1069 1757 1201 1817 getragen.
1250 1758 1303 1818 Die
1330 1760 1398 1820 durch
1425 1758 1462 1818 ihn
1493 1760 1606 1820 genesete
1625 1763 1727 1823 Kranke
1750 1763 1795 1823 und
1822 1763 1897 1823 Todte
1921 1766 2000 1826 folgen
2031 1769 2075 1829 und
2099 1769 2177 1829 singen

809 1790 856 1850 sein
881 1789 945 1849 Lob:
961 1787 997 1847 die
1018 1792 1114 1852 Weiber
1134 1793 1275 1853 ebenfalls:
1292 1793 1299 1853 —
1344 1793 1384 1853 der
1405 1793 1509 1853 Fremde
1526 1796 1586 1856 steht
1602 1796 1799 1856 stillschweigend
1823 1799 1848 1859 am
1876 1799 1972 1859 Grabe,
1989 1802 2049 1862 sieht
2065 1802 2177 1862 hinein:)

719 1834 892 1894 Verwesen
927 1834 1035 1894 kannst
1065 1836 1100 1896 du
1135 1840 1238 1900 nicht!

1383 1840 1527 1900 Vergeß
1559 1843 1600 1903 ich
1636 1846 1693 1906 dich
1730 1846 1776 1906 (Er
1792 1848 1885 1908 schlägt
1906 1849 1942 1909 sich
1969 1852 1999 1912 an
2020 1852 2061 1912 die
2078 1852 2180 1912 Brust.)

717 1884 746 1944 so
782 1879 883 1939 vergiß
919 1879 943 1939 im
995 1881 1080 1941 Tode
1111 1885 1161 1945 den
1197 1885 1368 1945 lechzenden
1409 1885 1499 1945 mich,

718 1925 774 1985 vor
806 1926 960 1986 Gericht,
987 1924 1012 1984 im
1059 1930 1151 1990 Buch
1183 1932 1234 1992 des
1266 1930 1384 1990 Lebens
1416 1932 1518 1992 mich!
1540 1933 1554 1993 -

642 1978 799 2038 (Tiefsinnig
821 1978 879 2038 geht
902 1975 924 2035 er
951 1977 1022 2037 weg:
1050 1978 1089 2038 die
1112 1978 1206 2038 Sonne
1229 1977 1305 2037 gehet
1323 1978 1425 2038 unter.)

417 2144 606 2204 Berlin,
633 2148 685 2208 den
719 2145 777 2205 14.
811 2142 914 2202 April.

222 2191 454 2251 Donnerstags
473 2196 573 2256 kamen
605 2195 648 2255 der
674 2193 987 2253 Römisch=Kayserl.
1001 2187 1157 2247 General¬

179 2243 281 2303 major
314 2242 368 2302 von
401 2241 449 2301 der
476 2243 654 2303 Cavallerie
682 2241 795 2301 Fürst
823 2240 893 2300 von
926 2234 1152 2294 Lobkowitz

173 2292 237 2352 und
270 2292 318 2352 der
347 2291 498 2351 wirkliche
520 2289 775 2349 Kammerherr,
802 2287 910 2347 Herr
938 2282 1057 2342 Graf
1085 2278 1160 2338 An¬

173 2337 237 2397 ton
270 2339 340 2399 von
378 2339 642 2399 Schafgotsch
676 2335 735 2395 aus
762 2335 934 2395 Frankfurt
957 2330 988 2390 am
1038 2328 1140 2388 Mayn

178 2387 241 2447 hier
263 2388 320 2448 an.
369 2386 511 2446 Ersterer
532 2384 591 2444 soll
607 2384 654 2444 dem
697 2384 792 2444 Ruß.
808 2385 955 2445 Kayserl.
972 2380 1030 2440 und
1062 2375 1156 2435 letzte¬

176 2435 227 2495 rer
255 2435 306 2495 dem
352 2435 481 2495 hiesigen
516 2432 657 2492 Königl.
675 2432 759 2492 Hofe
788 2434 833 2494 die
868 2431 1026 2491 glückliche
1055 2423 1155 2483 Wahl

171 2482 232 2542 und
262 2484 420 2544 Krönung
461 2479 540 2539 Sr.
569 2479 750 2539 Königl.
785 2479 960 2539 Majest.
989 2470 1142 2530 Joseph

177 2530 242 2590 des
266 2533 449 2593 Zweyten
485 2530 550 2590 zum
598 2527 840 2587 Römischen
870 2527 1036 2587 Könige
1066 2518 1160 2578 über¬

170 2579 330 2639 bringen.

294 2623 532 2683 Frankfurt
561 2623 593 2683 am
638 2620 760 2680 Main,
783 2621 832 2681 den
866 2621 910 2681 6.
933 2618 1044 2678 April.

218 2672 266 2732 An
299 2670 521 2730 auswärtigen
560 2667 663 2727 Höfen
707 2665 761 2725 von
805 2668 858 2728 der
886 2667 1055 2727 glücklichst
1082 2660 1157 2720 voll¬

172 2721 307 2781 brachten
335 2718 437 2778 Wahl
459 2718 519 2778 und
552 2715 709 2775 Krönung
737 2710 806 2770 Sr.
835 2718 932 2778 Maj.
960 2714 1008 2774 des
1036 2710 1154 2770 Römi¬

172 2772 249 2832 schen
283 2766 404 2826 Königs
433 2763 477 2823 die
500 2763 632 2823 Anzeige
655 2760 682 2820 zu
710 2760 810 2820 thun,
844 2764 905 2824 sind
933 2760 1149 2820 nachstehende

169 2819 440 2879 Kammerherren
470 2814 625 2874 ernannt:
649 2811 741 2871 Graf
759 2814 857 2874 Leßlie
881 2818 949 2878 geht
968 2817 1036 2877 nach
1060 2811 1146 2871 Par¬

1187 2138 1260 2198 ma,
1284 2135 1374 2195 Graf
1397 2135 1521 2195 Sporck
1556 2138 1624 2198 nach
1658 2140 1834 2200 Dresden,
1857 2142 1952 2202 Graf
1976 2146 2162 2206 Sternberg

1187 2185 1256 2245 nach
1284 2184 1430 2244 Brüssel,
1452 2186 1544 2246 Graf
1566 2190 1950 2250 Gundacker=Colloredo
1972 2193 2043 2253 nach
2059 2196 2167 2256 Wien,

1185 2231 1279 2291 Fürst
1301 2229 1484 2289 Auersberg
1506 2234 1572 2294 nach
1606 2240 1777 2300 England,
1806 2241 1894 2301 Graf
1911 2243 1988 2303 Carl
2011 2246 2171 2306 Dietrich¬

1187 2279 1258 2339 stein
1286 2277 1352 2337 nach
1375 2279 1496 2339 Paris,
1536 2288 1635 2348 Fürst
1664 2292 1940 2352 Schwarzenberg
1974 2294 2041 2354 nach
2069 2297 2174 2357 Rom,

1187 2326 1280 2386 Graf
1303 2326 1430 2386 Kinsky
1464 2332 1529 2392 nach
1563 2339 1745 2399 Neapolis,
1768 2342 1861 2402 Graf
1889 2342 2060 2402 Kirchberg
2094 2344 2160 2404 nach

1196 2372 1317 2432 Turin,
1340 2375 1433 2435 Graf
1456 2383 1549 2443 Thun
1578 2387 1643 2447 nach
1672 2390 1854 2450 München,
1877 2390 1970 2450 Graf
1993 2390 2180 2450 Kevenhül¬

1189 2423 1235 2483 ler
1258 2422 1327 2482 nach
1357 2426 1525 2486 Modena,
1548 2437 1704 2497 Freyherr
1734 2437 1785 2497 von
1820 2437 1924 2497 Bibra
1954 2437 2017 2497 nach
2047 2440 2173 2500 Mann¬

1190 2469 1291 2529 heim,
1315 2471 1404 2531 Graf
1422 2476 1478 2536 von
1513 2481 1586 2541 Taff
1609 2484 1676 2544 nach
1711 2485 1846 2545 Lissabon
1881 2487 1919 2547 rc.
1931 2488 1970 2548 rc.
2039 2485 2168 2545 Vorge=

1191 2518 1262 2578 stern
1299 2521 1504 2581 Nachmittag
1542 2531 1638 2591 gegen
1669 2536 1680 2596 4
1717 2536 1777 2596 Uhr
1801 2534 1922 2594 langten
1953 2530 2037 2590 Jhro
2062 2533 2170 2593 Chur=

1189 2566 1301 2626 fürstl.
1315 2572 1460 2632 Durchl.
1474 2575 1506 2635 zu
1540 2580 1652 2640 Pfaltz
1667 2583 1725 2643 mit
1753 2583 1832 2643 einem
1879 2578 2064 2638 zahlreichen
2098 2578 2163 2638 Ge¬

1183 2617 1271 2677 folge
1297 2617 1384 2677 unter
1410 2626 1605 2686 Abfeurung
1638 2630 1701 2690 125
1739 2629 1884 2689 Canonen
1922 2626 1985 2686 hier
2018 2629 2086 2689 an,
2106 2628 2168 2688 em¬

1187 2664 1311 2724 pfingen
1341 2667 1405 2727 bald
1435 2673 1547 2733 darauf
1571 2676 1618 2736 den
1642 2676 1760 2736 Besuch
1784 2676 1836 2736 von
1867 2673 1949 2733 Jhro
1967 2676 2167 2736 Churfürstl.

1190 2712 1322 2772 Gnaden
1347 2716 1376 2776 zu
1407 2724 1552 2784 Mainz,
1577 2724 1710 2784 machten
1741 2724 1849 2784 gestern
1880 2724 2019 2784 Morgen
2044 2721 2079 2781 um
2116 2721 2158 2781 11

1185 2759 1254 2819 Uhr
1279 2763 1329 2823 bey
1355 2768 1442 2828 Jhro
1474 2772 1611 2832 Kaiserl.
1631 2773 1686 2833 und
1712 2772 1812 2832 Röm.
1831 2772 1968 2832 Königl.
1982 2769 2075 2829 Maj.
2088 2769 2163 2829 Auf=

1178 2814 1345 2874 wartung,
1371 2820 1433 2880 und
1453 2826 1589 2886 statteten
1614 2826 1701 2886 gegen
1733 2823 1857 2883 Mittag
1876 2822 1926 2882 bey
1945 2817 2169 2877 Chur=Mainz

2096 2864 2167 2924 den
