2479 3508
282 381 338 441 den
373 382 593 442 Gegenbesuch
622 380 678 440 ab.
724 380 803 440 Se.
821 383 922 443 Maj.
940 383 990 443 der
1014 383 1177 443 Römische
1201 382 1268 442 Kai

281 428 322 488 ser
348 428 441 488 haben
473 431 566 491 heute
587 428 768 488 Vormittag
800 430 851 490 bey
878 431 929 491 den
966 431 1173 491 Churfursten
1210 428 1267 488 von

281 476 409 536 Mainz
431 476 487 536 und
518 475 611 535 Trier
637 476 683 536 die
699 476 797 536 Visite
813 479 967 539 gemacht,
994 479 1096 539 wobey
1128 479 1174 539 der
1190 479 1272 539 Herr

271 524 615 584 Obrist=Kämmerer,
647 524 746 584 Fürst
773 525 824 585 von
861 527 1102 587 Kevenhüller,
1139 527 1196 587 und
1228 525 1274 585 der

276 572 364 632 Herr
386 574 734 634 Ober=Stallmeister,
756 575 854 635 Fürst
871 575 922 635 von
949 575 1152 635 Auersberg,
1173 573 1277 633 Aller¬

285 619 539 679 höchstdieselben
578 622 784 682 begleiteten.
828 622 1039 682 Nachmittag
1073 622 1110 682 um
1159 624 1175 684 5
1208 622 1273 682 Uhr

284 667 411 727 geschah
444 669 485 729 ein
523 670 655 730 gleiches
682 669 735 729 bey
762 667 815 727 den
852 667 1059 727 Churfürsten
1096 670 1154 730 von
1187 670 1271 730 Cölln

282 713 345 773 und
367 715 484 775 Pfalz.
559 718 729 778 Morgens
762 717 794 777 um
842 716 857 776 8
885 715 948 775 Uhr
981 718 1114 778 erhoben
1152 718 1199 778 sich
1226 715 1274 775 des

290 763 398 823 Röm.
420 766 550 826 Königs
583 762 681 822 Maj.
709 763 795 823 nebst
823 763 871 823 des
905 763 1045 823 Durchl.
1073 764 1273 824 Erzherzogs

286 810 420 870 Leopold
451 810 482 870 in
513 810 714 870 Begleitung
746 810 797 870 des
828 810 936 870 Herrn
968 813 1272 873 Oberstallmeisters

286 858 415 918 Fürsten
447 858 503 918 von
535 858 758 918 Dietrichstein
794 858 851 918 und
877 858 1152 918 Oberhofmeister
1173 858 1271 918 Herrn

288 903 412 963 Grafen
442 906 496 966 von
526 906 615 966 Thun
646 906 704 966 und
735 906 798 966 noch
829 909 947 969 einiger
968 906 1081 966 andern
1107 906 1279 966 Cavaliers

294 952 361 1012 nach
392 954 515 1014 Bergen
548 954 599 1014 das
625 954 697 1014 Feld
718 952 749 1012 zu
775 954 925 1014 besehen,
951 951 992 1011 wo
1013 954 1044 1014 am
1081 954 1168 1014 13ten
1190 951 1287 1011 Febr.

284 999 370 1059 1759
401 1000 446 1060 die
467 1001 691 1061 denkwürdige
717 1001 876 1061 Schlacht
892 998 1070 1058 geschehen,
1096 1001 1151 1061 und
1172 1001 1274 1061 kamen

294 1046 384 1106 gegen
420 1046 541 1106 Mittag
567 1046 682 1106 wieder
713 1046 738 1106 in
769 1046 814 1106 die
840 1046 951 1106 Stadt
977 1046 1102 1106 zurück.
1174 1047 1284 1107 Nach¬

289 1094 400 1154 mittag
426 1092 563 1152 machten
599 1094 928 1154 Allerhöchstdieselbe
954 1091 1004 1151 bey
1036 1091 1086 1151 den
1122 1093 1289 1153 Churfür¬

289 1142 349 1202 sten
380 1139 435 1199 von
461 1139 583 1199 Mainz
604 1139 664 1199 und
695 1139 807 1199 Trier,
833 1136 878 1196 die
899 1136 1020 1196 Visite.
1067 1139 1172 1199 Heute
1188 1137 1279 1197 gegen

296 1187 337 1247 11
363 1187 430 1247 Uhr
451 1184 658 1244 Vormittags
684 1184 849 1244 geruheten
881 1182 968 1242 Ihro
995 1184 1134 1244 Kaiserl.
1150 1184 1284 1244 Königl.

300 1233 402 1293 Maj.
419 1236 478 1296 und
512 1233 565 1293 der
593 1231 767 1291 Erzherzog
805 1231 903 1291 denen
941 1231 1071 1291 hiesigen
1110 1231 1277 1291 Jüdischen

296 1285 492 1345 Vorstehern
519 1281 580 1341 und
607 1280 865 1340 Baumeistern,
886 1282 1015 1342 nemlich
1052 1279 1103 1339 dem
1145 1279 1289 1339 Kaiserl.

295 1333 489 1393 Hoffactor,
517 1332 639 1392 Sußel
667 1331 795 1391 Mayer
823 1332 939 1392 Juda,
973 1330 1028 1390 dem
1084 1330 1289 1390 Hochfürstl.

299 1381 415 1441 Thurn
458 1381 515 1441 und
548 1381 705 1441 Taxischen
743 1381 912 1441 Hoffactor
949 1381 1055 1441 Lösser
1082 1382 1181 1442 Leiter
1219 1380 1276 1440 und

300 1428 440 1488 Moyses
463 1428 625 1488 Benedict
648 1428 782 1488 Beyfuß
816 1428 880 1488 eine
908 1428 1153 1488 allergnädigste
1180 1430 1293 1490 öffent¬

294 1474 366 1534 liche
388 1476 532 1536 Audienz
554 1476 584 1536 zu
616 1476 782 1536 ertheilen,
809 1476 871 1536 und
892 1476 959 1536 ihre
986 1477 1198 1537 gewöhnliche
1220 1476 1292 1536 Ge¬

294 1570 361 1630 eine
383 1572 476 1632 Reise
504 1572 576 1632 nach
614 1572 734 1632 Mainz
755 1572 859 1632 thun,
892 1572 928 1632 um
975 1572 1022 1632 die
1043 1572 1289 1632 Merkwürdig¬

295 1619 385 1679 keiten
417 1617 507 1677 dieser
529 1616 641 1676 Stadt
658 1616 684 1676 in
711 1617 920 1677 Augenschein
947 1619 973 1679 zu
1006 1619 1160 1679 nehmen.
1209 1619 1283 1679 Aus

299 1665 386 1725 einer
423 1663 641 1723 patriotischen
688 1662 791 1722 Feder
833 1664 900 1724 sind
952 1664 1175 1724 nachstehende
1222 1665 1294 1725 Zei¬

309 1712 350 1772 len
379 1709 547 1769 geflossen:

655 1747 677 1807 1
709 1748 800 1808 Reg.
816 1751 853 1811 I,
877 1749 937 1809 39.

479 1796 514 1856 Et
544 1793 826 1853 ArChlsaCerDos
856 1794 973 1854 VnXIt
997 1796 1102 1856 loseph

451 1843 494 1903 Et
516 1843 727 1903 CLangentes
760 1843 928 1903 bVCCIna
966 1846 1139 1906 DICebant

642 1893 737 1953 totVs
767 1894 958 1954 popVLVS:

569 1939 681 1999 VIVat
711 1944 787 2004 ReX
830 1947 942 2007 loseph
984 1946 1030 2006 II.

564 2005 710 2065 Wien,
738 2008 794 2068 den
829 2008 890 2068 30.
919 2008 1043 2068 März.

354 2055 423 2115 Den
453 2055 545 2115 27ten
574 2055 667 2115 frühe
690 2055 817 2115 erhoben
847 2055 893 2115 sich
923 2055 1009 2115 Jhro
1039 2055 1137 2115 Maj.
1149 2058 1189 2118 die
1207 2058 1293 2118 Kay=

309 2106 382 2166 serin
415 2103 472 2163 mit
494 2103 578 2163 einem
615 2102 731 2162 kleinen
758 2103 895 2163 Gefolge
917 2103 985 2163 nach
1012 2104 1207 2164 Presburg,
1234 2106 1281 2166 den

307 2151 442 2211 dortigen
473 2151 563 2211 neuen
594 2148 664 2208 Bau
695 2151 755 2211 und
776 2148 820 2208 die
846 2151 1052 2211 Einrichtung
1078 2151 1128 2211 des
1154 2154 1294 2214 Königl.

310 2199 472 2259 Schlosses
505 2197 531 2257 in
570 2198 781 2258 Augenschein
820 2197 852 2257 zu
885 2199 1042 2259 nehmen.
1102 2200 1297 2260 Allerhöchst

305 2240 397 2300 Dero
424 2243 637 2303 Zurückkunft
659 2240 708 2300 von
736 2242 768 2302 da
796 2241 926 2301 erfolgte
949 2249 1030 2309 schon
1057 2249 1090 2309 um
1129 2249 1144 2309 5
1178 2249 1259 2309 Uhr.

352 2285 433 2345 Den
460 2288 552 2348 30ten
573 2287 798 2347 Nachmittags
825 2288 855 2348 um
897 2293 963 2353 halb
990 2297 1004 2357 4
1026 2297 1087 2357 Uhr
1113 2297 1215 2357 langte
1241 2297 1282 2357 ein

304 2337 458 2397 Kayserl.
475 2330 703 2390 Reichscourir
730 2333 783 2393 von
810 2338 985 2398 Frankfurt
1007 2344 1070 2404 hier
1098 2344 1129 2404 an
1156 2343 1214 2403 mit
1236 2345 1289 2405 der

302 2384 480 2444 Nachricht
502 2378 557 2438 von
591 2380 641 2440 der
669 2381 802 2441 daselbst
825 2388 1014 2448 einstimmig
1048 2393 1281 2453 ausgefallenen

300 2435 410 2495 Wahl
434 2431 485 2491 des
516 2428 660 2488 Durchl.
679 2423 760 2483 Erb=
784 2429 841 2489 und
865 2437 1080 2497 Cronprinzen
1123 2441 1174 2501 von
1204 2443 1296 2503 Hun¬

303 2487 375 2547 garn
409 2482 462 2542 und
495 2476 647 2536 Böhmen
674 2473 727 2533 zum
767 2479 952 2539 Römischen
979 2486 1124 2546 Könige,

556 2524 725 2584 Paris,
756 2521 809 2581 den
840 2523 900 2583 30.
931 2531 1052 2591 März.

359 2572 427 2632 Die
448 2575 607 2635 Herzogin
642 2572 675 2632 de
697 2569 724 2629 la
753 2569 945 2629 Tremouille
974 2580 1076 2640 wurde
1112 2584 1159 2644 den
1194 2584 1284 2644 24ten
1333 2590 1435 2650 Berlin
1456 2587 1491 2647 24
1512 2582 1560 2642 pr.
1574 2584 1649 2644 Cto.

307 2626 399 2686 dieses
424 2623 479 2683 von
511 2623 591 2683 einen
623 2619 721 2679 Sohn
753 2617 956 2677 entbunden,
988 2627 1118 2687 welcher
1143 2632 1192 2692 den
1224 2632 1291 2692 Na=

303 2673 366 2733 men
402 2670 483 2730 eines
518 2670 658 2730 Prinzen
694 2666 751 2726 von
781 2664 926 2724 Tarente
950 2668 1060 2728 führen
1096 2676 1171 2736 wird
1236 2679 1282 2739 Zu

309 2721 391 2781 Caen
422 2718 457 2778 ist
476 2718 588 2778 neulich
618 2717 659 2777 ein
684 2715 921 2775 Congreganist
945 2715 992 2775 der
1011 2723 1212 2783 Ex=Jesuiten
1243 2727 1295 2787 ins

306 2769 497 2829 Gefangnis
526 2766 676 2826 gebracht
700 2763 856 2823 worden,
880 2763 932 2823 der
961 2763 1013 2823 sich
1043 2768 1094 2828 für
1124 2774 1175 2834 den
1205 2774 1297 2834 einzi¬

295 2820 348 2880 gen
391 2816 622 2876 rechtmäßigen
658 2811 764 2871 Erben
807 2814 860 2874 des
902 2811 1115 2871 französischen
1152 2820 1288 2880 Throns

299 2867 477 2927 ausgiebt,
501 2864 560 2924 und
596 2864 649 2924 sein
685 2862 869 2922 Geschlecht
893 2861 922 2921 in
953 2861 1082 2921 gerader
1113 2867 1201 2927 Linie
1232 2870 1284 2930 von

1316 382 1396 442 Cain
1426 383 1588 443 herleitet.
1641 387 1687 447 In
1717 386 1797 446 einem
1844 383 2030 443 Manifest,
2042 385 2187 445 woselbst
2205 386 2233 446 er
2257 386 2303 446 sich

1314 428 1535 488 unterstanden
1571 431 1631 491 hat
1657 432 1747 492 gegen
1783 434 1828 494 die
1859 431 1985 491 Person
2015 431 2125 491 unsers
2162 434 2307 494 Monar¬

1314 476 1382 536 chen
1409 477 1466 537 und
1493 476 1583 536 gegen
1615 479 1657 539 die
1684 480 1821 540 Königl.
1832 481 1969 541 Familie
1991 479 2212 539 loszuziehen,
2223 482 2307 542 giebt

1314 521 1344 581 er
1366 525 1412 585 sich
1444 527 1490 587 den
1521 525 1609 585 Titel
1630 527 1712 587 eines
1734 528 1858 588 Königs
1880 530 1931 590 von
1957 527 2138 587 Frankreich
2164 530 2221 590 und
2237 529 2309 589 Na¬

1320 575 1433 635 varra.
1477 573 1596 633 Dieser
1624 576 1797 636 Unsinnige
1819 578 1851 638 ist
1873 578 1911 638 45
1939 578 2019 638 Jahr
2047 577 2106 637 alt,
2123 576 2182 636 und
2210 575 2307 635 besitzt

1310 619 1353 679 ein
1386 622 1451 682 sehr
1474 622 1653 682 glückliches
1681 622 1905 682 Gedächtnis,
1932 625 2009 685 weil
2031 625 2058 685 er
2086 624 2096 684 7
2124 625 2298 685 Predigten

1318 671 1384 731 jede
1409 668 1461 728 von
1486 671 1566 731 einer
1586 670 1672 730 guten
1701 668 1806 728 halben
1831 673 1964 733 Stunde
1989 672 2017 732 an
2047 670 2127 730 einem
2162 670 2295 730 einzigen

1317 717 1406 777 Tage
1427 718 1522 778 halten
1558 720 1653 780 kann,
1674 718 1754 778 ohne
1774 718 1824 778 daß
1860 721 1930 781 man
1961 720 2025 780 eben
2056 720 2307 780 Wiederholun¬

1317 766 1394 826 gen,
1420 766 1502 826 desto
1529 766 1662 826 stärkere
1683 766 1771 826 Züge
1802 766 1873 826 aber
1900 766 1951 826 der
1973 766 2111 826 Raserey
2143 769 2225 829 darin
2261 766 2307 826 be¬

1317 810 1438 870 merkt.
1486 811 1564 871 Das
1586 815 1786 875 Parlament
1803 813 1860 873 von
1887 816 2093 876 Normandie
2115 816 2214 876 macht
2236 816 2283 876 ihm

1318 859 1374 919 den
1402 861 1547 921 Proceß.

1590 906 1722 966 Rom,
1746 906 1798 966 den
1833 906 1890 966 10.
1914 909 2035 969 März.

1365 949 1440 1009 Der
1467 954 1548 1014 Herr
1576 953 1635 1013 Abt
1657 952 1852 1012 Pompilius
1879 951 2031 1011 Rodaban
2069 957 2123 1017 hat
2151 959 2193 1019 die
2216 957 2301 1017 Ehre

1324 1000 1442 1060 gehabt
1463 998 1504 1058 ein
1531 1000 1701 1060 Exemplar
1723 998 1820 1058 seines
1847 995 1976 1055 Werks,
1997 999 2074 1059 über
2095 1002 2147 1062 den
2178 1004 2302 1064 ehmals

1322 1043 1347 1103 in
1379 1046 1502 1106 Italien
1529 1046 1714 1106 eingeführt
1735 1043 1905 1103 gewesenen
1936 1046 2127 1106 griechischen
2158 1052 2308 1112 Kirchen¬

1324 1091 1493 1151 gebrauch,
1515 1094 1566 1154 dem
1602 1091 1710 1151 Pabst
1731 1091 1756 1151 zu
1788 1088 2005 1148 überreichen.
2052 1091 2170 1151 Dieser
2191 1097 2294 1157 Tagen

1321 1136 1419 1196 schlug
1449 1139 1503 1199 das
1533 1139 1734 1199 Ungewitter
1759 1136 1788 1196 zu
1829 1136 2001 1196 Terracina
2036 1138 2059 1198 in
2094 1141 2158 1201 eine
2183 1143 2315 1203 Kirche,

1317 1184 1463 1244 woselbst
1488 1184 1538 1244 der
1564 1184 1725 1244 Cardinal
1746 1184 1969 1244 Buanaccorsi
1994 1182 2039 1242 die
2070 1186 2171 1246 Messe
2202 1189 2307 1249 hörte.

1329 1226 1398 1286 Der
1414 1231 1524 1291 lesende
1545 1231 1679 1291 Priester
1700 1231 1750 1291 fiel
1765 1231 1785 1291 in
1811 1231 1986 1291 Ohnmacht
2007 1231 2061 1291 und
2082 1231 2106 1291 an
2132 1231 2182 1291 den
2207 1235 2307 1295 Stuf=

1319 1281 1367 1341 fen
1395 1279 1448 1339 des
1471 1281 1578 1341 Altars
1606 1279 1751 1339 herunter
1774 1279 1822 1339 sich
1849 1280 1946 1340 einige
1969 1279 2098 1339 schwere
2115 1282 2282 1342 Wunden.

1574 1330 1762 1390 Utrecht,
1790 1330 1845 1390 den
1879 1330 1917 1390 4.
1946 1330 2055 1390 April.

1365 1381 1489 1441 Briefe
1519 1383 1575 1443 aus
1610 1381 1740 1441 Italien
1780 1378 1928 1438 melden,
1951 1378 2008 1438 daß
2048 1378 2064 1438 2
2099 1379 2309 1439 holländische

1324 1431 1468 1491 Schiffe,
1479 1431 1540 1491 eins
1562 1431 1618 1491 mit
1634 1431 1793 1491 Getreyde
1810 1430 1860 1490 das
1882 1428 1995 1488 andere
2011 1428 2067 1488 mit
2083 1428 2300 1488 eingesaltznen

1319 1479 1442 1539 Fischen
1469 1479 1593 1539 beladen
1619 1479 1650 1539 zu
1676 1479 1805 1539 Anfang
1832 1478 1878 1538 des
1904 1477 2142 1537 Marzmonats
2163 1479 2219 1539 vor
2240 1479 2286 1539 dem

301 1524 434 1584 schencke
455 1524 692 1584 anzunehmen.
739 1524 882 1584 Morgen
919 1524 996 1584 wird
1027 1524 1078 1584 der
1100 1527 1274 1587 Erzherzog
1321 1527 1429 1587 Hafen
1450 1527 1501 1587 von
1523 1527 1681 1587 Neapolis
1708 1527 1769 1587 und
1795 1527 1805 1587 2
1831 1527 1945 1587 andere
1966 1524 2027 1584 mit
2038 1524 2161 1584 Weizen
2187 1527 2243 1587 vor
2259 1523 2310 1583 Ci¬

1324 1573 1385 1633 vita
1406 1575 1535 1635 Vecchia
1556 1574 1730 1634 gestrandet
1747 1574 1818 1634 sind.
1844 1572 1911 1632 Die
1932 1575 2101 1635 Theurung
2128 1575 2153 1635 im
2185 1577 2297 1637 ganzen

1324 1619 1545 1679 Kirchenstaat
1567 1619 1597 1679 ist
1613 1619 1638 1679 so
1660 1620 1757 1680 groß,
1773 1617 1824 1677 daß
1856 1616 1902 1676 der
1923 1617 2020 1677 Pabst
2041 1620 2088 1680 die
2104 1622 2304 1682 Todesstrafe

1324 1661 1382 1721 auf
1401 1661 1450 1721 der
1474 1661 1582 1721 Stelle
1600 1661 1681 1721 jedem
1718 1661 1803 1721 Dieb
1827 1661 1998 1721 zuerkannt
2017 1664 2084 1724 hat,
2098 1666 2143 1726 der
2162 1667 2224 1727 auch
2248 1666 2301 1726 nur

1323 1705 1376 1765 für
1400 1703 1481 1763 einen
1511 1704 1660 1764 Pfennig
1680 1706 1795 1766 Brodt
1810 1703 1921 1763 stehlen
1955 1706 2050 1766 wird.
2104 1708 2181 1768 Den
2210 1710 2301 1770 16ten

1325 1751 1429 1811 März
1458 1750 1496 1810 ist
1519 1750 1568 1810 der
1590 1751 1711 1811 Herzog
1745 1753 1800 1813 von
1834 1751 1922 1811 York
1950 1752 2005 1812 aus
2039 1757 2199 1817 Meyland
2232 1759 2298 1819 nach

1320 1801 1456 1861 Florenz
1484 1801 1510 1861 in
1544 1802 1630 1862 guter
1658 1802 1860 1862 Gesundheit
1882 1805 2127 1865 angekommen.

1651 1899 1998 1959 NATAMNNT.

1346 1944 1424 2004 Bey
1448 1945 1499 2005 dem
1539 1947 1691 2007 Verleger
1715 1948 1810 2008 dieser
1828 1951 1952 2011 Zeitung
1975 1948 2009 2008 ist
2026 1948 2054 2008 zu
2077 1948 2202 2008 haben:
2225 1949 2314 2009 Gat¬

1317 1996 1445 2056 terers,
1467 1998 1562 2058 Joh.
1578 1999 1689 2059 Chph.
1706 1996 1913 2056 fortgesetzter
1935 1996 2232 2056 Wappencalender
2254 1999 2307 2059 auf

1324 2044 1377 2104 das
1404 2044 1493 2104 Jahr
1521 2043 1626 2103 1764,
1653 2043 1721 2103 oder
1743 2045 1912 2105 jährliches
1939 2044 2108 2104 Handbuch
2141 2044 2188 2104 der
2215 2045 2310 2105 neue¬

1329 2093 1383 2153 sten
1410 2091 1610 2151 Genealogie
1632 2090 1691 2150 und
1724 2092 1891 2152 Heraldic,
1913 2094 1950 2154 8,
1978 2091 2118 2151 Nürnb.
2135 2094 2215 2154 764,
2237 2094 2253 2154 1
2275 2094 2307 2154 fl.

1327 2139 1337 2199 9
1375 2142 1432 2202 gr.
1502 2137 1686 2197 Bonnets,
1713 2136 1807 2196 Carl,
1840 2139 2114 2199 Untersuchungen
2146 2141 2225 2201 über
2252 2142 2299 2202 den

1324 2189 1442 2249 Nutzen
1477 2184 1521 2244 der
1550 2184 1681 2244 Blätter
1704 2183 1754 2243 bey
1772 2182 1823 2242 den
1847 2184 2022 2244 Pflanzen,
2034 2190 2090 2250 aus
2114 2190 2158 2250 dem
2193 2191 2311 2251 Franz.

1327 2239 1363 2299 4,
1388 2234 1529 2294 Nürnb.
1548 2231 1634 2291 762,
1665 2230 1708 2290 21
1733 2231 1769 2291 fl.
1820 2230 1972 2290 Gözens,
1992 2233 2078 2293 Joh.
2091 2237 2213 2297 Melch.
2226 2237 2311 2297 Aus¬

1325 2285 1402 2345 züge
1421 2281 1517 2341 seiner
1542 2276 1717 2336 Predigten
1755 2276 1826 2336 aufs
1857 2276 1954 2336 Jahr
1979 2277 2063 2337 763,
2106 2282 2147 2342 8,
2179 2282 2311 2342 Hamb.

1327 2336 1339 2396 4
1372 2332 1411 2392 fl.
1457 2325 1607 2385 Oeuvres
1628 2324 1660 2384 de
1687 2324 1778 2384 Mad.
1792 2327 1817 2387 la
1844 2327 2008 2387 Marquise
2028 2327 2060 2387 de
2087 2327 2237 2387 Lambert
2257 2333 2315 2393 12,

1330 2379 1416 2439 Aug.
1432 2379 1518 2439 764,
1541 2377 1554 2437 3
1577 2373 1620 2433 fl.
1642 2372 1678 2432 12
1700 2372 1757 2432 gr.

1338 2440 1653 2500 Wechsel-Cours
1684 2433 1692 2493 &
1743 2443 1891 2503 Species
1912 2443 1951 2503 d.
1972 2443 2039 2503 19.
2060 2443 2168 2503 April
2189 2446 2306 2506 1764.

1871 2486 1914 2546 71
1933 2494 2019 2554 Tage
2045 2498 2100 2558 375
2125 2497 2180 2557 gr.

1328 2492 1508 2552 Amsterdam
1539 2488 1581 2548 41
1600 2488 1684 2548 Tage
1702 2492 1829 2552 377gr.

1327 2542 1498 2602 Hamburg
1529 2536 1534 2596 3
1558 2536 1604 2596 W.
1617 2537 1669 2597 164
1700 2542 1746 2602 gr.

1880 2538 1904 2598 6
1931 2537 1986 2597 W.
2007 2542 2069 2602 163
2088 2545 2138 2605 gr.

1775 2585 1922 2645 Dantzig
1945 2587 1956 2647 3
1974 2589 2024 2649 pr.
2042 2588 2115 2648 Cto.

1326 2637 1466 2697 Ducaten
1493 2630 1576 2690 neue
1596 2632 1634 2692 11
1654 2633 1691 2693 fl.
1705 2635 1736 2695 11
1756 2637 1806 2697 gr.

1861 2635 1990 2695 Alberts
2018 2638 2114 2698 Taler
2135 2640 2190 2700 166
2218 2642 2265 2702 gr.

1323 2685 1438 2745 Rubel
1450 2682 1461 2742 4
1483 2680 1522 2740 fl.
1533 2676 1566 2736 20
1589 2679 1643 2739 gr.

1801 2679 1850 2739 Alt
1868 2682 2003 2742 Polnisch
2031 2685 2098 2745 Geld
2122 2689 2154 2749 41
2177 2688 2222 2748 pr.
2240 2688 2312 2748 Cto.

1325 2733 1379 2793 Alt
1392 2729 1543 2789 Märcksch
1568 2724 1640 2784 Geld
1665 2729 1695 2789 34
1714 2733 1762 2793 pr.
1781 2733 1816 2793 C.
1847 2733 2084 2793 Graumansch.
2097 2733 2163 2793 Fusz
2182 2733 2211 2793 10
2230 2733 2266 2793 p.
2273 2733 2309 2793 C.

1331 2792 1434 2852 Diese
1442 2783 1581 2843 Gelehrte
1597 2787 1648 2847 und
1671 2790 1832 2850 Politische
1848 2790 1972 2850 Zeitung
1995 2792 2061 2852 wird
2091 2790 2135 2850 des
2158 2790 2304 2850 Montag=

1432 2829 1486 2889 und
1517 2829 1657 2889 Freytags
1678 2832 1703 2892 in
1723 2832 1773 2892 dem
1809 2830 1995 2890 Kanterschen
2031 2834 2196 2894 Buchladen

1707 2872 1923 2932 ausgegeben.
