2479 3508
605 377 698 437 VIII.

202 437 251 497 Es
274 437 316 497 ist
331 437 410 497 gut,
432 434 503 494 sagt
533 431 575 491 ein
612 428 763 488 frommer
785 427 971 487 Erforscher
1002 428 1051 488 der
1074 424 1144 484 Na¬

146 484 223 544 tur,
248 488 277 548 es
302 484 343 544 ist
362 479 427 539 sehr
445 479 529 539 gut,
559 476 612 536 daß
649 474 696 534 die
715 476 888 536 Menschen
924 476 1008 536 nicht
1033 474 1139 534 weiter

159 532 274 592 sehen,
297 529 346 589 als
369 527 401 587 sie
424 525 507 585 sehen
535 522 656 582 sollen;
685 521 739 581 wie
773 524 900 584 würden
934 522 972 582 sie
1000 523 1055 583 vor
1083 521 1132 581 den

155 578 307 638 Legionen
334 575 518 635 eckelhafter
535 572 687 632 Insecten
721 572 747 632 in
775 572 850 632 allen
878 572 1062 632 Elementen
1095 567 1149 627 zu¬

153 619 441 679 sammenfahren!
463 614 478 674 -

534 619 583 679 Ja
608 619 638 679 es
669 619 705 679 ist
731 620 804 680 gut,
836 621 915 681 ach!
947 619 977 679 es
1008 618 1044 678 ist
1070 616 1137 676 sehr

150 674 225 734 gut,
242 669 290 729 daß
318 667 362 727 die
384 664 585 724 Weltweisen
618 667 726 727 unsern
749 667 901 727 Verstand
928 666 988 726 mit
1005 664 1146 724 schönge¬

151 715 266 775 putzten
307 712 503 772 Hypothesen
544 717 792 777 beschäftigen;
834 715 896 775 wie
926 715 1035 775 würde
1071 712 1134 772 uns

146 762 223 822 beym
262 760 389 820 Anblick
416 760 460 820 der
487 763 595 823 Tiefen
621 766 685 826 und
711 766 820 826 Höhen
846 764 974 824 jenseits
994 763 1044 823 der
1071 760 1140 820 Sy¬

154 810 243 870 steme
264 807 477 867 schwindeln!

605 856 675 916 IX.

191 902 275 962 Was
300 904 392 964 sollen
417 906 507 966 Vor=
520 906 581 966 und
606 906 826 966 Nachreden,
851 906 941 966 wenn
973 906 1039 966 man
1083 903 1131 963 den

144 951 333 1011 warnenden
365 954 496 1014 Dichter
516 957 604 1017 selbst
623 957 730 1017 mitten
762 957 786 1017 in
825 954 874 1014 der
894 954 1127 1014 Begeisterung

150 1001 229 1061 nicht
253 1001 346 1061 hören
377 1004 456 1064 will.

242 1061 387 1121 Ovoi,
410 1064 460 1124 che
491 1061 570 1121 siete
600 1061 621 1121 in
658 1058 840 1118 piccioletta
870 1058 964 1118 barca

240 1109 430 1169 Desiderosi
454 1109 649 1169 d'ascoltar,
675 1103 798 1163 seguiti

239 1157 354 1217 Dietro
388 1157 421 1217 al
449 1157 509 1217 mio
543 1157 669 1217 legno,
692 1157 746 1217 che
774 1155 928 1215 cantando
962 1157 1072 1217 varca,

244 1201 392 1261 Tornate
421 1201 431 1261 a
461 1201 586 1261 riveder
615 1201 642 1261 li
666 1198 767 1258 vostri
792 1201 870 1261 liti:

236 1246 316 1306 Non
350 1246 381 1306 vi
409 1246 539 1306 mettete
572 1246 598 1306 in
626 1246 772 1306 pelago,
794 1246 848 1306 che
881 1246 961 1306 forse

237 1293 399 1353 Perdendo
433 1293 510 1353 me,
531 1294 713 1354 rimarreste
740 1291 889 1351 smarriti

1175 374 1246 434 ruft
1268 377 1428 437 Dante,
1451 372 1544 432 dieser
1572 372 1716 432 würdige
1750 372 1953 432 Landsmann
1993 370 2042 430 des
2070 369 2169 429 Fra¬

1178 425 1345 485 Paolo,
1373 422 1470 482 seinen
1503 419 1605 479 Lesern
1638 422 1703 482 zu,
1726 422 1784 482 und
1817 422 1953 482 dennoch
1986 419 2055 479 sagt
2078 419 2163 479 einer

1173 471 1236 531 von
1268 473 1363 533 ihnen
1396 470 1427 530 zu
1459 469 1554 529 seinem
1602 470 1782 530 Freunde:
1819 470 1835 530 ”
1852 470 1930 530 Wir
1957 469 2063 529 wollen
2101 467 2148 527 ihm

1184 521 1302 581 "doch,
1326 521 1359 581 so
1388 518 1462 578 gar
1491 518 1661 578 gemäs,
1684 518 1769 578 nicht
1787 516 1917 576 folgen"

2017 516 2106 576 Nun
2135 515 2159 575 so

1175 571 1290 631 nehmt
1319 566 1389 626 denn
1424 566 1469 626 die
1500 566 1696 626 Polhöhe
1726 569 1794 629 nach
1830 570 1916 630 eurem
1963 569 2160 629 Gutdünken

1174 619 1246 679 ab,
1274 619 1329 679 und
1358 616 1524 676 strandet!

1217 710 1375 770 Virgil
1393 709 1534 769 verdient
1557 706 1653 766 keinen
1688 706 1852 766 Vorwurf
1881 706 1932 766 der
1955 706 2165 766 Undankbar¬

1181 760 1239 820 keit
1261 758 1350 818 gegen
1377 757 1424 817 den
1451 757 1598 817 Homer;
1625 757 1656 817 er
1678 757 1794 817 machte
1816 754 1847 814 es
1869 754 1926 814 mit
1948 754 2042 814 seinem
2085 754 2169 814 Mu¬

1177 807 1237 867 ster
1271 805 1325 865 wie
1353 804 1436 864 jener
1470 807 1602 867 ehrliche
1635 806 1795 866 Deutsche
1823 803 1884 863 mit
1906 801 1961 861 dem
2006 801 2160 861 Cölius

1177 854 1483 914 Rhodiginus.
1528 855 1772 915 Unmuthsvoll
1790 852 1840 912 zog
1869 852 1902 912 er
1920 852 2016 912 seinen
2045 849 2157 909 Degen

1177 906 1236 966 und
1269 903 1377 963 schrieb
1416 903 1475 963 mit
1502 903 1550 963 der
1578 902 1697 962 Spitze
1725 903 1870 963 desselben
1914 902 1974 962 auf
2001 900 2055 960 den
2093 899 2174 959 glat¬

1174 953 1216 1013 ten
1250 951 1483 1011 Leichenstein:
1517 950 1581 1010 Hic
1603 951 1679 1011 jacet
1702 951 1804 1011 tantus
1826 950 1897 1010 vir!
1919 945 1989 1005 Die
2012 948 2163 1008 Klügsten

1170 1005 1204 1065 zu
1234 998 1401 1058 Rodigo
1436 1000 1493 1060 und
1530 998 1558 1058 in
1588 998 1633 1058 der
1657 1000 1912 1060 Nachbarschaft
1942 998 2062 1058 wußten
2098 998 2161 1058 sehr

1172 1048 1285 1108 wohl,
1307 1049 1372 1109 wer
1394 1049 1486 1109 dieser
1508 1046 1611 1106 tantus
1638 1046 1681 1106 vir
1698 1046 1763 1106 sey.

1230 1091 1250 1151 O
1284 1094 1464 1154 Silberbach!
1485 1091 1526 1151 der
1552 1092 1664 1152 vormals
1686 1093 1744 1153 mich
1773 1092 1898 1152 vergnügt

1232 1124 1316 1184 Wenn
1340 1127 1415 1187 wirst
1430 1127 1457 1187 du
1482 1127 1533 1187 mir
1553 1124 1585 1184 ein
1614 1127 1708 1187 sanftes
1737 1127 1878 1187 Schlaflied
1902 1130 2043 1190 rauschen?

1231 1160 1394 1220 Glückselig!
1414 1159 1461 1219 wer
1485 1157 1513 1217 an
1541 1157 1624 1217 deinen
1653 1157 1723 1217 Ufern
1752 1157 1827 1217 liegt,

1240 1193 1287 1253 Wo
1311 1193 1385 1253 voller
1409 1192 1472 1252 Reiz
1492 1190 1530 1250 der
1550 1190 1652 1250 Büsche
1676 1190 1786 1250 Sänger
1810 1190 1939 1250 lauschen.

1229 1220 1292 1280 Von
1320 1222 1356 1282 dir
1376 1222 1510 1282 entfernt,
1526 1221 1573 1281 mit
1593 1222 1664 1282 Noth
1688 1220 1736 1280 und
1760 1219 1830 1279 Harm
1867 1219 1965 1279 erfüllt,

1234 1258 1342 1318 Ergötzt
1359 1256 1418 1316 mich
1446 1255 1506 1315 noch
1528 1255 1582 1315 dein
1604 1255 1800 1315 wollustreiches
1823 1252 1898 1312 Bild.

1849 1292 1894 1352 von
1924 1294 2040 1354 Kleist.

386 1449 580 1509 Berlin,
603 1449 657 1509 den
693 1450 755 1510 21.
784 1449 894 1509 April.

142 1548 242 1608 Maj.
259 1547 308 1607 aus
326 1546 470 1606 Potsdam
504 1546 570 1606 hier
588 1548 615 1608 an
643 1548 698 1608 und
721 1549 877 1609 ertheilten
906 1548 994 1608 gegen
1017 1548 1055 1608 11
1067 1548 1127 1608 Uhr

138 1599 191 1659 dem
227 1596 412 1656 Türkischen
436 1599 662 1659 Bothschafter
687 1602 812 1662 Achmet
830 1598 954 1658 Effendi
979 1600 1056 1660 seine
1074 1599 1133 1659 Ab=

147 1649 417 1709 schiedsaudienz.
442 1649 592 1709 Mittags
616 1649 736 1709 speisten
767 1651 851 1711 Ihro
881 1649 1019 1709 Königl.
1038 1651 1128 1711 Maj.

145 1699 172 1759 zu
206 1697 505 1757 Charlottenburg,
533 1700 593 1760 und
616 1700 738 1760 kehrten
766 1700 882 1760 darauf
910 1700 1026 1760 wieder
1060 1700 1126 1760 nach

142 1746 294 1806 Potsdam
335 1748 458 1808 zurück.
504 1750 577 1810 Der
606 1750 747 1810 Königl.
776 1751 916 1811 geheime
946 1751 1030 1811 Rath
1064 1751 1126 1811 und

134 1793 310 1853 wirklicher
341 1793 588 1853 Leibmedicus,
629 1793 699 1853 auch
735 1794 1124 1854 Generalstaabmedicus

134 1838 185 1898 der
217 1840 362 1900 Königl.
390 1840 555 1900 Armeen,
582 1837 743 1897 Director
780 1837 852 1897 aller
885 1840 1124 1900 medicinischen

136 1886 192 1946 und
227 1888 455 1948 chirurgischen
490 1882 621 1942 Sachen
662 1882 690 1942 in
731 1882 788 1942 den
823 1882 965 1942 Königl.
989 1889 1136 1949 Landen,

136 1935 220 1995 Herr
243 1933 368 1993 Doctor
392 1930 597 1990 Cothenius,
621 1927 660 1987 ist
677 1927 734 1987 aus
758 1927 900 1987 Anspach
929 1930 1048 1990 wieder
1077 1934 1133 1994 an¬

142 1981 346 2041 gekommen,
369 1976 429 2036 und
452 1973 518 2033 man
547 1972 740 2032 vernimmt,
763 1975 818 2035 daß
852 1975 895 2035 die
918 1976 1128 2036 verwittwete

137 2025 219 2085 Frau
251 2020 460 2080 Markgräfin
493 2021 549 2081 von
581 2023 1000 2083 Brandenburg=Anspach
1032 2027 1120 2087 völlig

137 2070 255 2130 wieder
284 2064 458 2124 hergestellt
476 2067 554 2127 sind.

224 2114 463 2174 Frankfurt
489 2117 520 2177 am
571 2121 709 2181 Mayn,
735 2121 792 2181 vom
837 2118 899 2178 13.
925 2119 1038 2179 April.

207 2159 281 2219 Jhro
307 2166 458 2226 Kayserl.
478 2169 534 2229 und
566 2169 622 2229 des
655 2171 761 2231 Röm.
781 2172 906 2232 Königs
932 2169 1070 2229 Majest.
1090 2169 1133 2229 rc.

134 2213 220 2273 nebst
246 2213 295 2273 des
333 2218 532 2278 Erzherzogs
563 2217 700 2277 Leopold
738 2223 880 2283 Königl.
900 2217 1024 2277 Hoheit
1055 2217 1117 2277 sind

138 2264 188 2324 den
229 2264 319 2324 10ten
354 2265 450 2325 dieses
479 2268 575 2328 gegen
605 2267 615 2327 6
656 2267 723 2327 Uhr
752 2270 804 2330 des
833 2266 997 2326 Morgens
1032 2264 1122 2324 unter

136 2315 327 2375 Abfeurung
357 2315 421 2375 300
457 2318 607 2378 Canonen
637 2318 689 2378 von
719 2318 788 2378 hier
812 2315 1004 2375 abgereiset.
1046 2312 1126 2372 Fast

132 2365 161 2425 zu
199 2364 326 2424 gleicher
357 2364 430 2424 Zeit
455 2366 527 2426 fuhr
565 2366 613 2426 der
644 2366 827 2426 Churfürst
852 2366 906 2426 von
944 2360 1029 2420 Cölln
1072 2360 1126 2420 ab,

136 2408 190 2468 der
213 2408 262 2468 sich
290 2414 417 2474 Abends
440 2414 539 2474 zuvor
557 2414 583 2474 in
612 2414 700 2474 Dero
722 2416 777 2476 auf
801 2417 850 2477 dem
883 2414 982 2474 Mayn
1011 2408 1126 2468 liegen¬

137 2456 185 2516 den
218 2457 316 2517 Jacht
338 2461 468 2521 begeben
496 2461 593 2521 hatte.
648 2461 730 2521 Fast
747 2464 816 2524 eine
839 2464 974 2524 Stunde
997 2456 1127 2516 vorher,

140 2500 217 2560 schon
247 2504 282 2564 um
330 2506 347 2566 5
378 2508 442 2568 Uhr
472 2509 537 2569 war
567 2511 614 2571 der
644 2509 821 2569 Churfürst
852 2514 904 2574 von
941 2511 987 2571 der
1018 2504 1118 2564 Pfalz

131 2552 290 2612 incognito
319 2554 506 2614 abgereiset.
541 2557 734 2617 Vorgestern
763 2563 928 2623 Morgens
952 2559 1036 2619 gieng
1066 2556 1116 2616 der

131 2602 312 2662 Churfürst
342 2602 399 2662 von
442 2607 534 2667 Trier
571 2605 599 2665 zu
635 2605 757 2665 Wasser
793 2611 857 2671 ab,
893 2609 1045 2669 Mittags
1074 2601 1126 2661 ge¬

137 2649 221 2709 schah
267 2649 322 2709 der
357 2649 464 2709 Abzug
509 2651 560 2711 der
594 2653 859 2713 Nürnbergschen
905 2653 1102 2713 Deputirten

128 2700 196 2760 auch
231 2700 271 2760 ist
294 2699 339 2759 die
363 2700 581 2760 Taxordnung
610 2700 661 2760 von
690 2703 793 2763 wegen
823 2706 1126 2766 Reichsmarschall=

130 2750 213 2810 amts
247 2749 337 2809 unter
365 2748 561 2808 Trompeten
601 2751 661 2811 und
696 2757 936 2817 Paukenschall
965 2753 1115 2813 öffentlich

131 2802 323 2862 ausgerufen
364 2798 517 2858 worden.
586 2799 722 2859 Gestern
763 2806 893 2866 Mittag
928 2805 1030 2865 reisete
1065 2802 1115 2862 der

137 2855 315 2915 Churfürst
345 2852 394 2912 von
424 2851 553 2911 Maynz
582 2855 646 2915 ab,
675 2854 739 2914 und
769 2858 862 2918 heute
891 2858 1034 2918 Mittags
1070 2852 1119 2912 die

1171 1446 1381 1506 Aachenschen
1407 1446 1668 1506 Abgeordneten.
1720 1451 1789 1511 Die
1822 1452 1936 1512 heitern
1963 1452 2160 1512 Frühlings¬

190 1494 322 1554 Gestern
350 1497 549 1557 Vormittags
572 1497 604 1557 um
638 1497 670 1557 10
693 1497 759 1557 Uhr
777 1497 898 1557 langten
915 1497 1125 1557 Sr.Königl.
1170 1494 1241 1554 tage
1269 1494 1313 1554 der
1342 1494 1556 1554 allerhöchsten
1579 1497 1679 1557 Wahl
1701 1497 1756 1557 und
1784 1500 1939 1560 Crönung
1967 1503 2166 1563 verwandel¬

1162 1545 1206 1605 ten
1235 1548 1279 1608 sich
1307 1546 1435 1606 plöͤtzlich
1463 1545 1513 1605 den
1547 1548 1636 1608 10ten
1659 1550 1753 1610 April
1776 1549 1864 1609 gegen
1887 1551 2009 1611 Mittag
2038 1549 2060 1609 in
2088 1551 2160 1611 nor¬

1172 1596 1268 1656 dische
1285 1596 1545 1656 Windesstürme
1578 1599 1637 1659 und
1659 1600 1909 1660 Regenwetter.
1953 1599 2028 1659 Von
2061 1601 2153 1661 denen

1169 1646 1220 1706 bey
1254 1649 1474 1709 Gelegenheit
1503 1648 1554 1708 der
1588 1648 1741 1708 Crönung
1781 1649 1956 1709 ernannten
1991 1649 2160 1709 Cammer¬

1169 1697 1278 1757 herren
1313 1699 1388 1759 sieht
1423 1700 1492 1760 man
1528 1700 1677 1760 folgende
1713 1700 1822 1760 Liste:
1864 1700 2163 1760 Schwarzenberg,

1174 1748 1417 1808 Liechtenstain,
1441 1751 1633 1811 Leiningen,
1662 1752 1820 1812 Kaunitz,
1843 1748 1967 1808 Daun,
1991 1750 2165 1810 Truchseß,

1174 1796 1395 1856 Schönborn,
1406 1798 1649 1858 Pappenheim,
1661 1800 1831 1860 Truchseß,
1843 1801 2014 1861 Breuner,
2026 1800 2163 1860 Kinsky,

1169 1840 1363 1900 Esterhasy,
1386 1843 1569 1903 Nuegent,
1592 1845 1716 1905 Voett,
1743 1846 1981 1906 Plettenberg,
2009 1843 2160 1903 Erdödy,

1172 1885 1442 1945 Schorlemmer,
1470 1891 1735 1951 Stahrenberg,
1763 1894 1914 1954 Fugger,
1942 1894 2169 1954 Rindsmaul,

1162 1933 1356 1993 Dürkeim,
1389 1933 1573 1993 Keglevitz,
1606 1939 1757 1999 Miltitz,
1780 1940 1958 2000 Styrum,
1986 1942 2164 2002 Rottberg,

1161 1981 1269 2041 Arco,
1301 1976 1543 2036 Mugenthall,
1575 1983 1729 2043 Mickos,
1761 1987 1947 2047 Firmian,
1983 1990 2164 2050 Gimnich,

1168 2025 1358 2085 Bellisoni,
1396 2024 1666 2084 Wolckenstain,
1704 2030 1878 2090 Seckelli,
1916 2031 2159 2091 Gambarana,

1163 2070 1353 2130 Rechbach,
1374 2067 1606 2127 Filquemont,
1633 2073 1796 2133 Kemeni,
1829 2073 1966 2133 Stain,
1998 2079 2156 2139 Origoni,

1162 2118 1372 2178 Bodmann,
1395 2115 1666 2175 Drackersdorff,
1694 2121 1827 2181 Prato,
1855 2124 1988 2184 Quad,
2016 2125 2154 2185 Teleky,

1163 2166 1404 2226 Thorockzkay,
1423 2166 1564 2226 Vilani,
1588 2172 1724 2232 Trapp,
1742 2169 1877 2229 Befeld.
1925 2175 2154 2235 Decretisten:

1165 2214 1306 2274 Thurn,
1336 2213 1530 2273 Taroucca,
1566 2221 1719 2281 Choteck,
1761 2223 1990 2283 Kollowrath,
2032 2229 2155 2289 Salm,

1165 2264 1327 2324 Kaunitz,
1352 2261 1497 2321 Sauer,
1522 2273 1696 2333 Kalnoky,
1722 2273 1920 2333 Thavonat.

1403 2314 1570 2374 Turin,
1606 2320 1657 2380 den
1693 2323 1756 2383 21.
1786 2326 1901 2386 März.

1203 2354 1276 2414 Der
1304 2359 1465 2419 Marquis
1493 2369 1519 2429 de
1546 2371 1653 2431 Solar
1682 2372 1715 2432 de
1736 2373 1889 2433 Breille,
1910 2373 2159 2433 Oberstallmei¬

1157 2402 1220 2462 ster
1250 2405 1301 2465 des
1331 2412 1487 2472 Königs,
1523 2420 1830 2480 Staatsminister,
1865 2423 1975 2483 Ritter
2011 2421 2062 2481 des
2092 2420 2160 2480 Or¬

1158 2452 1234 2512 dens
1259 2453 1294 2513 de
1318 2461 1590 2521 l'Annonciade,
1614 2470 1768 2530 General
1792 2470 1845 2530 der
1875 2470 2053 2530 Cavallerie
2083 2470 2141 2530 und

1159 2503 1350 2563 ehemaliger
1382 2513 1604 2573 Gouverneur
1642 2518 1715 2578 Sr.
1747 2518 1889 2578 Königl.
1914 2518 2044 2578 Hoheit
2069 2518 2142 2578 starb

1161 2551 1191 2611 am
1235 2551 1326 2611 15ten
1358 2557 1449 2617 dieses
1474 2563 1498 2623 in
1530 2566 1609 2626 einem
1653 2566 1738 2626 Alter
1763 2566 1818 2626 von
1843 2566 1922 2626 nahe
1935 2566 1972 2626 80
2003 2568 2144 2628 Jahren.

1162 2599 1207 2659 Er
1227 2603 1416 2663 hinterläßt
1443 2611 1455 2671 2
1490 2616 1632 2676 Söhne.
1686 2615 1763 2675 Der
1790 2617 1901 2677 älteste
1928 2615 1966 2675 ist
1994 2616 2149 2676 General=

1160 2649 1338 2709 lieutenant
1356 2655 1402 2715 rc.
1420 2658 1477 2718 und
1506 2661 1552 2721 der
1576 2664 1708 2724 jüngere
1732 2661 1771 2721 ist
1789 2663 1904 2723 Bailli
1922 2659 1973 2719 des
2003 2661 2147 2721 Malthe¬

1160 2698 1325 2758 serordens
1351 2703 1406 2763 und
1432 2711 1609 2771 Gesandter
1629 2709 1678 2769 des
1697 2709 1819 2769 Königs
1845 2712 1875 2772 am
1913 2709 2140 2769 Französischen

1161 2748 1265 2808 Hofe.
1308 2751 1387 2811 Der
1407 2755 1523 2815 Baron
1560 2758 1615 2818 von
1640 2758 1824 2818 Peyriere,
1856 2758 1959 2818 Sohn
1991 2757 2039 2817 des
2077 2754 2150 2814 vor¬

1150 2799 1287 2859 maligen
1330 2806 1473 2866 Königl.
1503 2810 1688 2870 Gesandten
1730 2807 1765 2867 zu
1808 2806 1975 2866 London,
2012 2802 2136 2862 Grafen

1158 2850 1218 2910 von
1246 2852 1333 2912 Viri
1354 2856 1393 2916 ist
1421 2861 1475 2921 zum
1517 2859 1678 2919 Minister
1706 2855 1759 2915 bey
1794 2858 1841 2918 den
1876 2855 2132 2915 Generalstaaten
