2034 2755
390 917 1519 1011 82tes Stück. Montag, den 12. November 1764.
428 998 583 1067 Halle.
111 1011 938 1118 Philipp Ernst Bertrams Entwurf einer
201 1086 938 1157 "Geschichte der Gelahrtheit, für diejenigen
101 1133 945 1178 "welche sich den schönen Wissenschaften, der Welt¬
99 1174 947 1247 "weisheit und der Rechtsgelehrsamkeit widmen. Er¬
114 1217 949 1279 ster Theil, 1 Alphabet 19 Bogen." Der Hr. Pro¬
99 1251 934 1313 fessor Bertram, der in Michael 1763 zu Halle sei
90 1294 945 1350 ne Vorlesungen angefangen, hat dies mit vieler Mü¬
92 1380 941 1448 gen entworfen. Dieser Theil besteht aus 8 Abschnit¬
90 1423 934 1483 ten. 1) Von der gelehrten Geschichte überhaupt
88 1463 934 1515 worin viel lesenswürdiges, z. E. die Nachricht vor
90 1506 936 1568 berüchtigten und verbotnen Büchern vorkömmt
90 1547 938 1605 2) von den freyen Künsten überhaupt; 3) von der
94 1585 934 1643 Grammätik; 4) von der Kritik und dem guter
94 1628 938 1705 Geschmack überhaupt; 5) von der Redekunst:
92 1669 936 1746 6) von der Dichtkunst; 7) von der Geschichte
92 1710 934 1770 8) von der Mathematik. Im zweyten Theil wiri
99 1750 938 1808 er die Geschichte der Weltweisheit und Jurisprudenz
94 1793 938 1855 abhandeln. Nachdem er in den §§ die verschiednen
92 1834 949 1898 Epochen in den Wissenschaften kurz dargestellet, nennt
99 1853 1810 1937 er die vornehmsten Schriftsteller mit den vollständi= übrig bleiben wird. S. 365. Anna Louise Kar¬
99 1922 949 1995 gen Titeln ihrer Werke und derselben verschiedne
94 1956 949 2033 Ausgaben, welches bey spanischen, englischen und
96 1997 934 2061 italienischen Büchern, eine mühvolle Beschäftigung
94 2035 1815 2095 war. Er hat keinen alten griechischen und lateini= Augen der Leser haben, daß sie auch zuweilen falschen
94 2070 1808 2142 schen Redner und Dichter vorbeygehen laßen. Mit Glanz für wahres Feuer hielten, und dadurch ver¬
94 2113 1815 2175 einer besondern Vollständigkeit bemerkt er die italie= hindert würden, ihre ohnstreitig zum größtentheil
94 2155 1810 2217 nische Dichtkunst. In der Geschichte der englischen vortreflichen Gedichte einer genauern Kritik zu un
99 2232 1817 2295 Dichtern beylegt, sehr wohl ihre Charaktere. Bey lung allhier, wie auch in Elbing und Mitau
99 2280 1168 2370 der deutschen Dichtkunst erkennt man, so unpar= 2 fl. 15 gr.
92 2333 956 2419 theyisch er schreibt, seinen guten Geschmack und den
956 992 1813 1046 Beytritt zur richtig denkenden Parthey. (Das Neue¬
971 1039 1815 1091 ste aus der anmuthigen Gelehrsamkeit hat aufgehöret.
956 1082 1810 1140 Der Hr. Prof. Bertram ist sicher.) Im Kap. von
958 1118 1815 1187 der Geschichte nennt er zugleich die besten Werke über
960 1163 1806 1208 die Specialgeschichten. Es sind viele Anonimi und
964 1200 1813 1253 Psevdonimi entdeckt und wir können den Liebhabern
962 1245 1808 1292 der so angenehmen als nützlichen gelehrten Geschichte
962 1288 1806 1337 dies Buch zur Ergänzung des noch in der dritten Auf¬
92 1335 1817 1397 he geschriebne Werk zum Gebrauch seiner Vorlesun= lage seichten kritischen Entwurfs des Stockhau¬
971 1365 1808 1423 sens empfehlen. Bey den Verdiensten dieses Werks
953 1408 1802 1461 wird man einige kleine Fehler leicht verbessern, z. E
956 1450 1813 1506 wenn er S 369. einige Gedichte des Wielands dem
956 1500 1815 1543 Hrn. Bodmer zueignet. Auch ein Paar Gedan¬
966 1532 1810 1583 ken sollen unsern Lesern mitgetheilet werden. In
962 1568 1817 1620 der Vorrede sagt er, er könne die Neuern nicht über¬
964 1613 1808 1673 haupt den Alten vorziehen. Man nehme z. E. aus
964 1658 1813 1708 allen Dichtern, die nach der Wiederherstellung der
962 1695 1806 1753 Wissenschaften gesungen, alle diejenigen Gedanken
964 1738 1806 1791 und Umschmelzungen weg, welche sie aus der heil,
962 1774 1802 1830 Schrift, und den Griechen und Römern entlehnet
964 1828 1810 1873 und dann wollen wir sehen, wie viel ihnen Eignes
975 1898 1808 1945 schin beweiset durch ihre Gedichte, daß der Enthu¬
964 1939 1808 2001 siasmus der Poeten kein Unding sey: Sollte aber
964 1988 1815 2035 vielleicht dessen Macht einen so starken Einfluß in die
105 2190 1815 2258 Dichtkunst trift er in den Beywörtern, welche er den terwerfen? Kostet in der Kanterschen Buchhand¬
1714 2327 1828 2423 Halle.
