2479 3213
794 1481 1675 1548 2tes Stück. Montag, den 6. Jenner 1766.
589 1589 939 1654 Nürnberg 1765.
386 1608 1192 1688 Von Belidors kurzgefaßtes Kriegs=Lexicor
337 1669 1198 1740 von den vornehmsten und gebräuchlichsten Kunst¬
350 1714 1194 1781 wörtern der Kriegskunst, Fortification und Artille¬
341 1755 1077 1828 rie, übersetzt von Kratzenstein, mit Kupfern.
389 1768 1198 1859 Weitläuftige speculativische Werke und große
345 1833 1198 1915 Kriegsschulen sind nicht der rechte Weg, angehende
345 1876 1207 1939 Krieger zu bilden. Der Soldat ist in den meisten
350 1923 1207 1986 Diensten zu einem gewissen Mechanismus gewöhnt,
345 1958 1200 2025 in dessen Genauigkeit oft die Unüberwindlichkeit
341 1999 1198 2072 ganzer Heere liegt. Herr von Belidor, dessen Na¬
345 2042 1198 2109 me schon das Lob eines Buchs von der militairischen
345 2085 1198 2152 Mathematik ausmacht, hat daher sehr rühmlich ge=
350 2126 1202 2191 than, daß er ein Dictionaire militaire herausgege¬
350 2165 1198 2239 ben, so wie der Uebersetzer Dank verdient, daß er
352 2219 1200 2273 es dem Gebrauch der Soldaten einer Landmacht ac=
358 2249 1205 2323 comodiret. Die Leser vom Metier werden sich dar¬
350 2275 2075 2360 aus wohl unterrichten, sie werden Namens lernen, Kunstwörter keine Mühe gegeben, und wir glauben
356 2372 1205 2448 neten Dingen erhalten. Dieses ist für den Anfang
352 2418 1205 2489 genug. Wenn sie die Kunstwörterserst verstehen, wird
348 2454 1211 2524 ihnen das Lesen größerer Werke von der Kriegskunst
356 2502 1205 2565 weniger langweilig scheinen — Das angenehmste
356 2554 1209 2610 Buch in einer fremden Sprache ermüdet oft, wenn
1224 1578 2077 1634 rien ziehen indessen weder Vaubans noch Turennen,
1224 1617 2075 1680 sie haben aber wenigstens den Vortheil, daß ihre
1222 1651 2085 1714 Kenntniß für dem demüthigenden Lächerlichwerden
1226 1708 2070 1759 bewahren. Ein gewisser General besah im Kriege
1226 1749 2075 1798 ein leichtes Retranchement und sagte, indem er ne¬
1230 1777 2072 1833 ben der Wache und dem commandirenden Officier
1226 1822 2057 1880 stand: die Schultern taugen den Teusel nicht -
1224 1861 2075 1915 Der Officier hatte zum Unglück nur von Menschen=
1224 1906 2066 1962 schultern reden gehört, und meynte der General
1230 1956 2072 2005 sprach von der Schildwache: hier ist seine Antwort:
1224 1988 2070 2040 Gewiß Herr General, es ist eine Schande was die
1220 2027 2072 2094 Regimenter den Grenadiren für schmales schwaches
1224 2075 2072 2124 Krob abgeben — Der General wandte sich um, und
1224 2111 2075 2174 hätte gerne dem Officier Belidors Dictionaire mili¬
1222 2154 2079 2208 taire zum lesen geliehen, es war aber noch nicht über¬
1226 2193 2077 2256 setzt — Wir empfehlen gegenwärtige Schrift be¬
1230 2232 2075 2299 stens, obgleich der Uebersetzer sich wegen deutscher
356 2325 2075 2409 und einen halb klaren Begrif von den damit bezeich: daß er sehr wohl gethan, weil ihm diese Arbeit mehr
1226 2360 2075 2422 gekostet hätte als sie nützlich geworden wäre. Die
1237 2401 2079 2457 Theorie der Kriegskunst ist hauptsächlich französi=
1235 2442 2088 2504 schen Ursprungs, man behalte aus Dankbarkeit ihre
1230 2487 2083 2543 Kunstwörter, denn dadurch daß wir sie gut anwen¬
1230 2526 2081 2586 den lernen, thun wir ihren Helden eben keinen son¬
356 2565 2088 2688 man zu ost zum Dietionaire laufen muß. Alle Theol derlichen Dienst. Man denke indessen nicht alles
1958 2612 2085 2679 gelernt
