2479 3213
526 427 961 508 Berlin, den 14. Jan.
367 472 1171 543 Bey Sr. Majest. dem Könige war am Sonntag
338 530 1171 583 des Mittags zahlreiche Cour, und so dann große Ta¬
338 570 1173 620 fel. Die Königl. Prinzen sowol, als auch die beyden
338 613 1169 662 Durchlauchtigste Braunschweigsche Prinzen, nebst ver=
333 654 1171 707 schiedenen Standespersonen beyderley Geschlechts, er=
329 703 1171 741 gotzten sich des Abends mit einer prächtigen Schlitten=
338 739 1164 788 fahrt durch die vornehmsten Straßen hiesiger Resi
338 820 1162 867 schiedener Art von Musik. Gestern, des Nachmit
340 863 1171 914 sags, geschahe die fünf und dreyßigste öffentliche Zie¬
338 906 1169 953 hung der Königl. Preuß. Lotterie, auf dem Berlin=
338 948 1171 993 schen Rathhause. Die fünf herausgezogene und ge¬
338 989 1158 1055 winnende Nummern waren: 53. 78. 73. 23. 84
536 1032 961 1079 Wien, den 28. Dec.
352 1038 1169 1122 Der verwitweten Kayserin Königin Majestät hal
346 1111 1162 1154 en sich noch beständig inne, und es wil fast das An=
346 1151 1166 1203 hen gewinnen, als wenn Allerhöchstdieselben künf¬
344 1201 1160 1248 ighin keinem öffentlichen Actu mehr beyzuwohnen
346 1235 1162 1284 edenken. Demohngeachtet nehmen Se. Majestät
346 1277 1158 1324 er Kayser nichts allein und ohne Beyrath der ver
346 1397 1166 1453 weyten Weyhnachtsfeyertage haben sich Se. Kay=
346 1438 1149 1491 rl. Majest. nicht wie Allerhöchst Dero Vorfahren
346 1483 1147 1530 n spanischen Habit an einem Feste, sondern in
346 1564 1156 1617 hoben, wobey die Kammerherren auch nicht mehr
355 1611 1156 1653 sch der gewöhnlichen Hofetiquette vorgeritten, son¬
340 1686 1154 1735 ülben Tages, da des Prinzen Alberts von Sachsen,
346 1724 1156 1773 onigl. Hoheit, zum Locum tenens im Königreiche
346 1771 1156 1812 ngarn ernannt waren, wurden Selbige auch zum
355 1807 1156 1859 stenmal an die öffentliche Tafel, woran die Kayseal.
344 1850 1147 1897 amilie auf dem großen Saal in der Burg gespeiset
346 1976 1149 2023 yn; dahingegen die Vollziehung Höchstdesselben
359 2021 1147 2089 ylagers bis nach Ostern, da die tiefste Trauer des
344 2057 1062 2113 ofes ein Ende nimt, ausgesetzet worden.
348 2228 1149 2273 igste dahin einschlagende Umstände Dero genauen
338 2267 1141 2314 senntniß nicht entgehen können. Vom Hofkriegs
346 2384 1145 2435 hlichen Stande erscheinen zu können; man wil
346 2467 1141 2527 in Königin Majestät, dem Kayser den Militair=
1198 423 2053 500 gen des theuren Lebens dieses schätzbaren Prinzen viel
1201 493 2053 545 Sorge und Bekümmerniß verursachet. Die Hof¬
1201 523 2047 585 kammerdiener, welche über 1000 Fl. Besoldung ge¬
1207 577 2042 632 habt, sind auf die Hälfte ihres Gehalts herunter ge¬
1194 615 1421 686 setzet worden.
1404 639 1824 701 Altona, vom 2. Jan.
1230 671 2042 741 Es hat sich bisher sehr öfters zugetragen, daß die¬
1188 739 2047 786 jenigen Personen, welche verschlossen gewesene Brun=
331 782 2049 833 denzien, unter Erleuchtung vieler Fackeln, und ver= nen haben reinigen oder neu auslegen wollen, ent¬
1188 825 2051 876 weder krank geworden, oder wohl gar plötzlich ge¬
1192 865 2040 912 storben: diesen unglücklichen Vorfällen künftighin zu
1196 906 2040 957 entgehen, hält man sich dahero verbunden folgendes
1196 948 2042 991 in England neulich versuchte und bewährt gefundene
1188 989 2040 1036 Mittel bekannter zu machen: "Man legt nemlich
1192 1030 2036 1081 2 Loth Pulver in einen Kessel, bindet diesen Kessel
1192 1068 2044 1119 an einen Strick, und läßt denselben in den Brunnen
1192 1115 2040 1164 bis zu dem Wasser hinab. Alsdann läße man, mit
1192 1154 2036 1196 der geziemenden Behutsamkeit, eine feurige Kohle
1186 1194 2034 1243 zu dem Pulver hinunter fallen, und zündet dasselbe
1181 1235 2027 1282 dadurch an. Wann nun das Pulver abbrennet, so
1186 1280 2034 1327 vertreibet es hiedurch alle arsenicalische Dünste, und
346 1316 2025 1369 itweten Kayserin Königin vor, sondern ein jeder reiniget die Luft in dem Brunnen dergestalt, daß die
346 1354 2034 1425 t verbunden sich zuerst dahin zu verwenden. Am Leute ihre Arbeit in demselben ohne Schaden oder
1192 1404 1643 1463 Gefahr vollbringen können.
1346 1438 1882 1500 Nieder=Elbe, den 7. Jan.
1222 1474 2034 1530 Wir haben letzthin eine Nachricht von Lauenburg
346 1525 2027 1572 hwarzen Kleide und Haarbeutel, nach St. Stephan mitgetheilet, welche zuverläßig versichern wolte, daß
1181 1568 2034 1619 der berühmte Herr Joh. Jac. Rousseau in Berlin
1179 1606 2027 1656 angekommen wäre. Jetzo aber meldet man uns aus
348 1649 2027 1698 ern sich nur schlechthin daselbst eingefunden. Des Paris, daß er sich dort wirklich, und zwar mit Be¬
1175 1690 2029 1735 willigung der Regierung, aufhalte. Der gnugsam
1181 1730 2027 1782 bekannte Herr Hume, welcher sich bereits seit 2 Jah¬
1179 1773 2032 1824 ren bey dem hiesigen Englischen Gesandten befindet,
1179 1809 2025 1861 soll ihm diese Eriaubniß bewirket, und zugleich den
1177 1854 2029 1903 Antrag gemachet haben, entweder auf den Gütern
355 1897 2032 1950 zogen. Der 7te Jan. soll, wie man sagt, zur In= des Herzogs von Richmonds, oder eines andern Eng¬
348 1933 2019 1991 illation dieses Prinzen, in Presburg anberahmet lischen Herrn, seinen künftigen Aufenthalt zu wählen.
1399 1980 1809 2029 Paris, den 30. Dec.
1209 1993 2025 2072 Der Hof hat wegen des Absterbens des Herrn Dau=
1177 2059 2025 2117 phins, die Trauer auf 6 Monate angelegt. Bey
346 2104 2017 2151 ayserl. Majest. scheinen übrigens auf die Untersu= Eröfnung des Cörpers Sr. Königl. Hoheit fand man,
346 2143 2021 2198 ung der ökonomischen Einrichtungen, Dero Haupt= daß nur noch die eine Halfte des einen Lungenflügels
346 2188 2021 2237 genmerk gerichtet zu haben, so daß auch die ge= unangegriffen, das Herz ganz welk und zusammen,
1171 2232 2019 2275 geschrumpft, die übrige edle Theile aber ganz unver¬
1164 2273 2012 2318 letzt gewesen. Der Herzog von Orleans ist von dem
338 2307 2012 2358 ith soll an alle Regimenter der Befehl ergangen Könige ernannt, bey dem Leichenbegängnisse des
348 2352 2017 2395 yn, um mit Ausgang künftigen Hornungs im voll= Hochseligen Herrn Dauphins, und bey den diesem
1173 2393 2010 2442 Prinzen abzustattenden letzten Pflichten die erste
344 2435 2019 2484 sch zuverläßig versichern, daß der verwitweten Kay- Stelle zu vertreten. Der König hat alle diejenigen
1164 2474 2017 2529 Officiers, welche sich in der Affaire von Larrache
346 2510 2017 2568 ind zur freyen Verwaltung überlassen hätten. Des besonders hervorgethan, mit ansehnlichen Geldfu¬
340 2555 2019 2608 rinzen Carls von Lothringen, Königl. Hoheit, lie= rien zu begnadigen geruhet. Zwey Maurer, welche
338 2593 2017 2651 in an einer Krankheit darnieder, welche uns we= in der Kirche von St. Paul arbeiteten, wurden mit
1899 2643 2014 2702 einan=
