2663 3213
776 407 1623 488 Beurtheilung und Lecture entdeckte. Da es zu einer
778 475 1619 530 Zeit (1755) erschienen, in der die guten kritischen
776 520 1625 583 Schriften erst ihren Anfang nahmen, so findet Herr
778 558 1625 613 K. darinnen den Grund, daß dieses lesenswerthe
778 600 1625 651 Buch weniger bekannt worden, als die basedow¬
789 641 1625 687 sche Rhapsodie, und läßt sich daher über dasselbe
783 728 1625 781 der Verfasser dieses Buches, der jetzt bey unsrer
776 757 2467 823 Akademie lehret, und seine Anweisung kurz vor sei¬ Herrn K. wenn er sich vielleicht zu weitläuftig be
776 848 1619 897 net, indem er selbst bey seinem Werk mit dem Opitz
774 887 1623 929 erkennet: Ec quantum restat! und seine kritische Be=
776 969 1623 1018 Beurtheilung des Zeitpunkts, den Herrn K. auch in
778 1008 1614 1052 Obacht genommen, worinn dies Buch geschrieben
776 1095 1619 1143 wir wissen, zum Lesebuch gedienet, müssen wir
776 1175 1619 1222 ihrem völligen Lichte und mit aller Feinheit aus¬
770 1215 1623 1262 gearbeitet erscheinen können, weil damals die guten
778 1256 1616 1302 Schriften noch sparsamer, und die Kritik nicht so
783 1296 1612 1345 gefeilt gewesen, als heut zu Tage. Hieher gehört
774 1334 1625 1383 besonders die Lehre vom oratorischen Woh klang.
776 1377 1616 1428 Denn obgleich es schon einen Baumgarten und
776 1421 1616 1476 Meiern in der Aestthetik gab, so waren doch kein
774 1459 1621 1512 Batteux, Schlegel, Ramler und Home, aus wel¬
764 1495 1610 1553 chem Herr K. geschöpft, noch nicht, und die Natur
770 1582 1610 1633 wollen hiebey nur noch dieses hinzufügen, daß der
774 1623 1610 1674 Herr Prof. L. durch diese Betrachtungen bewogen
776 1657 1612 1712 selbst gewünschet, sein Lehrbuch bey einer zweiten
770 1705 1612 1756 Auflage umzuschmelzen, und mit den Entdeckungen
774 1748 1616 1792 und Producten neuerer Zeiten zu bereichern, wie er
774 1788 1610 1837 denn deswegen in seinen Vorlesungen lieber eigene
768 1826 1610 1888 Aufsätze zum Grunde legt, worinnen er sich über die
774 1867 1602 1918 schönen Wissenschaften überhaupt mehr ausbreiten,
770 1909 1610 1958 zugleich aber sich seiner Anweisung zur Beredsamkeit
774 1954 1610 1998 insbesondere und der zahlreichen Beyspiele darinnen
764 1983 1610 2036 beyläufig bedienen kann. Nach der Erndte von
776 2030 1612 2081 Proben schöner Gedanken in seinem Autor giebt
768 2079 1614 2138 Herr K. selbst einen Versuch einer ästhetischen Aus¬
776 2113 1597 2162 sicht in das Ganze in der Claßification derselben,
764 2151 1606 2208 welche ziemlich genau und passend ist, ausser daß die
764 2198 1604 2251 witzigen und sinnreichen Gedanken doch immer zu
768 2234 1604 2287 coincidiren scheinen, und ihr Unterschied schwerer zu
762 2278 1602 2331 bestimmen als zu empfinden seyn mag. Im 13ten
762 2316 1602 2369 Brief finden wir Nachricht von des Viperanus,
757 2363 1597 2408 eines Sicilianers, Poetik in Prose, welche, wie sei¬
757 2403 1595 2450 ne Werke seltener vorkommt, und doch verdient ei
759 2442 1604 2495 nem Horaz und Vida an die Seite gesetzet zu wer¬
759 2486 1602 2548 den. Vielleicht hat die Prose gemacht, daß man
757 2524 2463 2579 diese Anweisung nicht so sehr geachtet. Herr K. zer= zur Seite gesetzet zu werden. Er redet, wie ein
751 2569 1599 2632 gliedert ihn mit vielem kritischem Verstande, und
1642 418 2482 511 schätzbaren Anmerkungen z. E. im 16ten Briefe von
1642 484 2473 528 den schlummernden Genies und dem Genie über
1650 522 2469 573 haupt. Es ist angenehm, wenn man Bücherkennt
1646 566 2473 622 niß verrathen will, solche auch aus veraltetern Schrift
1650 609 2482 655 stellern zu ziehen, in welchen man Bemerkungen
1646 649 2482 694 nicht sucht, womit neuere Kunstrichter sich oft viel
783 685 2482 734 stückweise ein. Wir versichern den Herrn M. daß wissen, und welche unsre lieben Alten auch schon ein
1646 734 2475 778 gesehen. Zur Vergeltung dafür vergeben wir dem
776 815 2475 863 nem Beruf nach Riga ausgegeben, sein Lob ableh= dem Viperanus aufhält. Er streuet desto lesens
1642 859 2475 899 werthere Gedanken bey Gelegenheit der Berührun¬
1646 895 2473 942 gen von jenem Autor mit ein Z. B. über die Episo
783 927 2473 989 leuchtungen mit Dank annimmt. Nach eben der den im 18ten Briefe, im 21ten von dem Anstande.
1646 974 2478 1020 (decoro) Im 23ten Briefe liefert der Verf. eine
1642 1018 2473 1063 Eintheilung des Schönen nach den äusserlichen oder
778 1052 2475 1107 worden, welches auf verschiedenen Akademien, wie innerlichen Sinnen, nach dem mehr natürlichen oder
1642 1103 2467 1148 willkührlichen. Sie scheinet uns in des P. Andr
783 1135 2473 1190 ihm einräumen, daß manche Materien noch nicht in Versuch vom Schönen einzuschlagen, welches artige
1642 1182 2478 1245 Werkchen vielleicht von dem Modelauf anderer in
1646 1213 2473 1271 diesem Felde verdrängt worden. Das Lehrgedicht
1633 1264 2473 1328 und seine Episoden beurtheilt Herr K. im 24ten
1646 1300 2473 1353 Briefe sehr wohl und gründlich. Er dehnet das
1640 1345 2469 1398 Schäfergedicht überhaupt bis auf die Landekloge
1635 1383 2471 1430 aus, und zeigt sich selbst mit einem Schäferstückchen
1635 1423 2475 1470 welches aber zu viel Nachahmung von Gellerts
1646 1464 2475 1529 Damöt in sich hält. Die Betrachtung über die
1638 1508 2475 1568 Kunst der Dichter, ihre Erzählungen am schick¬
770 1544 2475 1593 bildete vornemlich nur feine schlaue Ohren. Wir lichsten Ort zu schließen im 29 und 30sten Briefe,
1635 1587 2475 1631 ist reich an Beyspielen und schön; sie hätte der klei¬
1640 1625 2469 1676 nen Schäferpoesie vorhergehen sollen, wenigsten
1631 1665 2478 1716 mag sie bey ihrem Schluß den Probierstein abgeben.
1640 1708 2469 1752 Wir können diese Briefe allen Liebhabern des Ge¬
1640 1750 2469 1799 schmacks getrost empfehlen, und wenn sie etwas mehr
1633 1797 2469 1837 Gedrungenheit der Schreibart annehmen, auch bey
1635 1835 2469 1901 ihrem Salz den Ton der Bescheidenheit beyzubehalt
1631 1869 2155 1918 ten suchen, so sind sie Muster.
1631 1909 2461 1985 Kostet in den Kanterschen Buchhandlungen 1 fl. 159.
1922 2053 2195 2121 Königsberg.
1672 2102 2467 2157 Bey dem Verleger unserer Zeitung ist herausge¬
1635 2142 2461 2223 kommen: Abschiedspredigt in Berlin, und Antrits¬
1631 2193 2461 2257 predigt in Königsberg, gehalten von Gotthil
1635 2238 2418 2316 Christian Reccard. gr. 8vo. 51 Seiten.
1667 2287 2463 2335 Der würdige Herr Verfasser dieser Predigten ist
1631 2312 2461 2369 zu bekannt, als daß wir bey dieser Gelegenheit das
1623 2369 2461 2412 Publikum von seinen Verdiensten unterrichten soll
1625 2410 2461 2461 ten. Seinen Einsichten in mancherley Wissenschaf=
1625 2446 2461 2497 ten, die sich weit über das mittelmäßige wegsetzen,
1631 2492 2456 2537 verdient seine geistliche Beredsamkeit vollkommen
1625 2573 2461 2645 Geistlicher reden muß, wenn er unterrichten und er¬
2359 2616 2448 2681 baue
