2663 3213
734 435 1592 510 halten worden. Unsere Kaufleute in Steffen geben
742 499 1592 549 vor, daß sie durch die auf einander folgenden großen
742 542 1439 596 Trauern in Europa gänzlich ruinirt sind,
1497 540 1594 589 Einer
742 583 1601 630 von ihnen in der Straße St. Honore, hat einen
742 622 1592 678 Banquerott von 7 bis 800000 Livres gemacht. Der
746 660 1598 714 Herr Dreux, Steuereinnehmer bey der Generalität
740 703 2470 759 von Paris, hat die Flucht genommen, und einen Ban= Woywoden von Rußland hat dieser Tagen einen An¬
753 742 1443 813 querot von beynahe 2 Millionen gemacht.
962 783 1385 841 London, den 7. Jan.
785 807 1601 882 Des Erbprinzen von Braunschweig Hochfürstl.
742 848 1601 916 Durchlaucht. sind von Dero nach Orford Blenhein
742 901 1601 962 rc. rc. gethanenen Reise glücklich anhero zurück gekom=
746 942 1598 1002 men In verschiedenen Gegenden dieses Königreichs
740 985 1601 1037 werden itzo von der Geistlichkeit Societäten errichtet,
746 1024 1598 1082 deren Zweck dahin geht, dem Einschleichen des Pabst¬
749 1069 1601 1123 thums zu wehren, und insonderheit zu verhindern,
746 1106 1605 1162 daß keine Protestanten zu den Römisch Katholischen
749 1153 1594 1213 Lehren verleitet werden. An der Mittewoche war
738 1187 1603 1248 an einem sicheren Orte dieser Stadt eine Gesellschaft
749 1231 1598 1286 von 45 Personen beysammen, welche zum Mittags=
746 1274 1607 1327 mahl eine Rindskeule von 45 Pfund Sterl. verzehr¬
749 1323 1601 1368 ten, und dabey genau 45 Bouteillen Wein austran¬
746 1355 1605 1409 ken. Es wurden 45 Gesundheiten ausgebracht, un=
746 1390 1603 1448 ter welchen diese. Wilkes und die Freyheit, Lord
749 1428 1603 1489 Camden und die Gerechtigkeit, Lord Temple und
746 1467 1605 1530 Hr. Pitt, einige der vornehmsten waren. An ei¬
746 1519 1603 1573 nem dieser Tage sind wieder 3000 Quarters Waizen
755 1555 1594 1618 nach Spanien ausgeschiffet worden; und es läßt sich
755 1592 1598 1646 auch noch mit keiner Sicherheit sagen, daß die Aus¬
753 1637 1607 1689 führung des Korns werde untersagt werden. Aus
746 1676 1594 1732 Mobile, in Amerika, ist die Nachricht eingegangen
753 1717 1607 1768 daß allda sowohl, als zu Pensacola, große Krank=
753 1760 1603 1829 heiten unter den Besatzungen regierten. In diesen
755 1794 1609 1848 Tagen hat ein angesehener Catholischer Priester den
753 1839 1613 1893 Lehren des Pabstthums entsaget; und seine Bewe¬
762 1878 1603 1936 gungsgründe schriftlich bekannt gemacht. Es sind
762 1912 1609 1983 selbige anjetzt auf Kosten einer hiesigen Gesellschaft
751 1960 1611 2052 unter der Presse, und sollen einige 1000 Exempta¬
762 2001 1409 2078 ria hievon umsonst ausgetheilet werden.
949 2042 1422 2106 Warschau, den 22. Jan.
794 2059 1609 2138 Se. Majestät, welche sich bishero in erwünschtem
751 2123 1603 2184 Wohlseyn befunden, haben dieser Tagen den zwi¬
762 2205 1609 2263 Hrn. Kron=Marschall Grafen Bielinski, wegen der
757 2289 1607 2341 befindliche Juden, bishero geführten Proceß durch
762 2364 1609 2420 Todt des Hrn. Orauski Saffragin, erledigte geistl.
757 2407 1605 2463 Beneficia Königl. Collation; imgleichen die durch
755 2440 1833 2504 das Absterben des Hrn. Marsk, vacant gewordene ausgegeben.
753 2495 1613 2549 Castellaney von Lemberg, sind noch bishero an nie¬
757 2530 1613 2588 manden vergeben worden. Vorgestern als am Ge¬
757 2575 1607 2665 burtsfeste Sr. Maj. war Morgens bey Hofe Gala,
1624 428 2467 510 und des Abends Ball en masque, bey welchen eine
1624 497 2465 553 ganz besondere Pracht in Aufzügen beobachtet wor
1626 540 2474 585 den. Dem Herrn Kron=Großfeldherr Branicki, ha¬
1624 583 2461 622 ben Sr. Catholische Maj. den Orden des goldenen
1626 620 2463 669 Vließes und den fürstl. Titel beygeleget, die Gemah
1626 663 2470 708 lin desselben befindet sich noch allhier. Die Fürstin
1624 742 2463 811 fall ihrer vorigen Krankheit gehabt, und ist noch
1626 783 2470 833 bis Dato nicht restituiret. Heute hat die Kron¬
1626 826 2470 867 Krieges=Commißion ein Corps der Kron=Garde auf¬
1626 863 2474 908 Tribunal nach Lublin detaschiret. Sr. Maj. sind
1631 906 2470 957 gesonnen dieser Tagen in die Gegend von Radom,
1626 949 2467 996 auf die Jagd zu reisen. Der Furst Radziwil, be¬
1624 985 2467 1037 findet sich seit etlichen Wochen in Prag krank. Da die
1624 1030 2472 1082 Cardinals Wahl in Rom, welche am Ende des vori¬
1626 1067 2474 1121 gen Jahres vor sich gehen sollte, bis Monat April
1624 1112 2472 1157 verleget worden, und der Hof in Versailles bey der¬
1624 1155 2472 1203 selben dem Fürsten Broglio, den Cardinals=Hut
1626 1187 2470 1237 auszuwürken gesonnen ist, so ist es eine, derer zu
1624 1237 2474 1284 Recognoscirung Sr. Maj. vorgelegten Bedingungen,
1624 1274 2472 1334 die zu dessen Beförderung vom höchstseligen Könige
1631 1319 2332 1370 gegebene Versicherung ins Werk zu richten.
1852 1405 2252 1469 Eingekommene Fremde.
1766 1441 2336 1508 Vom 25ten bis zum 31en Jan.
1676 1482 2472 1560 Hr. von Bulow, Fähnrich in polnischen Diensten,
1633 1542 2470 1598 kommt von Litthauen, log. bey Morsheitin im Kneip
1637 1594 2470 1639 hof. Herr Roß und Hr. Meyer, Kaufleute von
1626 1628 2474 1676 Danzig, log. im Kneiphof bey Remus, gehen nach
1631 1674 2467 1721 Riga. Hr. Flörcke, Kaufmann von Danzig, log
1626 1715 2472 1766 bey Daniels im Kneiphof. Hr. von Kußewsky, ein
1637 1755 2467 1805 pohlnischer Edelmann, kommt von Berlin, log. bey
1637 1794 2467 1846 Mattuschke in der Licentstraße. Hr. Poltner und
1633 1841 2465 1887 Manigel, Kaufleute, kommen von Gruneberg, log
1624 1880 2472 1921 bey Daniels im Kneiphof. Hr. Billig, Wilpert
1633 1919 2470 1962 und Mertin, Studiosi, kommen aus Danzig. Hr.
1631 1962 2461 2029 Capitain von Kroch, kommt als Courier von Peters
1624 2003 2063 2050 burg, log. bey Seyfrieds.
1887 2048 2229 2132 AVERTISSEMENT.
1672 2091 2465 2162 Bey dem Verleger dieser Zeitung ist zu ha
762 2153 2472 2224 schen dem Herrn Woywoden von Masuren, und den ben: Doct. Anton Friedrich Büschings, Geschichte
1633 2196 2470 2242 der Evangelisch=Lutherischen Gemeinen im Rußischen
762 2233 2470 2293 Gerichtsarbeit über die in der Woydschaft Masuren Reich. Erster Theil, 8, 766, 1 fl. 15 gr. Träu=
1626 2276 2463 2338 me eines Geistersehers, erläutert durch Träume der
762 2315 2463 2384 höchstdero Vermittelung beygeleget. Die durch den Metaphysik, 8, Königsberg 766, 21 gr. Lyrischt
1624 2358 2463 2403 Versuche, 8, Berlin 766, 9 gr. Auch wird die neun
1633 2401 2463 2461 te Fortsetzung des Catalogi, von neuen Büchern
1637 2476 2455 2562 Diese Gelehrte und Politische Zeitung wird des Montag
1676 2541 2427 2590 und des Freytags Vormittags um 10 Uhr in dem
1773 2579 2330 2629 Kanterschen Buchladon ausgegeben.
