2479 3213
756 1442 1709 1546 30tes Stück. Montag, den 14. April, 1766.
411 1572 1230 1646 Fehlerhafter Beweis von der Fortdauer der
617 1620 1017 1696 Seele nach dem Tøde.
403 1741 1238 1840 Die Unsterblichkeit der Seele ist für das mensch=
399 1809 1242 1866 liche Geschlecht eine so interessante Wahrheit, daß
393 1856 1229 1924 man sie billig hätte gelten lassen sollen, wenn sie auch
403 1901 1237 1951 nur, mit dem Cicero zu reden, ein süsser Traum
399 1937 1236 2003 ware. Weil es aber immer solche unglückliche
402 1981 1234 2048 Weise gegeben hat, die sich selbst zu wenig, ihre
403 2025 1241 2092 Vernichtung aber zu viel liebten, als daß sie bey jener
403 2056 1234 2129 Wahrheit der Demonstration hätten entbehren wol=
402 2107 1237 2173 ten: so haben es gleichmäßig, große Geister unter¬
403 2147 1240 2214 nommen, sie hierin zu befriedigen, wenn sie nur
408 2189 1203 2247 selbst die Absicht hätten, sich befriedigen zu lassen.
441 2225 1237 2293 Denn aber hat es auch nicht an solchen gefehlt
399 2270 1242 2342 die in dem Enthusiasmus über die Gewißheit ihrer
403 2313 1243 2370 guten Sache solche Beweise wählten, welche mehr
405 2355 1247 2409 nichts, als eine Ueberfärbung eines guten Einfalls,
405 2397 1251 2466 oder, handwerksmäßig zu reden, der Kitt, womit
405 2443 1237 2494 man Meynung und Beweis, als Einexlei
411 2487 1249 2542 gusammen leimte, waren. Unter solche Beweise
411 2528 1248 2587 rechne ich die Art, die ein neuerer Gottesge¬
411 2563 1254 2645 lehrter angiebt, wodurch man den Ungläubi¬
1261 1550 2115 1616 gen von der Fortdauer der Seele nach dem Tode
1260 1584 2110 1642 überzeugen könnte. Doch indem wir zu discret und
1262 1638 2115 1689 zu uneigennützig sind, um an den Lorbeern der Geg¬
1260 1679 2113 1730 ner dieses Theologen Theil zu nehmen: so wollen
1262 1717 2112 1768 wir nicht einmal seinen Namen nennen; sondern
1262 1754 1772 1809 nur von der Sache selbst reden.
1313 1788 2114 1851 "Wahrnehmungen der Seelenkräfte im Tode, sagt
1270 1832 2113 1897 "er, machen den Beweis der Unsterblichkeit aus.
1290 1873 2110 1936 Die Erfahrung kann zwar nicht an Sterbenden ge¬
1280 1915 2106 1978 macht werden, welche entweder unter der Hinfällig=
1277 1959 2108 2023 'keit des Alters hinsinken, oder in der Hitze des
1277 2001 2108 2062 Fiebers hingeraft werden. Es ist deutlich, daß,
1260 2045 2114 2093 „wenn die Seele bey beyden selbst mit einzuschlafen
1275 2092 2112 2138 'scheint, oder an den Verwirrungen des Körpers
1277 2129 2108 2177 'Antheil nimmt, dieser Anschein auch nur darin zu
1277 2169 2112 2224 suchen sey, daß der Körper weiter kein tüchtiges
1280 2215 2115 2275 Werkzeug für die Seele sey, und sie durch die Zer¬
1275 2255 2116 2308 rüttung desselben verhindert wird, ihre Wirkungen
1281 2301 2109 2356 'zu äussern. Das Subjekt muß also ein Mensch
1281 2340 2115 2401 seyn, bey dem die Hütte des Leibes, nur so zu sa¬
1285 2387 2115 2445 gen, weggenommen wird, bey welchem die gro¬
1279 2421 2119 2480 be Materie nach und nach abfällt, — ein Schwind¬
1290 2459 2115 2535 süchtiger — ein ausgezehrter und ausgemergelter
1286 2506 2116 2567 Kranker. — Hier ist die wahre Erfahrung, daß
1282 2551 2121 2602 der Geist seine Lebhaftigkeit, seine Stärke, seine
2018 2580 2118 2651 'ganze
