2479 3213
314 405 1167 492 sehr billig beurtheilt. X. Der Sommer, ein Ge¬
325 479 1156 524 dicht, dessen Verfasser mit Thomson und Kleist gan
316 518 1156 566 nicht bekannt gewesen seyn muß. XI. Theatre de
316 560 1158 613 P. Corneille avec des Commentaires par M. de
316 598 1162 647 Voltaire, in denen gar nichts neues steht, und von
314 645 1162 696 denen die Börse der Nieçe des Corneille, oder ob
322 683 1169 736 Herr von Voltaire gewiß mehr Vortheil gehabt als
1188 420 2034 482 die Köpfe der Leser je davon erhalten werden. XII.
1182 477 2039 535 Vermischte Nachrichten, in denen von dem neuen
1192 518 2028 566 Trauerspiel des Mr. d'Arnaud les amans malheu-
1182 558 2028 613 reux gesagt wird, daß es kaum ein rührender Stück
1873 598 2043 658 Kostet in
1182 605 1778 651 auf dem französischen Theater gebe.
1182 643 1928 715 den Kanterschen Buchhandlungen 1 fl. 9 gr.
513 791 950 855 Berlin, den 18. Jan.
350 806 1150 887 Se. Königl. Majestät haben den bey dem Fürstl.
310 961 1156 1010 der Veste Friedrichsburg zu Königsberg in Preussen,
314 1005 1150 1056 allergnädigst zu ernennen geruhet. Der bisherige
335 1046 1152 1097 dof. und Kämmergerichts=Referendarius, Freyherr
316 1088 1326 1139 von Dankelmann, ist wegen seiner vorzüglichen Ver= nehmen.
310 1124 1156 1173 dienste zum Regierungsrath in Magdeburg allergnä¬
325 1167 1152 1215 digst bestellt worden, und hat sich mit der Fräulein
310 1247 1983 1302 des wohlseligen Königl. Preuß. Generalmajors glei. Dännemark Majestät, gefahrlich danieder liegen.
320 1292 1150 1355 chen Namens, in Gegenwart vieler Standesper¬
335 1324 1141 1379 men, öffentlich verlobet. Ihro Königl. Hohei
337 1370 1148 1425 in, die Prinzen und Prinzeßinnen des Königl.
346 1459 1956 1532 rley Geschlechts, ergötzten sich abermals am Dien= nigl. Hoheit, zu seiner Gemalin ausersehen sey.
335 1493 1143 1544 ag, Abends, mit einer sehr großen und prächtigen
346 1542 1135 1582 chlittenfahrt, mit vielen Fackeln und 4 Schlitter
346 1578 1141 1640 it Musik. An eben diesem Tage bezogen Se.
344 1665 1143 1708 sat, das auf der Dorotheenstadt neuerbaute große
352 1703 1141 1746 lais. Von Sr. Majestät dem Könige, sind die
350 1739 1143 1788 stbarkeiten während des diesjährigen Carnevals,
346 1782 1139 1833 gendermaßen regulirt: Sonntags ist große Cour
350 1820 1135 1869 Sr. Majestät dem Könige; Montags Opera;
346 1865 1143 1909 senstags Redoute; Mittwochs französische Comö¬
350 1907 1133 1952 ;Donnerstags Cour bey Jhro Majestät der Kö=
346 1949 1133 1998 in; Freytags Opera, und Sonnabends Ruhetag.
352 2019 1126 2077 urch ihren Anfang genommen, daß des Abends
337 2072 1133 2119 Gegenwart Sr. Majestät des Königes, und des
361 2151 609 2210 geführet wurde.
492 2193 946 2261 Breslau, den 10. Jan.
358 2206 1126 2287 Verwichenen Sonntag, als den 5ten dieses, des
358 2274 1126 2321 nds um halb 7 Uhr, entstand allhier auf der
361 2321 1126 2369 sergasse eine unvermuthete Feuersbrunst, wo
350 2403 1122 2448 chst der Hülfe des Höchsten, haben wir es den
361 2444 1122 2488 offenen guten Anstalten zu verdanken, daß selbi¬
352 2486 959 2558 die Nacht hindurch gedämpft wurde.
460 2524 940 2571 Nürnberg, vom 2. Jan.
1177 781 2030 851 ro Gemalin gewilliget, sogleich nach der Vermäh¬
1182 840 2028 891 lung der Erzherzogin, Christina, mit des Prinzen
335 880 2030 931 Nassauusingschen Infanterieregiment gestandenen Alberts, Königl. Hoheit, eine Reise nach Böhmen
325 914 2030 982 Major, Herrn von Zielsdorf, zum Commandanten anzutreten, um daselbst das aus 50000 Mann beste¬
1175 967 2028 1025 hende Lager, welches in der Gegend Collin zusam¬
1173 1010 2022 1059 mengezogen werden, und einen ganzen Monat hin¬
1173 1046 2026 1122 durch stehen bleiben soll, in höchsten Augenschein zu
1368 1099 1824 1182 Hamburg, den 3. Jan.
1218 1150 2022 1220 Fast alle aus Copenhagen eingehende Briefe ent=
329 1207 2013 1273 von Wobersnow, hinterlassenen einzigen Tochter halten die betrübte Nachricht, daß des Königs von
1215 1283 2015 1345 Von Wien meldet man uns, daß der Herzog von
1169 1307 2019 1396 Chablais, ein Sohn des Königes von Sardinien,
1171 1372 2019 1425 daselbst stündlich erwartet würde, und man wolle ge¬
346 1413 2019 1489 auses, nebst verschiedenen Standespersonen bey, wiß behaupten, daß eine der Erzherzoginnen, Kö¬
1324 1498 1843 1553 Donaustrom, vom 2. Jan.
1201 1512 2015 1595 Wie sehr Se. Röm. Kayserl. Majestät das Wohl
1167 1580 2013 1631 Dero Unterthanen beherzigen, und selbst Dero eige¬
346 1621 2009 1672 dnigl. Hoheit, der Prinz Heinrich, mit Dero Hof= ne Bequemlichkeit hieruber hintansetzen, kann nach¬
1167 1665 2009 1710 folgender Umstand außer allen Zweifel setzen. Es
1165 1701 2011 1756 fuhren nemlich allerhöchstdieselben unbekannter Wei¬
1165 1744 2011 1797 se nach St Veit, stiegen vor dem Dorfe ab, und be¬
1156 1778 2005 1837 gaben sich zu Fuß in des dasigen Richters Wohnung.
1152 1829 2009 1871 Sie erkundigten sich hierauf genau nach alle den Be¬
1165 1865 2000 1924 schwerden, welche die Einwohner von Seiten der
1158 1909 2005 1958 Jägerey auszustehen hätten, sie nahmen hie und da
1158 1947 2000 2005 selbst einige Sachen in Augenschein, und erlaubten
356 1990 2000 2039 stern haben diese Carnevalslustbarkeiten bereits endlich den Bauren die schon längst gesuchte Umzäu¬
1152 2039 2000 2087 nung ihrer Weingärten und Felder wieder den Einbruch
1152 2075 2000 2123 des Wildes, mit der gnädigen Erlaubniß, sich, wenn
346 2117 1998 2164 izen Hofes, das Singspiel, Achilles in Scirus, Ihnen nur das geringste solte in den Weg gelegt wer¬
1152 2159 2002 2225 den, gerades Weges nach der Hofburg zu Dero höch¬
1150 2193 1996 2261 sten Person zu wenden, und einer geschwinden Hül=
1145 2236 1436 2310 fe zu gewärtigen.
1364 2253 1780 2333 Utrecht, den 8. Jan.
1179 2291 1996 2382 Londner Briefe, welche über Ostende eingegangen,
350 2361 1992 2405 ch einige Häuser in die Asche geleget wurden, und vom 27ten und 31ten Dec. datiret sind, bringen
1145 2403 1992 2456 die Nachricht mit, daß der Prinz Friedrich Wilhelm,
1145 2446 1992 2495 jüngster Bruder des Königes von Großbrittanien,
1141 2486 1988 2539 den 29sten vorigen Monats in einem Alter von 15
1139 2537 1994 2584 Jahren, 7 Monate und 5 Tage, in die Ewigkeit ge=
358 2535 1992 2641 des Römischen Kaysers Majestat, sind nebst De= gangen. Der berüchtigte Herr Wilkes soll diesen
1867 2605 1985 2688 Nach.
