2663 3213
629 422 2364 538 Havens, versenkte Kriegesschiffe wied er aufbrin= blieben, um die inficirte Kranken zu disponiren, al¬
618 534 778 614 gen soll.
785 538 1326 612 Fontaineblau, den 14 Dec.
677 560 1488 655 Se. Königl. Hoheit, der Hr. Dauphin, haben die
625 634 1477 709 Nacht vom 11ten auf den 12ten ziemlich wohl geru
636 683 1490 761 het. Vorgestern war auch das Fieber nicht stärker,
634 720 1401 783 und der Zustand der Brust beynahe einerley.
636 750 1490 822 Geschwür, welches seit einigen Tagen am Anus ent=
638 796 1490 878 standen war, wurde gestern Abends, da es zur Reife
640 839 1490 919 gekommen war, eröfnet. Die vorige Nacht ist sehr
636 887 1490 958 unruhig gewesen. Das Fieber hat abgenommen;
638 923 1492 988 aber der Husten ist häufiger, und der Auswurf schwe¬
638 960 1492 1032 rer gewesen. Diesen Morgen haben Se. Königl.
636 1014 1373 1107 Hoheit sich schwach und abgemattet befunden.
833 1053 1295 1116 Warschau den 26. Dec.
683 1077 1496 1155 Als gestern die hier befindliche Herrn Senatores
644 1129 1499 1202 und Ministri, sich in das königl. Schloß verfüget,
644 1168 1494 1246 legten dieselbe an Se. Königl. Maj. die gewöhnliche
644 1213 1499 1291 Glückwünsche ab wegen der itzigen Weynachts Ferien
644 1252 1503 1334 und begleiteten Sr. Maj. in die Schloßcapelle. Sr.
651 1285 2059 1378 Maj. geben täglich Audienze Am 20ten beurlaub= ne, zum Aufstand gebracht hatte
651 1339 1501 1416 ren sich bey höchst Denenselben der Graf Rzewuski,
651 1380 1499 1455 Groß=Fähndrich von Litthauen, in der Meynung
642 1403 2379 1494 nach Rußland abzufahren, eine vorgefallene Krank= Corsaren kürzlich aufgebracht haben, befindet sich ein
651 1460 1501 1533 heit aber hat sie zuruck gehalten. Am folgenden
653 1492 2387 1581 Tage aber beurlaubten sich die Grafen Gozdzki Woy= und auf welchem für mehr als 18000 Sequinen
651 1553 1507 1611 wod von Podlachien, und Ralowski, Kammerherr
660 1585 1516 1665 von Clemence, Szydlowski, Fähndrich von War¬
666 1626 1509 1702 schau und die junge Fürsten Woronulii. Nachdem
655 1669 1512 1752 bereits durch die Schatz=Commißion, der Entwurf
666 1715 1514 1791 zur Ausmünzung des neuen Geldes in Richtigkeit
655 1752 1518 1832 gebracht worden; so haben Sr. Maj. solchen unter¬
666 1793 1512 1873 schrieben, und anbefohlen dieses Geld unverzüglich
662 1834 1522 1914 zu schlagen, welches gleich nach dem neuen Jahre,
662 1875 1516 1951 und zwar nach dem Reichsfuß erfolgen soll. Man
664 1916 1514 1996 wird aus jeder Cölnischen Mark feines Silbers 80
668 1961 1516 2028 Stück pohlnische Gulden schlagen, und wann solche
670 1998 1527 2076 unter die Leute werden ausgegeben werden, so sollen
668 2041 1525 2119 die Ducaten nicht über 13 Tympf und 2 Schostak
670 2082 1522 2167 gelten, besagte Kron=Schatz=Commißion soll be=
668 2124 1522 2201 reits ein Universal entworffen haben, in wel¬
666 2171 1522 2247 chem die bisherige Sechser und 15 Groschen
677 2208 1525 2288 stücke reduciret werden, es wird aber solches
668 2253 1525 2329 Universal noch nicht so balde publiciret werden. Vor¬
673 2292 1518 2372 gestern arrivirte anhero der Graf Pä Starost von
679 2336 1520 2416 Ziolew, dieser Tagen aber starb allhier nach einer
675 2374 1529 2452 kurzen Krankheit, der im königl. Cabinet engagirte
668 2418 1522 2500 Herr Shretuski, ein Sohn des Herrn Starosten von
679 2463 1531 2541 Chegilno. Aus Litaszew wird gemeldet, daß die seit
673 2500 1531 2586 geraumer Zeit in Pobereze graßirte Pest bey entstan=
673 2543 1531 2621 denem Frost nachgelassen. Jn der Stadt Bas hin=
677 2584 1531 2664 gegen hat sie noch nicht aufgehöret, alwo viele Leute
681 2623 1531 2710 sterben, andere aber haben sich nebst dasigen Jesui=
681 2677 1538 2783 ten wegbegeben, es waren nur eiliche Patres hinter=
1499 504 2364 556 lein auch diese sind dem Tode nicht entgangen, so wie
1505 534 2364 599 es durch hiesige P. P. Soc. JEsu mit der letzten
1507 577 1970 651 Post von da berichtet wird.
1665 595 2212 679 Petersburg, vom 29. Nov.
1553 642 2361 722 Nachdem der Königl. Französische Hof den Herrn
1509 698 2364 761 Roßignol zum Consul in Rußland bestellet, und sol¬
1509 740 2372 800 ches dem hiesigen Ministerio förmlich kund gethan
1514 783 2370 846 hat, so ist dieser Tagen durch den dirigirenden Senat
1509 822 2374 891 der Befehl ergangen, ihn in dieser Qualität zu er¬
1509 882 1644 941 kennen.
1637 889 2236 964 Constantinopel, von 7 Nov.
1566 934 2381 1012 Jasfer Bey, welcher eine Schebecke von 24 Kano¬
1516 988 2377 1047 nen commandirt, hat hier einen Seeräuber aufge¬
1514 1032 2377 1090 bracht, den er in den Gewässern von Caramanien
1518 1075 2377 1137 genommen, wobey er auch ein kleines Englisches
1522 1116 2374 1174 Schiff, das dieser Räuber gekapert hatte, wieder ge¬
1516 1157 2377 1217 nommen. Man versichert, der Hauptmann dieses
1518 1200 2377 1254 Raubschiffes sey derselbe Sclave, welcher im Jahr
1525 1237 2383 1298 1760 das Volk des Schiffes, die Ottomannische Kro=
1749 1323 2165 1384 Algier, vom 25. Oct.
1572 1332 2383 1421 Unter verschiedenen Prisen, welche die hiesigen
1533 1442 2385 1507 Fahrzeug, das von Marseille nach Barcellona ging,
1538 1533 2385 1587 Edelgesteine waren. Ein Malthesischer Renegat,
1538 1568 2390 1626 der hier seinen Garten an dem Gestade des Meeres
1538 1607 2392 1669 hatte, ist dieser Tage, nebst 24 Christen=Sklaven,
1540 1650 2390 1713 die ihn ein Schiff hatten zubereiten geholfen, über
1538 1700 1812 1754 See entwischet.
1767 1721 2160 1801 Einkommende Fremde.
1654 1771 2275 1836 vom 28sten Dec. bis zum 3ten Jan.
1574 1808 2398 1884 Herr Baron von Osten, dänischer Gesandte am
1540 1875 2385 1929 Rußischen Hofe, kommt von Petersburg, geht nach
1546 1907 2403 1970 Copenhagen, log. bey Nemus. Herr Görz ein Kauf¬
1542 1953 2396 2015 mann, kommt von Danzig. Die Herren Brunaty
1546 1994 2400 2059 Schultz, Gune und Mouchon Kaufleute, kommen
1546 2037 2400 2093 aus Danzig, log. bey Remus. Herr von Sajons¬
1548 2074 2400 2137 kowski, kommt von Wilkomien, log im Römerkrug
1546 2126 2405 2180 in der Vorstadt. Herr Obrister von Rehbinder,
1548 2165 2409 2221 Rußischer Resident in Danzig, kommt von Danzig,
1546 2201 2403 2262 log. bey Hr. Obristen von Kalnein, geht nach Pe=
1555 2245 2409 2303 tersburg. Herr Rittmeister von Quoos, kommt von
1555 2286 2403 2344 Berlin, log. bey Sachs in der Vorstadt. Herr
1553 2318 2411 2383 Thomas Reus ein Kaufmann, kommt aus pohlnisch
1553 2368 2416 2431 Litthauen. Hr. von Galle, Pohlnischer Lieut. kommt
1553 2411 2409 2472 von Graudentz, log. bey Guttowski in der Vorstadt.
1555 2454 2411 2511 Herr Graf von Orlow, Herr von Zimmermann und
1553 2493 2403 2554 Herr M. Rocheler, kommen von Reisen, log. bey
1561 2541 2145 2606 Seyfrieds, gehen nach Petersburg.
1559 2558 2413 2643 Diese Gelehrte und Politische Zeitung wird des Monag=
1600 2638 2396 2699 und des Freytags Vormittags um 10 Uhr in dem
1713 2660 2268 2742 Kanterschen Buchladen ausgegeben.
