2663 3213
782 400 1643 476 ist, daß die Colonien künftig englische Waaren werden
788 472 1636 516 annehmen wollen, so haben bereits verschiedene auf
790 510 1638 557 der Themse liegende Schiffe, die nach Amerika be¬
795 548 2484 604 stimmet waren, ihr Volk bis auf die Officiers, die Chocim zu gehen und von dorten unter dem Charat
797 591 1634 635 noch beybehalten sind, abgedankt. Aus einigen Um
803 631 1640 680 ständen erhellet, daß auch zwischen unserm Hofe und
797 669 1640 718 dem Französischen das Vernehmen noch nicht das Voll=
788 714 1643 761 kommenste ist; und hat unser Hof dem letztgedachten
788 761 1643 803 zu verstehen geben lassen: Wie er die Unterhandlun=
797 799 1636 846 gen, welche seit einiger Zeit zwischen Frankreich, Spa¬
797 839 1634 886 nien und einigen andern Mächten betrieben wurden,
788 880 1630 929 nicht mit Gleichgültigkeit ansahe, so wenig, als den
788 922 1640 967 großen Eifer, mit welchen man in Frankreich und
795 956 2495 1005 Spanien Kriegesschiffe bauete, zu einer Zeit, da Eu= wie solche laut denen neuerlich aufgenommenen Lu=
788 999 1636 1046 ropa in tiefer Ruhe wäre 2c. Vor einigen Tagen
790 1041 1638 1092 ist allhier Hr. Lee, ein angesehener Apotheker, bey
788 1077 1640 1135 welchem sich ein Geschwür in der Seite hervorge¬
790 1124 1638 1175 than hatte, von dem Hrn. Cäsar Hawkins, Esquire
788 1164 1636 1211 Sr. Maj. Wundarzte, geöfnet worden, wobey der¬
788 1203 1636 1256 selbe ihm einen Stein aus der Leber gezogen hat;
790 1245 1643 1294 und befindet sich Hr. Lee so wohl, daß man dessen
790 1290 1643 1339 baldige Wiederherstellung hoffen kan. Dieser Vor¬
790 1368 1409 1434 Wundarzeneykunst zugetragen haben
967 1394 1460 1477 Warschau, den 19. Febr.
831 1424 1640 1498 So wie Se. Königl. Majestät, unser allergnä¬
788 1464 1640 1538 digster Herr, seit dem Antritt Dero Regierung
795 1530 1643 1577 darauf bedacht gewesen, damit der fast bey allen
790 1572 1640 1617 Gerichtshöfen vernachläßigten Gerechtigkeit aufg=
784 1611 1645 1664 holfen und dieselbe zur allgemeinen Wohlfarth die¬
795 1649 1634 1698 ses Königreichs zu der gebuhrenden und schleunigen
786 1696 1640 1745 Ausübung gebracht werden möchte: also haben Al¬
786 1736 1640 1787 lerhöchstdieselben durch die Herren Kronkanzlere Ex¬
786 1772 1634 1821 cell. Excell. den Sachwaltern bey Dero Hofgerichten
782 1817 1634 1862 aufzugeben geruhet, daß da Sie zu Ende des Cur¬
786 1857 2490 1898 ländischen Rechtstermins, nämlich nach dem 12ten Fürstenstand Sr. Römischkayserlichen Maj. mit der
782 1896 1634 1949 des nächstkünftigen Aprilmonats die Relationsgerich¬
786 1938 1630 1987 te hegen würden: als möchten diese Sachwalter ih=
782 1976 1760 2027 ren Clienten bey Zeiten hievon Nachricht geben, da= reiset.
782 2017 1636 2066 mit diejenigen, welche von diesem Gericht entweder
786 2063 1628 2114 nach einem vom Tribunal erfolgten Remiß, oder
786 2102 1630 2146 nach Vorschrift der Gesetze ihre Entscheidung erwar¬
778 2146 1628 2208 ten, auf solche Zeit zum rechtlichen Verfahren gefaßt
790 2187 1628 2236 seyn könnten. So bald als der Herr Alexandrowitsch,
786 2229 1626 2276 von seiner Ankunft nach Zelestschiki, woselbst er sich
786 2267 1628 2310 auch noch befindet, bey dem Hrn. Pangiodoro Nico=
784 2308 1628 2354 bulo, Großkammerherrn des Fursten Hospodar von
786 2348 1630 2395 der Moldan melden lassen, wurde derselbe nicht allein
782 2393 1634 2442 erbeten, seine Reise, da nunmehr alle Schwierigkei¬
776 2431 1636 2478 ten gehoben wären, ungehindert nach Constant no=
780 2476 1630 2524 pel fortzusetzen, sondern ihm auch von den freund¬
786 2514 1626 2563 schaftlichen Gesinnungen der Ottomannischen Pforte
776 2554 1628 2622 gegen Sr. Maj. den König und die Republik völl¬
1664 389 2495 489 ge Versicherung gegeben, worauf gedachter Herr
1664 459 2497 527 Alexandrowitsch auf Befehl Sr. Maj. von hier aus
1664 502 2490 567 die Ordre erhalten, ohne weiteren Zeitverlust auf
1660 582 2497 635 ter als Sr. Maj. und der Republik außerordentl
1660 625 2497 684 cher Gesandter den angetretenen Weg weiter fortzu¬
1666 669 2495 720 stellen. Eine von der Republik zu dem Kronschaß
1666 710 2495 771 bestellte Commißion hat nur neulich mittelst zweer
1666 748 2497 803 Edicte allen und jeden Inhabern Königl. Guther,
1670 788 2497 858 Schlösser, Dörfer, Vogteyen, Lehngüter, Schultze
1666 829 2497 886 reyen, und wer sonst unter irgend einem Titel mit
1660 873 2490 937 Königlichen Güthern möge seyn begnadiget worden
1666 916 2495 971 bekannt werden lassen: daß dieselben die Quarte, so=
1670 997 2497 1054 strationen zustehet, in zween Terminen auf den be=
1660 1037 2497 1088 nannten Kammern bey Vermeidung der durch die
1670 1077 2490 1145 Gesetze bestimmten Strafe abzutragen mit diesen
1660 1118 2499 1177 jetzt laufenden Jahr anfangen sollen. Eben dieselbe
1660 1160 2490 1213 Kammern und dieselben Zahlungstermine hat diesel
1664 1201 2497 1247 he Commißion zur Erlegung der Juden Kopfsteuet
1664 1243 2495 1294 besage der neuerrichteten Tariffen angesetzet, mit der
1664 1279 2495 1339 beygefügten Verwarnung: daß wenn ein oder die
797 1324 2490 1373 fall ist einer der seltensten, die sich jemals in der andre Juden Gemeine in der Folge der Zeit den son
1660 1366 2497 1417 benannten Kopfschoß in die angewiesene Kammer
1660 1405 2490 1451 nicht entrichten würde, sollen dergleichen Rückständ
1664 1449 2490 1496 beyzutreiben der Armee überlassen werden. Uebr
1660 1488 2490 1545 gens sind die Gebühren für die Quittungen und all
1670 1532 2490 1579 Sporteln, unter was für Vorwand dieselben seyn
1670 1564 2497 1617 mögen, so wohl bey Bezahlung der Quarte als auch
1666 1611 2495 1666 der Juden Kopfsteuer durch die vorbeschriebnen Edici=
1660 1649 2490 1702 auf das schärfste verboten, angesehen den Herren
1666 1692 2488 1738 Schatzbedienten bey gedachten Zollkammern auch fül
1670 1734 2488 1787 solche Einnahme von dem Kronschatz ihr Gehalt
1664 1776 2490 1823 ausgesetzet worden. Sr. Durchl. der Fürst Ponia
1658 1815 2495 1862 towski, Oesterreichischer General, dessen Pohlnischen
1660 1896 2490 1946 Würde eines Fürsten des heil. Römischen Reichs ver¬
1655 1938 2478 2019 mehret haben, sind wieder von hier nach Wien abg
1664 2108 2484 2184 Wechsel-Cours & Species d. 6. Märtz 1766
1658 2184 2454 2238 Amsterdam 41 Tage 309gr. 71 Tage 307½ gr.
2093 2216 2344 2284 6 W. 129½ gr.
1655 2225 2027 2293 Hamburg 3 W. 130 gr.
2048 2252 2388 2325 Dantzig 27 pr. Cto.
1655 2265 1764 2312 Berlin
1658 2286 2038 2382 Ducateb neue 9 fl. 5 gr.
2114 2304 2459 2367 Alberts Taler 135 gr.
2051 2340 2476 2414 Alt Polnisch Geld 15 pr. Cto
1658 2344 1902 2422 Rubel 115 gr.
1651 2461 2478 2535 Diese Gelehrte und Politische Zeitung wird des Montag
1700 2510 2454 2586 und des Freytags Vormittags um 10 Uhr in dem
1808 2558 2369 2631 Kanterschen Buchladen ausgegeben.
