2479 3213
1218 1502 1669 1581 den 28. Merz 1766.
740 1502 1201 1588 25tes Stück. Freitag,
651 1607 869 1686 Chemnitz.
374 1654 1179 1725 Bey Stößels Erben ist herausgekommen: M.
349 1708 1183 1789 Gotthelf Oesfels Betrachtung über die zu
349 1761 927 1832 künftige Welt, in 8vo, 7½ Bogen.
349 1864 1186 1930 eine der wichtigsten Gegenstände womit sich bereits
347 1905 1179 1956 diele Weise des Heidenthums beschäftiget haben
347 1988 1190 2057 welcher in dem seligen Gedanken, daß sein Erlöser
349 2029 1190 2101 seinen Tod geheiliget und ihn in einen Schlaf
353 2067 1188 2136 amgeschaffen, so viel Ruhe der Seelen, so viel
362 2570 1406 2611 ternde Vorstellungen für diejenigen, die alle Tage "betrachtet'
1209 1594 2067 1654 ler ihrer Lust und Herrlichkeit den Gedanken nicht
1209 1637 2063 1697 abwehren können, daß ihr Leben ein Ziel hat und
1216 1682 2054 1744 sie vielleicht in einer Stunde davon müssen. Wir
1207 1727 2065 1778 wünschen der gegenwärtigen Schrift das Glück,
1207 1766 2054 1819 das Gebet bey vielen Lesern zu bewirken: HErr
370 1802 2063 1866 Die Betrachtung über die zukünftige Welt, ist lehre du mich bedenken daß ich sterben muß, auf
1207 1853 2067 1905 daß ich klug werde, das Glück, viele zu überzeu¬
1207 1896 2065 1952 gen, daß uns das Grab weise mache Vorzüge,
347 1928 2061 1986 der aber nur bloß dem Christen glücken kann, die oft auch mittelmäßige theologische Schriften zu
1209 1977 2065 2037 erhalten pflegen, da man bey denenselben mehr
1209 2014 2063 2072 auf die Absicht als die Art wie sie ausgefallen,
1211 2061 2065 2116 sehen muß. Die Matevien die Herr Pastor Oes¬
347 2097 2063 2153 Trost im Tode findet, daß er mit den gelassenen feld abhandelt, sind nicht neu, und mithin halten
347 2144 2063 2200 Vorstellungen sterben kann: Es ist genug so nimm wirs vor unnöthig darüber zu urtheilen. Man
353 2181 2063 2243 nun HErr meine Seele, ich bin nicht besser wie würde partheyisch seyn, wenn man mit seiner Ab¬
347 2226 2063 2309 meine Väter. Diese Welt ist nicht das Vater= handlung völlig zufrieden seyn sollte. Selbst im
347 2264 2061 2326 land für Geister, die nach der Unendlichkeit stre= Stil verräth er Unachtsamkeiten die zum Stein
353 2311 2063 2365 den, unsere Leiber bringen das Gift der Verwe= des Anstosses werden. ”Ich halte dafür, spricht
357 2354 2063 2405 lung mit in die Welt, und unser Leben ist eine er auf der 37 Seite, "daß wenn ein einsamer
362 2395 2067 2450 Blume auf dem Felde, die heute stehet und mor¬ "Weise in sich selbst verhüllet, und von dem wü¬
353 2435 2063 2493 gen in den Ofen geworfen wird, wir leben nur ”sten Geräusche der tobenden Welt entfernt, bey
357 2474 2069 2536 zu sterben. Selige Aussichten für den Geheilig= "der angenehmen Windstille eines aufgeheiterten
362 2519 2074 2574 ten, der die Welt überwunden hat; allein mar= "Nachdenkens, Gott und die Werke der Natur
1579 2559 2076 2611 Die Zuschrift an seinen Va=
362 2579 2076 2675 herrlich und in Freuden leben, und jedoch bey al= ter stehet hier gleichfalls an einem sehr unrechten
1986 2645 2078 2718 Ort,
