2663 3213
752 478 1612 530 kenleeren Zeilen, keinem Liebhaber des wahren
752 510 1610 572 Geschmacks Ehre bringen, noch gefallen können.
746 549 1604 607 Sieht man seinen Wust analitisch an, so ist der Plan
755 602 1606 645 alt, und die Ausführung elend, solten wir ihn aber
746 650 1606 710 gar catechetisch durchgehen, so kann es nicht schwer
755 684 1604 737 seyn zu errathen, was wir auf die Frage, Wo¬
748 720 1604 774 hin, wohin? dem Herrn Verfasser für eine
746 763 1604 827 Antwort oder Addresse würden gegeben haben. Die
744 806 1591 862 gelehrte Männer, deren Kritik seiner Angabe nach
746 851 1595 898 dies Gesellenstück untersucht und freygesprochen, ha=
748 885 1597 941 ben entweder den Pindar so wenig wie der Verfasser
748 935 1595 978 gekannt, oder sie sind boshaft genug gewesen, ihn
742 975 1599 1031 durch ihr Lob anzulocken, zur Strafe ihrer ungeach¬
740 1012 1597 1065 teten Warnungen, sich selbst lächerlich zu machen.
746 1095 1571 1166 seinen Versen behutsamer zu gehen, Horaz sagt:
825 1145 1415 1248 Pindarum quisquis studet aemulari
830 1218 1246 1291 — ceratis ope Daedalea
827 1258 1353 1342 Nititur pennis, vitreo daturus
821 1316 1089 1393 Nomina Ponto.
737 1385 1591 1460 Der Verfasser hat aber vermuthlich den Horaz noch
733 1441 1591 1494 nicht bis zum 4ten Buche durchexponirt. Wenn er
744 1483 1589 1539 diese und Ramlern von der lyrischen Poesie wohl
733 1526 1582 1582 begriffen, des letztern fürtrefliche Ode an die
746 1565 1582 1623 Feinde des Königs, gegen seinen gedehnten
737 1606 1586 1664 Mischmasch verglichen, und endlich Kunstrichter
733 1657 1580 1702 mehr als Freunde zu Rathe gezogen haben wird,
731 1694 1580 1743 alsdann werden seine Lieder, wenn er anders Ge
731 1736 1576 1790 nie hat, voll von jener wahren poetischen Wuth
737 1775 1586 1822 seyn, die Apollens Lieblingen die Ewigkeit verdie
729 1814 1580 1869 net, alsdann werden wir uns ein Vergnügen daraus
731 1856 1580 1908 machen sie dem Publiko, selbst ohne durch eine kost¬
729 1893 1580 1944 bare Zuschrift dazu ermuntert zu werden, mitzu¬
731 1944 1576 1992 theilen. Solte er aber fortfahren so zuversichtlich
733 1981 1589 2049 mit dem Pindar zu certiren; so singen wir mit Ha¬
729 2022 879 2097 gedorn:
806 2069 1468 2152 Den Thoren ist ein Glück beschieden
808 2142 1370 2240 Das vielen klugen Leuten fehlt.
808 2227 1428 2328 Die Herren sind mit sich zufrieden,
804 2311 1533 2407 Und haben immer wohl gewählt. u. s. w.
958 2465 1325 2549 Bayreuth. 1765.
755 2523 1574 2588 Briefe des Osmans, aus dem Französischen
714 2560 1571 2645 übersetzt. Wir würden mit unsrer Kritik über den
752 412 2472 508 Buchstaben gedruckt findet, in übrigens gedan= Werth des Originals zu spät kommen, weil selbiger
1636 484 2472 536 schon vor mehr als zehn Jahren durch einen allge¬
1634 530 2472 575 meinen Beyfall bestimmt worden. Montesquien
1636 570 2470 622 war 18 Jahre da er seine persianische Briefe schrieb
1629 613 2470 662 und zeigt daher mehr Lebhaftigkeit, er opfert man
1629 647 2470 701 ches einem beißenden Einfalle auf. Osman scheint
1629 690 2470 744 älter gewesen zu seyn, und prüft genauer, er spricht
1629 731 2467 787 lieber vom Karakter der Nation, als von ihren Eti¬
1623 778 2470 834 ketten — Von der Uebersetzung wollen wir nicht
1625 815 2470 866 viel sagen, sie ist indessen für diejenige die das Ori¬
1625 864 2465 918 ginal nicht recht verstehen brauchbar genug, diese
1625 907 2463 952 werden sich daran nicht stoßen, daß bijoux hier Ge¬
1625 939 2472 1018 schmücke, separer voneinander thun, former des liens
1627 984 2472 1033 Bänder bewerkstelligen heißt — Mehrere Aus¬
1619 1018 2467 1076 drücke die uns in der Vergleichung einiger Briefe
752 1053 2470 1121 Wir aber rathen ihm aus Liebe für sein Bestes, mit vorgekommen anzuführen, würde eine grammatika¬
1625 1102 2470 1173 lische Trockenheit verursachen, die wir gern zu ver¬
1619 1155 2465 1205 meiden suchen. Wir verzeihen dem Uebersetzer da¬
1619 1188 2463 1243 her auch daß er so gar auf dem Titel einen Sprach¬
1616 1235 2463 1291 fehler begangen, und den Inhalt der Briefe, der
1621 1273 2465 1323 im Original über einem jeden steht, ausgelassen hat.
1612 1306 2463 1368 Die Uebersetzung sowohl wie das franz. Original
1608 1346 2461 1434 kostet in den Kanterschen Buchhandlungen 1 fl. 12 gr.
1951 1462 2118 1535 Berlin.
1653 1492 2461 1576 Lyrische Versuche. — In der Rüdigerschen
1612 1539 1979 1623 Buchhandlung. 1766.
1670 1567 2461 1655 Wenig leichte Blätter, aber fein ausgearbeitete
1612 1631 2461 1709 Stücke, die viele reitzende Züge der ächten lyrischen
1614 1683 1940 1743 Muse an sich haben.
1998 1694 2459 1747 Man verkennet nicht darin
1604 1730 2455 1777 den Geist des Horazens bey einem seiner Schüler.
1610 1773 2457 1822 Das Bild in den Oden ist einfach und das Colorit
1606 1807 2455 1863 nicht überladen. Der Ton brauset nicht blos im
1606 1850 2457 1910 Anfange, sondern er hebt sich wie der römische Dich¬
1606 1891 2455 1957 ter in den Schwan verwandelt, nach und nach, der
1610 1927 1947 2004 doch von sich rühmt,
1749 1985 2262 2069 Sublimi feriam sidera vertice,
1599 2045 2444 2135 und hält glücklich aus. Die erste Ode auf den Frie¬
1604 2099 2311 2174 den scheint matter und nachläßiger zu seyn.
1704 2146 2219 2221 Wie man sieht in dichten Hecken
1711 2191 2174 2266 Philomelen sich verstecken u. s. f.
1597 2238 2448 2339 allein ihre Anlage ist sanfter und anakreontischer,
1595 2300 2112 2371 wenigstens dem Schluße nach:
1702 2347 2067 2412 Ich indessen bey Lyäen
1702 2380 2202 2472 Will dem süßen Gott der Ehen
1694 2446 2159 2508 Majoran und Myrthen streun.
1700 2489 2232 2568 Und ihm Most und Früchte weihn,
1689 2542 2137 2613 Bis er alle tausend Knaben
1694 2585 2165 2660 Die der ehrne Mars begraben
