2479 3213
504 429 946 509 Berlin, den 22. März.
349 476 1159 550 Bey dem Bayreuthschen Dragonerregimente ist
317 526 1162 601 der Fähnrich, Herr von Golze, zum Secondelieute¬
317 571 1168 649 nant, und der Fahnenjunker, Herr von Rohr, zum
317 610 1162 690 Fahndrich avancirt. Bey dem ersten Batallion
319 657 1164 718 Garde sind die gefreyten Corporals, Herren von
317 694 1112 756 Kessel und von Marwitz, zu Fähnrichs avancirt.
513 748 965 795 Leipzig, vom 8. März.
351 778 1170 832 Von Sr. Königl. Hoheit dem Chur=Administrator
317 797 1164 875 ist auf den 10ten May des jetztlaufenden Jahres ein
317 873 1028 929 allgemeiner Landtag ausgeschrieben worden.
528 912 937 970 Wien, vom 5. Márz.
356 927 1168 1000 Der Herr Feldmarschall und Kriegsrathspräsident,
321 985 1170 1052 Graf von Lascy, hat ein solches Blutbrechen bekom=
315 1034 1168 1099 men, daß er sich bereits einige Tage inne halten müs¬
321 1118 1164 1183 cognito nach Presburg gegangen, um in dasigen
321 1153 1170 1222 Schlosse die vorkehrenden Einrichtungen vor das
319 1192 1155 1246 höchste Brautpaar in Augenschein zu nehmen; unt
325 1241 1164 1302 die Stände des Königreichs Ungarn machen viele
317 1271 1168 1349 Beranstaltungen zu dem prächtigen Einzuge zu Pres¬
325 1319 1164 1394 durg, welcher den 12ten April allda mit den grösten
325 1362 1168 1433 Solennitäten erfolgen soll. Nachdem der General,
321 1405 1164 1474 Furst Poniatowski, schon seit voriger Woche sich wie¬
325 1446 1164 1502 der aus Pohlen hier anwesend befindet, hat selbiger
323 1487 1164 1552 vorgestern auf dem Paradeplatz sich mit zugegen be¬
321 1532 1164 1584 sunden, als einige Bataillons von dessen schönem Re=
321 1573 1162 1627 giment, so von dem Herrn General, Baron von
325 1618 1168 1681 Harsch, nunmehro an ihn überlassen worden, aufge¬
325 1653 1168 1720 sogen, vor dieses soll der Fürst 100000 Gulden dem
325 1698 1164 1752 Herrn General Harsch gegeben haben, wobey er ihm
321 1743 1162 1791 noch, so lange er lebet, alle Jahr 6000 Gulden zu
325 1782 1164 1832 geben sich anheischig gemacht hat. Ihro Maj die
321 1823 1170 1877 Kayserin Königin haben der Mutter des in der letz¬
325 1860 1164 1929 ten Belagerung von Schweidnitz gebliebenen tapfe¬
325 1901 1164 1970 ten Obersten Caldwell, zum Zeichen Dero höchsten
325 1937 1164 2013 Zufriedenheit über das ruhmwürdige Betragen ihres
332 1989 1170 2054 Sohnes, eine kostbare goldene Tabattire zum Prä¬
328 2026 1021 2095 sent zu übermachen allerhuldreichst geruhet.
465 2084 1009 2136 Donaustrom, vom 10 März
358 2088 1164 2168 Schon im verwichenen Jahre haben die Nieder=
321 2138 1164 2222 Osterreichständischen Herren, Verordnete auf Verlan¬
321 2202 1162 2263 gen eines verdienstvollen Cavaliers dem Kayserl. Ho¬
321 2230 1162 2310 se einen Plan zur Errichtung einer öconomischen Ge=
328 2278 1159 2347 seulschaft vorzulegen, die Ehre gehabt. Ihro Kay¬
325 2319 1164 2386 serl. Maj. haben hierüber nicht nur ein gnädiges
332 2358 1162 2431 Wohlgefallen zu bezeigen, sondern sich auch dahin zu
321 2396 1155 2470 derlaren geruht, daß Höchstdieselben die hiezu erfor
321 2433 1162 2506 derliche Kosten gröstentheils selbst zu übernehmen,
328 2483 1162 2560 and die Gesellschaft Dero allerhöchsten Schutzes zu
325 2528 713 2605 würdigen geneigt wären.
481 2573 996 2633 Amsterdam, den 4. März.
349 2603 1164 2700 Die jüngsten Briefe von Madrid melden, daß die
1187 431 2047 511 von langer Zeit her in Spanien untersagte Einfüh¬
1194 489 2045 541 rung der Leinwand aus den Königl. französischen
1198 532 2054 582 Manufakturen zu Chollet und Rouen aufgehoben
1194 573 2045 618 und solche wirklich in die Königl. Spanischen Lande
1198 614 2049 666 frey eingebracht werden darf. Eben diese Briefe
1192 653 2052 705 bringen mit, daß die Krone Spanien mit allem Ei¬
1200 694 2054 752 fer fortfährt, sowohl die Land= als Seemacht auf ei¬
1194 737 2045 791 nen fürchterlichen Fuß zu setzen. Bey der erstern
1198 784 2054 836 sollen, wie verlautet, einige neue Manöuvres einge¬
1194 825 2045 875 führet werden, welche mit den Preußischen eine Aehn¬
1187 864 2049 916 lichkeit haben. Die Portugiesische Armee hat bereits
1187 907 2049 957 durch die unermüdete Sorgfalt des Hrn. Grafen von
1198 953 2049 1000 der Lippe diejenige Vollkommenheit erlanget, wo¬
1187 989 2049 1039 durch sie vormals der Krone so großen Ruhm erwor¬
1192 1032 2052 1080 ben hat. Der König von Spanien läßt durch seinen
325 1069 2054 1118 sen. Ihro Maj. die verwitwete Kayserin, sind in= bey den Schweizer Cantons ernannten außerordent¬
1187 1114 2047 1162 lichen Abgesandten Grafen del Salto um ein starkes
1187 1155 2052 1213 Korps Schweizer zu spanischen Diensten Unterhand=
1192 1202 1416 1265 lung pflegen.
1355 1239 1881 1293 Stockholm, den 4. März.
1224 1276 2054 1334 Nachdem man hier wieder allerley Gewaltsamkei¬
1194 1325 2045 1375 ten zu spüren beginnet, welche die behörige Ruhe und
1192 1364 2043 1420 Sicherheit stöhren, und, falls man dieselben nicht zu
1187 1409 2047 1459 rechter Zeit hemmete, sich weiter ausbreiten, und noch
1198 1446 2043 1502 gefährlichere Folgen haben könten: So ist hierdurch
1194 1491 2049 1545 der geheime Ausschuß veranlasset worden, unter dem
1192 1532 2045 1584 24sten des abgewichenen Monats Februar, bey des
1192 1577 2045 1625 Königs Majestät in Unterthänigkeit anzuhalten, "daß
1209 1618 2043 1662 die hiesige Bürgerschaft von neuem befehliget wer¬
1198 1659 2049 1705 „den möchte, alsofort die Nächte über Patrouille zu
1187 1700 2047 1750 „halten, in der Stärke und so lange, als solches zur
1207 1733 2045 1802 "Hemmung der Gewalt und zur Wiederherstellung
1209 1782 1976 1832 der Ruhe, für nöthig gefunden werden sollte.
1418 1821 1817 1881 Rom, den 22. März.
1237 1851 2045 1914 Wie man versichert: so sollen Se. Pohlnische
1187 1907 2052 1959 Maj. durch den Protector von Pohlen, Hr. Cardi¬
1187 1950 2047 1996 nal Albani, sich um einen Cardinals=Hut vor den
1192 1991 2045 2047 jetzo in Pohlen befindlichen päbstlichen Nuntius be¬
1187 2032 2047 2088 werben. Zugleich fordern dieselbe, daß ihnen gleich
1194 2084 2045 2127 den Höfen von Wien, Madrit und Versailles, drey
1187 2114 2049 2166 Candidaten zur künftigen Nunciatur, um sich daraus
1187 2161 2047 2209 einen zu erwählen, vorgeschlagen werden. Se. Maj.
1194 2200 2043 2248 verlangen üderdieß die Einwilligung Sr. päbstl. Hei¬
1194 2243 2045 2293 ligkeit, um auf alle in Dero Königreiche befindliche
1192 2284 2043 2334 Geistlichen eine gewisse Taxe legen zu dürfen. Dem
1187 2327 2049 2377 obgedachten Hrn. Cardinal haben Se. Maj. zu
1187 2368 2049 2420 gleich Dero reich mit Brillanten garnirtes Bildniß
1198 2411 1821 2478 zum Geschenk zu übermachen geruhet.
1409 2455 1819 2506 Algier, vom 3 Febr.
1231 2480 2052 2536 Gestern starb der hiesige Dey Aly Bassa, welcher
1194 2532 2054 2586 seit einiger Zeit krank gelegen hatte. Sein Nach¬
1198 2582 2045 2627 folger ist der Casnagi, welcher heute als Dey nicht
1192 2616 2041 2692 alletn mit den Holländern, sondern auch mit ver
1916 2653 2045 2728 schiede=
