2479 3213
782 401 1459 517 Zugabe zu Nr. 14.
279 544 1598 664 Theils um die Unpartheylichkeit und Wahrheit unser Macht Raum ihr Wolken!
290 617 1124 697 Beurtheilung darzuthun, theils die incompetenten Ge¬
286 666 1128 745 schmacksrichter, die laut reden, heiser denken, und im
288 716 1126 797 außersten Nothfall durch Schimpfen die Layen furcht=
286 764 1122 846 sam machen oder einnehmen wollen, wo möglich zu
288 809 1682 931 beschämen, sehen wir uns genöthiget eine Ode ganz Sternenglanz zu meinen Füßen,
281 855 1126 931 genau nach des Verfassers Handschrift abdrucken
286 917 1128 983 zu lassen, von der wir außer dem vorigen noch
288 958 1130 1033 sagen könnten, daß sie halb heidnisch, halb christlich
290 991 1304 1084 eingerichtet sey, indem Sabbathstille, Jubel, Erden, Jch seyi
281 1039 1132 1132 könig rc. mit Mars, Zevs, Ossa und Pelion rc. in
279 1095 938 1178 ein unüberlegtes Chaos gemischt worden.
372 1159 1581 1236 Ueber das Undeutsche wollen wir uns nicht Die tausendzungige Fama
288 1215 1120 1281 auslassen, sondern den Verfasser nur an den Auszug
288 1262 1122 1322 aus Gottscheds Sprachkunst verweisen. Wir müsser
284 1308 1126 1378 die Geduld unsrer Leser durch keine längre Einleitung
281 1366 1122 1463 erschöpfen, sie werden sie zum folgenden nöthiger
279 1395 399 1473 haben.
348 1469 1126 1542 „Ew. rc. wird es vielleicht bekannt seyn, daß ich
288 1500 1120 1579 eine Ode auf den Geburtstag des Königs vorgeleser
286 1562 1130 1635 habe. Sie können sich leicht vorstellen, daß die
294 1616 1120 1687 mehresten von meinen Zuhörern den pindarischer
290 1651 1132 1734 Ton nicht vertragen, andere aber meine Ode ganz
288 1697 1122 1780 anders, als ich, verstanden haben. Es ist audh
294 1749 1126 1838 schwer, sie bey einem flüchtigen Vorlesen zu verste
294 1798 1846 1906 hen. Sie nun drucken zu lassen, könnte man mir Ihr Himmel, daß ihr vom Jubel ertönt?
290 1842 1132 1914 für eine Ehrsucht auslegen, von der Ich doch weit
290 1867 1697 1980 entfernt bin. Ich ersuche also Ew. sie in Ihre ge= Heilger Schauer durchöebt mich
288 1937 1140 2024 lehrte Zeitungen einsetzen zu lassen, um so mehr, da
288 1983 1132 2090 sie bereits die Critik gelehrter Männer freygesprochen
290 2034 375 2117 hat."
644 2069 791 2148 Auf den
551 2127 855 2200 Geburtstag
416 2165 1008 2283 desKönigs,
286 2231 1130 2368 bey Wiedereröfnung der Königl. deutschen Gesellschaft.
662 2336 741 2386 von
464 2353 944 2432 Karl Gottlieb Bock.
530 2411 878 2486 einem Mitgliede derselben.
428 2454 985 2527 Den 25sten Januarins, 1766.
279 2550 652 2653 Wohin? — Wohin
284 2628 793 2732 Auf der Begeisterung Fittig?
1149 644 1724 755 Schon über zwo Himmel erhaben,
1151 724 1583 830 Seh ich nun schwindelend
1151 904 1579 1002 Schnaub Empyreum ein.
1147 1068 1616 1171 Hoch fliegt mir die Brust¬
1147 1223 1786 1331 Auf des Olymps diamantenen Zinnen.
1142 1320 1664 1422 Friederich! Friederich!
1142 1384 1594 1496 Schmettert die Trompete;
1151 1478 1856 1583 und Friedrich! donnern die Paucken
1151 1563 2003 1654 Aus dem hohen Aethergewölbe gewaltig herunter.
1144 1623 1784 1738 Was ist dir, Sonne, daß du stannst?
1147 1720 1769 1823 Ihr Morgensterne, daß ihr jauchzet?
1153 1960 1616 2067 Wer ist die, im Sternkleid,
1147 2032 1523 2146 Majestätisch rufende?
1151 2119 1716 2237 "Heil! Heil! dem Erdenkönig!
1153 2229 1534 2303 "Hohe Göttergedanken
1157 2281 1711 2403 "Haucht ich dem Werdenden ein.
1142 2367 1507 2486 Gott Mavors selbst,
1144 2481 1709 2579 Wischt von der droh'nden Stirn
1144 2562 1749 2663 Grimmigen Ernst, und — lächelt -
1134 2639 1627 2759 Zum erstenmale seit Aeonen.
1805 2666 2007 2788 Triumph
