2479 3213
551 381 970 469 Berlin, den 1. April.
372 426 1187 497 am Sonntage, als am heiligen ersten Osterfeyer=
333 471 1179 544 tage, wohnten die Frau Aebtißin von Quedlinburg
333 534 1185 594 Jhro Königl. Hoheit, die Prinzeßin Amalia, dem
344 570 1181 628 Gottesdienst in der hiesigen Schloß= und Domkirche
344 609 1183 678 bey, hörten daselbst den Königl. Hofprediger, Herrn
344 648 1177 723 Postius, predigen, und empfingen sodann die heilige
344 693 1185 753 Communion. Nachdem der Allerchristlichste König
344 777 1192 837 Königl. Majestät notificiret, so wird der Hof von
340 824 1187 897 morgen an die Trauer über den Todesfall auf 4
342 858 607 925 Wochen anlegen.
478 897 1046 959 Regensburg, den 20 März.
379 923 1190 1007 Zu Wien ist die betrübte Nachricht eingelaufen, daß
344 1033 1181 1101 nigl. Hoheit, Höchstwelche nur erst kürzlich Dero
349 1067 1185 1127 15tes Jahr zurück geleget, unvermuthet mit Tode
340 1157 1183 1226 dauerlicher, als man diesem Prinzen eine Durchl. Erz=
349 1194 1185 1267 herzogin aus dem Kayserl. Osterreichischen Hause zur
346 1235 1183 1302 Gemahlin bestimmet wissen wollen. Vermöge des
349 1271 1185 1347 Nachner Friedensschlusses ist nunmehro durch Ableben
346 1321 1185 1392 dieses letztern männlichen Sprossen des Königl. Spa=
346 1368 1194 1420 nischen Jnfanten, Don Philip, das Herzogthum Pia=
346 1407 1185 1476 tenza bis an die Nura, auf des Königs von Sardi=
349 1448 1185 1517 nien Majestät gekommen, alles übrige aber, so wie
346 1493 1183 1564 das Herzogthum Parma, an das Erzhaus Oesterreich
344 1523 693 1605 wieder zurückgefallen.
546 1573 985 1641 Wien, vom 16. Márz.
383 1592 1192 1682 Vor drey Tagen ist der Rußischkayserl. Bereuter
353 1624 1185 1730 Müller mit neun vortreflichen Schimmelpferden, ei=
349 1697 1196 1764 nem prächtigen Staatswagen, einem mit Gold ge=
353 1736 1179 1809 pickten dazu gehörigen vortreflichen Pferdegeschirr
349 1788 1185 1848 einem blausammetnen mit dem kostbarsten Zobel ge=
353 1818 1185 1893 sarterten und ausgeschlagenen Pelz, der auf 17000 Fl.
346 1872 1192 1940 geschatzt wird, nebst noch 18 Personen allhier ange=
351 1904 1190 1973 kommen, und hat solches von der Rußischen Kayse=
349 1947 1192 2018 ein Majestät wegen dem Herrn Fürsten, Wenzel von
361 1986 1192 2048 eichtenstein, als ein Gegengeschenk vor die vor Drey¬
355 2026 1194 2102 diertel Jahren an Jhro Majestät überschickten Her=
361 2110 1194 2177 daten zur Discretion, und ein jeder von denen mit=
357 2156 1200 2222 gerommenen 100 Ducaten von dem Herrn Fürsten er=
357 2196 1194 2263 galten, als welche samtlich auf dessen Kosten sowohl
361 2239 1198 2310 hier als in ganz Pehlen bis an die Gränze defrairt
355 2280 1185 2366 werden. Der General Laudon ist den 9ten diese=
359 2319 680 2390 allhier angekommen.
501 2353 1033 2422 Amsterdam, den 20. März.
383 2392 1192 2470 Nach dem Jnhalt einiger der letztern Nachrichten
372 2487 1192 2562 dischen Compagnie einen abermahligen Vortheil über
361 2526 1192 2603 die Truppen des gegen sie feindlich gesinnten Nababs
368 2569 1192 2657 hauten, und um selbigen aus seinem vortheilhaften
1200 379 2070 454 Lager zu locken, sich der Kriegslist bedienet, unter
1209 443 2067 497 Begünstigung einer dunkeln Nacht, ihr Lager, mit Zu¬
1207 486 2067 540 rücklessung einiges Gepäckes und verschiedener Kost=
1207 531 2067 585 barkeiten zu verlassen, und sodann sich nach einer wenig
1200 572 1908 628 von selbigem entsernten Gegend zu ziehen.
1362 613 1900 667 Stockholm, den 13. März.
1246 635 2072 708 Der secrete Ausschuß hat der Kammerfrau der Kö¬
1215 693 2070 746 nigl. Prinzeßin, nach dem gnädigen Verlangen des
340 736 2070 805 das Absterben des Königs Stanislai von Polen Sr. Königs, eine ansehnliche Pension beygelegt. Der
1211 770 2063 830 Bruckspatron Schönström hat sich über ein Urthel
1209 817 2070 867 des Königs, das wider ihn und für den ersten Königl.
1207 858 2070 914 Leibmedicus, Rosen von Rosenstein, ausgefallen ist,
1211 901 2072 955 bey den Reichsständen beschweret; da er keinen Feh¬
1215 940 2074 998 ler im Rechtsgange zu zeigen vermocht, so haben die
344 983 2070 1033 des Herzogs Ferdinand zu Parma und Piacenza Kö= Reichsstände gedachtes Urthel bestätigt, den Klagen¬
1218 1022 2067 1080 den aber doch aus besonderer Milde mit der in den
1215 1071 2070 1127 Gesetzen für denjenigen bestimmten Strafe verscho¬
344 1108 2070 1160 aogegangen sey. Dieser hohe Todesfall ist um so be= net, der bey den Reichsständen über einen Königl.
1209 1151 2070 1213 Ausspruch ohne Grund und Ursache Beschwerde führet.
1372 1196 1902 1258 Versailles, den 16. Märtz.
1250 1218 2061 1293 Der König hat den 40 Deputirten des Pariser
1215 1276 2070 1360 Parlaments auf ihre Vorstellungen folgende Antwort
1215 1327 1353 1388 ertheilt:
1274 1334 2080 1416 Meine Willensmeynungen und meine Entschei¬
1215 1405 2074 1448 „dungen sind zu dem Ende geschehen, damit sie über¬
1207 1446 2074 1506 „all bekannt werden mögen; eure Delibertionen hin¬
1239 1489 2072 1545 gegen müssen verborgen bleiben. Die Ehre meines
1222 1527 2076 1579 "Parlements ist gar nicht in Gefahr: Um ihm die¬
1211 1564 2072 1631 „selbe zu bewahren, habe ich Mir die Mühe genom¬
1224 1616 2072 1665 "men, demselben Selbst Unterricht zu ertheilen. Nach
1211 1654 2072 1702 "solchem von mir geschehenen Schritte, hättet ihr
1231 1691 2070 1743 Mir nicht abermals von Verwunderung vorreden
1211 1732 2076 1781 "sollen. Ich habe gar nicht nach fremden Eindrü¬
1231 1777 2072 1829 cken, sondern aus eigener Willkühr, mit Ueberlegung
1226 1822 2070 1869 "und Kenntniß der Ursache, gehandelt. Mein Pau¬
1231 1865 2070 1910 "lement darf sich auf Meine Güte verlassen, so lange
1239 1908 2067 1986 selbiges seine Schuldigkeiten gegen Mich und Mei
1231 1949 1717 2007 ne Unterthanen erfüllen wird.
1407 1983 1846 2048 Paris, vom 28. März.
1248 2005 2076 2080 Der von Herrn Messier den 8ten dieses Abends
349 2061 2078 2113 mennpferde übergeben, der Bereuter hat 1000 Du= um 7 Uhr entdeckte Comet, erschien in der Constella=
1215 2115 2072 2168 tion der Fische, bey dem Stern y des Bandes. Um
1224 2153 2076 2209 7 Uhr, 34 Minuten, 22 Secunden, Abends, hatte
1218 2203 2078 2248 derselbe 17 Grade, 39 Minuten, 46 Secunden ge¬
1222 2239 2078 2291 rader Ascension, und 14 Grade, 58 Minuten, 11
1211 2276 2076 2336 Secunden, nordlicher Abweichung. Den folgenden
1224 2321 2072 2373 Tag, den 9ten, um 7 Uhr, 35 Minuten, 28 Secun=
1218 2364 2076 2422 den, war der Stand gerader Aufsteigung dieses Co¬
1222 2407 2072 2457 meten 18 Grade, 44 Minuten, 46 Secunden, und
370 2435 2078 2519 aab London haben die Völker der Englischen Ostin= desselben nordliche Abweichung 14 Grade, 35 Minu=
1222 2487 2076 2549 ten, 3 Secunden. Den 10ten, um 6 Uhr, 49 Mi=
1218 2526 2082 2584 nuten, 52 Secunden, war dieser Comet in der Con¬
1222 2584 2078 2648 junction mit dem Sternen des Bandes der Fische,
1986 2614 2076 2687 und
