2663 3213
674 533 2409 591 diese Nachricht ward eine Commißion ernannt, die zogen hat. Se. Majestät, der König, sind nicht
674 567 2413 639 aus dem Lord=Major, 5 Aldermanns und 12 Glie= eher als gegen Mittag ven Fontainebleau abgereiset,
683 606 2409 683 dern des Breiten Raths besteht, um gedachtem Für¬ da der Paroxismus vom Fieber bey der Dauphine
687 698 1535 759 hätten, damit aufzuwarten. Da nun die Sherifs
691 737 1541 806 sich bey dem Prinzen darnach erkundiget, und Se.
689 780 1537 839 Durchl. den morgenden Tag, als den 18ten des
687 820 1535 883 Mittags, darzu anzusetzen beliebet haben, so wird
693 856 2406 922 die Commißion sich zu bestimmter Zeit in Proceßion die Trauer für den Dauphin auf 6 Monate angelegt
685 902 1532 983 von dem Rathhause nach Charlton=House begeben
687 978 2415 1046 den Amerikanischen Briefen bis zum 12ten Nov. an. daß kurz vor seiner Abreise auf der Insel eine Em¬
689 1026 1543 1087 Die Abbildung, die sowol die Privatbriefe, als die¬
696 1111 1554 1176 näckigkeit der Colonisten, sich der Stempfel=Acte nicht
691 1154 1543 1215 zu unterwerfen, geben, setzet in Erstaunen. Alle
698 1189 2413 1274 Einwohner der vornehmsten Städte haben sich eid= entgehen, welche ihn sonst gewiß um das Leben ge=
689 1235 1548 1293 lich verbunden, sich bemeldeter Acte nicht zu unter¬
691 1280 1552 1337 werfen. Als der Gouverneur=Lieutenant von Neu¬
702 1324 1561 1389 York sich mit 340 Mann nach dem Fort Georg be¬
698 1396 1552 1463 bracht war, so hat dieser Schritt die Einwohner der¬
698 1476 1554 1541 ter, Equipage rc heraus geholet, und selbige, nebst
698 1517 2424 1585 desselben Bildnisse, den 1sten Nov. im Angesichte und Sr. Maj. einige Stücke neulich geschlagener Münze
711 1606 1561 1674 Pitt ist in diesen Tagen sowol über den Zustand, in
704 1641 1556 1709 welchem die Sachen mit Frankreich sich befinden, als
706 1726 1556 1802 gezogen worden. Dessen Meynung soll in einigen
706 1774 1565 1828 über verschiedene Sachen gehaltenen Rathsversamm=
704 1811 1552 1876 lungen die Oberhand behalten haben; und es wir
706 1859 1561 1917 bestätiget, daß er hinführp sowol im Königl. Rath,
706 1896 1565 1959 als im Parlemente, zugegen seyn werde, um die pa¬
711 1976 1563 2035 So gar will man heute, daß er zum Ersten Königl.
713 2013 1561 2080 Staatsminister ernannt worden sey, und solches auch
711 2052 1559 2124 angenommen habe. Auf der Höhe von Plymouth
713 2102 1561 2172 ward am 11ten dieses ein Fahrzeug wahrgenommen,
715 2174 1791 2254 stungswerke des Plutzes anstellete. Man schickte gelaufen ist.
713 2224 1565 2287 darauf eine mit Mannschaft besetzte Kriegesschaluppe
713 2263 1563 2330 aus, die beregtes Fahrzeug, welches ein Französisches
720 2302 1567 2369 ist, in den Haven brachte. Es wird dasselbe ange¬
720 2345 1559 2441 halten bleiben, bis man die Bewegursache seines Ver
724 2402 946 2474 fahrens weiß.
946 2415 1361 2487 Paris, den 24. Dec.
761 2441 1567 2543 Se. Königl. Hoheit, der Dauphin, haben ver=
715 2491 2435 2572 langt, ohne einiges Gepränge, zu Sens, in dem Bie von Braunsburg, log. in der Danziger Herber e.
722 2591 1569 2665 niers von Madame Dauphine, begraben zu werden.
715 2635 1574 2698 Höchstgedachte Prinzeßin, welche während der Krank¬
726 2678 1576 2741 heit Dero Gemals keine Ruhe gehabt, und Jhm
720 2717 1574 2811 selbst die geringsten Dienste geleistet hat, ist dadurch
674 463 2422 550 Braunschweig, überreichet werden könnte. Auf so abgemattet worden, daß es Ihr ein Fieber zuge¬
685 648 2415 722 sten, so bald Se. Durchl. die Zeit darzu bestimmet vorüber war, worauf Se. Majestat Dieselbe in De¬
1554 689 2413 739 ro Kutsche mit Sich nach Versailles gebracht haben.
1561 735 2406 785 Seit der Zeit besucht der König diese Prinzeßin fleißig.
1561 776 2413 820 Se. Majestät haben befohlen, daß die gegenwartige
1565 817 2413 863 Trauer bis zur Mittewoche getragen, und alsdann
1559 900 2415 948 werden soll. Mit einem vom Cap Francois auf
737 948 2415 1004 Den 11ten langte ein Felleisen von Neu=York mit St. Domingo gekommenen Schiffe vernimt man,
1567 1015 2419 1076 pörung gegen den Gouverneur, Grafen von Estaing,
696 1065 2424 1139 jenigen, welche der Hof erhalten hat, von der Hart= entstanden sey, welcher, da er derselben nicht wider¬
1574 1106 2424 1161 stehen können, genöthiget gewesen, sich nach der Ha=
1565 1141 2422 1193 vana zu retiriren, um den Händen der Meuterer zu
1565 1233 1928 1291 bracht haben würden.
1769 1261 2219 1328 Warschau den 2. Jan.
1606 1287 2422 1367 Am Neu=Jahrstage empfingen Sr. Maj. von de¬
704 1348 2422 1428 geben hatte, wohin auch das gestempfelte Papier ge= nen hier anwesenden Herschaften die gewöhnliche
1569 1393 2428 1441 Glückwünsche, und speiseten so wohl zu Mittag, als
698 1433 2426 1509 gestalt aufgebracht, daß sie aus dessen Hotel alle Güs des Abends bey Sr. Durchl. dem Fürsten Woywo¬
1576 1476 2432 1526 den von Rußland. Der Baron Hartemberg, hat
698 1561 2428 1622 unter den Kanonen des Forts, verbrannt haben. Hr. zur Probe übergeben, dessen weitere Prägung ehe¬
1582 1604 2428 1652 stens erfolgen soll. Es wird gesprochen, daß der
1582 1641 2419 1693 Ober=Jägermeister von Lublin, Dlusky Premier
706 1678 2428 1752 über die Amerikanischen Angelegenheiten, zu Rathe minister werden soll, und die Starostey Lukow an
1591 1722 2430 1769 sich kaufen wolle. Von Kiow wird gemeldet, daß der
1585 1765 2430 1817 Fürst Bischof von Krakow, sehr krank seyn soll, wohin
1585 1809 2430 1852 der Bischof von Cujavien, von Wolborz hingereiset.
1585 1848 2430 1893 Des Feldherren Branitzky, Königl. Hoheit werden all=
1582 1891 2424 1943 hier auf des Königs Geburts=Tag erwartet. Das
711 1928 2430 1996 triotischen Absichten des Ministerii zu unterstützen. Königl. Relations=Gericht, ist bis künftigen Mart.
1585 1974 2437 2024 und das Asfessorial=Gericht bis nach Heil. 3 Könige
1582 2015 2435 2061 verleget worden. In Mißislaw ist bey Gelegen¬
1585 2056 2430 2109 heit einer Proceßion, zwischen denen Uniten und
1589 2091 2424 2143 Schismatischen Griechen ein Tummult entstanden
709 2128 2437 2228 welches Beobachtungen über den Hauen und die Ve, weshalb von beyden Theilen, bey Hofe Klage ein,
1822 2217 2206 2291 Einkommende Fremde.
1737 2276 2280 2337 vom 6ten bis zum 10ten Jan.
1617 2315 2437 2380 Hr. v. Goes, kommt aus Jena, geht nach Mitan,
1582 2372 2439 2424 log. bey Seyfrieds. Hr. Obrist v. Röder, kommt
1582 2409 2439 2463 aus Oberschlesien, log. bey Felgenhauers. Hr. Baron
1589 2454 2437 2502 v. Königseck und Hr. Baron v. Burkhardt, kommen
726 2528 2443 2624 schofthume des Cardinal de Luynes, ersten Almose= Hr. Baron v. Zämen, Domherr, kommt aus Frauen
1591 2580 2067 2635 burg, log. bey Felgenhauers.
1591 2626 2435 2702 Diese Gelehere und Politische Zeitung wird des Montege
1630 2687 2406 2739 und des Freytags Vormittags um 10 Uhr in dem
1743 2713 2295 2780 Kanterschen Buchladon ausgegeben.
