<?xml version="1.0" encoding="UTF-8" standalone="yes"?>
<PcGts xmlns="http://schema.primaresearch.org/PAGE/gts/pagecontent/2013-07-15" xmlns:xsi="http://www.w3.org/2001/XMLSchema-instance" xsi:schemaLocation="http://schema.primaresearch.org/PAGE/gts/pagecontent/2013-07-15 http://schema.primaresearch.org/PAGE/gts/pagecontent/2013-07-15/pagecontent.xsd">
    <Metadata>
        <Creator>prov=READ-COOP:name=PyLaia@TranskribusPlatform:version=2.15.0:model_id=39995:lm=none:date=18_07_2024_16:09</Creator>
        <Created>2024-07-18T16:00:41.027+02:00</Created>
        <LastChange>2024-07-18T16:09:14.083+02:00</LastChange>
        <TranskribusMetadata docId="3334189" pageId="75203575" pageNr="2" tsid="178352339" status="IN_PROGRESS" userId="222699" imgUrl="https://files.transkribus.eu/Get?id=ROMCEIRJAGEGZXABWOOIPQJE&amp;fileType=view" xmlUrl="https://files.transkribus.eu/Get?id=KFLHRJGHLWRABSVUZWCZQIAQ" imageId="60966940"/>
    </Metadata>
    <Page imageFilename="75203575.jpg" imageWidth="2663" imageHeight="3213">
        <ReadingOrder>
            <OrderedGroup id="ro_1721311754084" caption="Regions reading order">
                <RegionRefIndexed index="0" regionRef="r"/>
                <RegionRefIndexed index="1" regionRef="r_19"/>
                <RegionRefIndexed index="2" regionRef="r_20"/>
            </OrderedGroup>
        </ReadingOrder>
        <Relations/>
        <TextRegion id="r" custom="readingOrder {index:0;}">
            <Coords points="741,442 1610,451 1559,2629 690,2622"/>
            <TextLine id="r_tl_1" custom="readingOrder {index:0;}">
                <Coords points="741,489 2455,511 2455,461 2239,440 741,446"/>
                <Baseline points="752,477 797,477 842,477 886,480 931,477 976,480 1021,480 1066,480 1110,480 1155,480 1200,480 1245,480 1289,480 1334,480 1379,483 1424,483 1469,486 1513,483 1558,486 1603,486 1648,486 1693,489 1737,489 1782,489 1827,492 1872,492 1917,495 1961,495 2006,498 2051,495 2096,498 2141,501 2185,501 2230,501 2275,501 2320,504 2364,504 2409,501 2454,498 2460,498"/>
                <TextEquiv>
                    <Unicode>tauften Kindern 4708, in sechs und funfzig Jahren der Beweis ihrer Liebe! Sein Nachfolger, der be¬</Unicode>
                </TextEquiv>
            </TextLine>
            <TextLine id="r_tl_2" custom="readingOrder {index:1;}">
                <Coords points="737,523 2446,549 2397,508 737,489"/>
                <Baseline points="749,519 794,519 839,519 883,519 928,519 973,519 1018,519 1063,522 1107,522 1152,522 1197,522 1242,522 1286,522 1331,522 1376,525 1421,522 1466,525 1510,528 1555,528 1600,528 1645,528 1690,528 1734,531 1779,531 1824,534 1869,534 1914,534 1958,537 2003,537 2048,537 2093,540 2138,540 2182,543 2227,543 2272,543 2317,546 2361,546 2406,543 2451,543"/>
                <TextEquiv>
                    <Unicode>an Gestorbenen 3989 und in neun und funfzig Jah= liebte Prediger, Herr Großkreuz, ein Pommer,</Unicode>
                </TextEquiv>
            </TextLine>
            <TextLine id="r_tl_3" custom="readingOrder {index:2;}">
                <Coords points="746,575 2301,600 2448,592 2448,551 743,534"/>
                <Baseline points="758,561 803,558 848,561 892,561 937,558 982,558 1027,561 1071,561 1116,561 1161,564 1206,567 1251,564 1295,561 1340,564 1385,564 1430,564 1475,567 1519,567 1564,567 1597,570 1621,567 1666,570 1711,570 1755,570 1800,573 1845,573 1890,576 1934,576 1979,576 2024,579 2069,582 2114,582 2158,582 2203,582 2248,585 2293,585 2338,585 2382,585 2427,582 2454,582"/>
                <TextEquiv>
                    <Unicode>ren 1307 neue Ehepaare. Herr Dokt. Büsching der in Königsberg stadirt hat, und hier seine Lebens</Unicode>
                </TextEquiv>
            </TextLine>
            <TextLine id="r_tl_4" custom="readingOrder {index:3;}">
                <Coords points="741,613 2442,637 2442,594 2382,590 741,575"/>
                <Baseline points="752,600 797,600 842,600 886,600 931,600 976,600 1021,600 1066,603 1110,603 1155,603 1200,603 1245,603 1289,603 1334,603 1379,603 1424,606 1469,606 1513,609 1558,609 1597,606 1615,609 1660,609 1705,609 1749,612 1794,612 1839,612 1884,615 1928,618 1973,618 2018,621 2063,621 2108,621 2152,621 2197,624 2242,624 2287,624 2332,627 2376,627 2421,624 2448,624"/>
                <TextEquiv>
                    <Unicode>nimmt aus diesen Registern eine Bestätigung der umstäude einrücken lassen, ist vor kurzem in die Ewig</Unicode>
                </TextEquiv>
            </TextLine>
            <TextLine id="r_tl_5" custom="readingOrder {index:4;}">
                <Coords points="741,658 2446,673 2416,632 741,611"/>
                <Baseline points="752,642 797,642 842,639 886,639 931,642 976,642 1021,642 1066,642 1110,642 1155,644 1200,644 1245,644 1289,644 1334,647 1379,644 1424,644 1469,647 1513,647 1558,647 1597,647 1621,650 1666,650 1711,653 1755,653 1800,653 1845,653 1890,656 1934,656 1979,656 2024,659 2069,659 2114,662 2158,662 2203,665 2248,665 2293,665 2338,665 2382,668 2427,665 2451,665"/>
                <TextEquiv>
                    <Unicode>feststehenden göttlichen Ordnung in den Veränderun= keit gegangen: Von diesem letzteteren Manne ist die</Unicode>
                </TextEquiv>
            </TextLine>
            <TextLine id="r_tl_6" custom="readingOrder {index:5;}">
                <Coords points="746,694 2446,714 2433,673 746,660"/>
                <Baseline points="758,683 803,680 848,680 892,680 937,683 982,683 1027,683 1071,683 1116,683 1161,683 1206,683 1251,683 1295,686 1340,686 1385,689 1430,689 1475,689 1519,689 1564,689 1591,689 1609,692 1654,692 1699,692 1743,695 1788,695 1833,695 1878,695 1923,698 1967,701 2012,701 2057,701 2102,704 2146,707 2191,707 2236,707 2281,707 2326,707 2370,707 2415,707 2451,704"/>
                <TextEquiv>
                    <Unicode>gen des menschlichen Geschlechts ab, eine Materie, Nachricht von der St. Annengemeine auf dem</Unicode>
                </TextEquiv>
            </TextLine>
            <TextLine id="r_tl_7" custom="readingOrder {index:6;}">
                <Coords points="737,726 2141,765 2444,758 2444,714 735,692"/>
                <Baseline points="749,722 794,722 839,722 883,722 928,725 973,725 1018,725 1063,725 1107,725 1152,725 1197,725 1242,728 1286,725 1331,728 1376,728 1421,728 1466,731 1510,731 1555,731 1600,731 1621,734 1666,734 1711,734 1755,734 1800,737 1845,737 1890,737 1934,737 1979,740 2024,740 2069,740 2114,743 2158,743 2203,746 2248,746 2293,746 2338,746 2382,749 2427,749 2448,749"/>
                <TextEquiv>
                    <Unicode>die ein berühmter Süßmilch se tief und so frucht= Stuckhofe zu St. Petersburg aufgesetzet worden,</Unicode>
                </TextEquiv>
            </TextLine>
            <TextLine id="r_tl_8" custom="readingOrder {index:7;}">
                <Coords points="735,771 2446,797 2390,754 735,726"/>
                <Baseline points="746,764 791,761 836,764 880,764 925,764 970,767 1015,764 1060,764 1104,767 1149,767 1194,767 1239,767 1284,767 1328,770 1373,770 1418,773 1463,773 1507,773 1552,773 1597,773 1600,773 1618,773 1663,773 1708,773 1752,776 1797,776 1842,776 1887,779 1931,782 1976,785 2021,782 2066,782 2111,785 2155,785 2200,788 2245,788 2290,788 2335,788 2379,791 2424,791 2451,788"/>
                <TextEquiv>
                    <Unicode>bar durchgedacht und durchgerechnet hat. Zum An= die Herr Dokt. Büsching hin und her vermehret.</Unicode>
                </TextEquiv>
            </TextLine>
            <TextLine id="r_tl_9" custom="readingOrder {index:8;}">
                <Coords points="737,816 1589,820 1589,786 1414,769 737,769"/>
                <Baseline points="749,809 794,803 839,806 883,806 928,806 973,806 1018,806 1063,806 1107,806 1152,806 1197,809 1242,809 1286,809 1331,809 1376,812 1421,809 1466,812 1510,812 1555,815 1594,815"/>
                <TextEquiv>
                    <Unicode>hange steht eine Anzahl von vornehmen Abendmahls¬</Unicode>
                </TextEquiv>
            </TextLine>
            <TextLine id="r_tl_10" custom="readingOrder {index:9;}">
                <Coords points="737,859 1551,872 1585,865 1585,827 735,816"/>
                <Baseline points="749,851 794,845 839,845 883,845 928,845 973,848 1018,848 1063,848 1107,848 1152,848 1197,848 1242,848 1286,848 1331,851 1376,851 1421,854 1466,854 1510,854 1555,854 1591,856"/>
                <TextEquiv>
                    <Unicode>gästen aus den Kirchenbüchern. Dies abzuschreiben</Unicode>
                </TextEquiv>
            </TextLine>
            <TextLine id="r_tl_11" custom="readingOrder {index:10;}">
                <Coords points="737,891 2448,923 2446,876 737,857"/>
                <Baseline points="749,889 794,886 839,886 883,886 928,886 973,886 1018,889 1063,889 1107,892 1152,892 1197,889 1242,892 1286,889 1331,892 1376,892 1421,895 1466,892 1510,892 1555,892 1594,895 1615,895 1660,895 1705,895 1749,898 1794,898 1839,898 1884,901 1928,904 1973,904 2018,907 2063,907 2108,907 2152,907 2197,910 2242,910 2287,910 2332,913 2376,913 2421,913 2451,910"/>
                <TextEquiv>
                    <Unicode>kostete vielleicht mehr Zeit, als man im Lesen darauf welche Peter III. 1762. einweihen ließ, und selbst</Unicode>
                </TextEquiv>
            </TextLine>
            <TextLine id="r_tl_12" custom="readingOrder {index:11;}">
                <Coords points="739,931 2128,974 2440,966 2440,921 737,891"/>
                <Baseline points="749,928 794,928 839,928 883,928 928,928 973,928 1018,931 1063,928 1107,928 1152,928 1197,931 1242,931 1286,931 1331,934 1376,934 1421,934 1466,934 1510,934 1555,934 1597,934 1612,934 1657,934 1702,937 1746,937 1791,937 1836,940 1881,940 1926,946 1970,943 2015,946 2060,946 2105,949 2149,949 2194,949 2239,952 2284,952 2329,952 2373,955 2418,955 2445,952"/>
                <TextEquiv>
                    <Unicode>verwenden wird, weil es nur den Raum ausfüllt, dabey zugegen war, auch die Kirche mit Orgel, Leuch</Unicode>
                </TextEquiv>
            </TextLine>
            <TextLine id="r_tl_13" custom="readingOrder {index:12;}">
                <Coords points="737,976 2440,1004 2388,959 737,936"/>
                <Baseline points="749,970 794,967 839,967 883,967 928,970 973,967 1018,970 1063,970 1107,970 1152,970 1197,970 1242,973 1286,973 1331,973 1376,973 1421,973 1466,976 1510,973 1555,973 1594,976 1612,976 1657,976 1702,976 1746,979 1791,979 1836,979 1881,982 1926,985 1970,985 2015,988 2060,988 2105,988 2149,991 2194,991 2239,994 2284,994 2329,994 2373,994 2418,994 2445,994"/>
                <TextEquiv>
                    <Unicode>Nach der Kirche beschreibt der Herr Doktor die tern und allerhand Geschenken beehrte, zur Ver</Unicode>
                </TextEquiv>
            </TextLine>
            <TextLine id="r_tl_14" custom="readingOrder {index:13;}">
                <Coords points="737,1055 2437,1083 2401,1038 737,1019"/>
                <Baseline points="749,1051 794,1048 839,1051 883,1051 928,1051 973,1051 1018,1051 1063,1051 1107,1054 1152,1054 1197,1054 1242,1054 1286,1054 1331,1057 1376,1057 1421,1060 1466,1057 1510,1060 1555,1060 1591,1057 1612,1063 1657,1060 1702,1063 1746,1063 1791,1063 1836,1066 1881,1066 1926,1066 1970,1066 2015,1071 2060,1069 2105,1069 2149,1071 2194,1071 2239,1074 2284,1074 2329,1074 2373,1077 2418,1074 2442,1074"/>
                <TextEquiv>
                    <Unicode>104000 Rubel gekostet haben. Solte nicht der erste tzige Kaiserin hat einen neuen Prediger nach Ab</Unicode>
                </TextEquiv>
            </TextLine>
            <TextLine id="r_tl_15" custom="readingOrder {index:14;}">
                <Coords points="735,1100 2442,1130 2442,1083 2292,1072 735,1057"/>
                <Baseline points="746,1092 791,1089 836,1089 880,1092 925,1092 970,1095 1015,1095 1060,1092 1104,1092 1149,1095 1194,1092 1239,1095 1284,1095 1328,1095 1373,1095 1418,1095 1463,1095 1507,1095 1552,1098 1591,1101 1606,1104 1651,1101 1696,1101 1740,1101 1785,1104 1830,1107 1875,1104 1920,1107 1964,1107 2009,1107 2054,1110 2099,1110 2143,1110 2188,1113 2233,1116 2278,1113 2323,1116 2367,1119 2412,1119 2445,1116"/>
                <TextEquiv>
                    <Unicode>Zuschnitt zu groß gemacht worden seyn? Doch gang des vorigen der Gemeine bestellet. Die Tole¬</Unicode>
                </TextEquiv>
            </TextLine>
            <TextLine id="r_tl_16" custom="readingOrder {index:15;}">
                <Coords points="735,1145 2198,1181 2442,1166 2442,1124 733,1100"/>
                <Baseline points="746,1134 791,1131 836,1134 880,1131 925,1131 970,1134 1015,1134 1060,1134 1104,1134 1149,1134 1194,1134 1239,1137 1284,1137 1328,1137 1373,1137 1418,1137 1463,1140 1507,1140 1552,1140 1588,1143 1609,1143 1654,1143 1699,1143 1743,1146 1788,1146 1833,1149 1878,1149 1923,1149 1967,1152 2012,1152 2057,1152 2102,1152 2146,1155 2191,1155 2236,1155 2281,1158 2326,1158 2370,1161 2415,1158 2445,1158"/>
                <TextEquiv>
                    <Unicode>Rußland will in seinen Werken seiner eigenen Größe ranz der griechischrußischen Kirche gegen andre Con¬</Unicode>
                </TextEquiv>
            </TextLine>
            <TextLine id="r_tl_17" custom="readingOrder {index:16;}">
                <Coords points="724,1186 1587,1192 1587,1156 1474,1141 1013,1160 724,1136"/>
                <Baseline points="737,1179 782,1173 827,1173 871,1173 916,1173 961,1173 1006,1173 1051,1173 1095,1173 1140,1176 1185,1176 1230,1176 1275,1176 1319,1176 1364,1176 1409,1179 1454,1179 1499,1179 1543,1182 1588,1182 1591,1182"/>
                <TextEquiv>
                    <Unicode>gleich seyn, und man bauet daselbst mehr Pallaste</Unicode>
                </TextEquiv>
            </TextLine>
            <TextLine id="r_tl_18" custom="readingOrder {index:17;}">
                <Coords points="731,1224 2440,1245 2414,1203 731,1186"/>
                <Baseline points="743,1215 788,1212 833,1212 877,1215 922,1215 967,1215 1012,1215 1057,1215 1101,1215 1146,1215 1191,1215 1236,1218 1281,1218 1325,1221 1370,1221 1415,1221 1460,1221 1504,1224 1549,1224 1588,1221 1606,1227 1651,1224 1696,1224 1740,1224 1785,1227 1830,1227 1875,1227 1920,1230 1964,1233 2009,1233 2054,1233 2099,1236 2143,1236 2188,1236 2233,1239 2278,1242 2323,1239 2367,1239 2412,1239 2445,1236"/>
                <TextEquiv>
                    <Unicode>als an andern Orten Gartenhäuser. Nicht uninte= gemeine Mann in Rußland heget Achtung für Kir¬</Unicode>
                </TextEquiv>
            </TextLine>
            <TextLine id="r_tl_19" custom="readingOrder {index:18;}">
                <Coords points="728,1263 1577,1280 1574,1228 726,1226"/>
                <Baseline points="740,1254 785,1257 830,1254 874,1254 919,1254 964,1254 1009,1251 1054,1254 1098,1257 1143,1257 1188,1257 1233,1260 1278,1260 1322,1260 1367,1260 1412,1263 1457,1263 1501,1263 1546,1266 1582,1263"/>
                <TextEquiv>
                    <Unicode>ressant sind die beygefügten Lebensbeschreibungen</Unicode>
                </TextEquiv>
            </TextLine>
            <TextLine id="r_tl_20" custom="readingOrder {index:19;}">
                <Coords points="731,1301 1574,1320 1551,1271 731,1263"/>
                <Baseline points="743,1292 788,1295 833,1295 877,1295 922,1295 967,1292 1012,1295 1057,1292 1101,1295 1146,1295 1191,1298 1236,1298 1281,1298 1325,1301 1370,1301 1415,1301 1460,1304 1504,1304 1549,1307 1576,1304"/>
                <TextEquiv>
                    <Unicode>der Patronen dieser Gemeine, unter denen der kurze</Unicode>
                </TextEquiv>
            </TextLine>
            <TextLine id="r_tl_21" custom="readingOrder {index:20;}">
                <Coords points="728,1378 1574,1395 1572,1352 728,1342"/>
                <Baseline points="740,1373 785,1376 830,1376 874,1376 919,1376 964,1376 1009,1376 1054,1376 1098,1379 1143,1379 1188,1379 1233,1379 1278,1382 1322,1382 1367,1382 1412,1385 1457,1385 1501,1385 1546,1385 1579,1385"/>
                <TextEquiv>
                    <Unicode>Generalfeldmarschall Gr. von Münnich und Sr.</Unicode>
                </TextEquiv>
            </TextLine>
            <TextLine id="r_tl_22" custom="readingOrder {index:21;}">
                <Coords points="722,1418 2440,1459 2440,1410 722,1382"/>
                <Baseline points="734,1415 779,1418 824,1418 868,1418 913,1418 958,1418 1003,1418 1048,1418 1092,1421 1137,1421 1182,1421 1227,1421 1272,1424 1316,1424 1361,1424 1406,1427 1451,1427 1496,1427 1540,1427 1579,1430 1603,1427 1648,1427 1693,1427 1737,1430 1782,1430 1827,1430 1872,1433 1917,1436 1961,1436 2006,1439 2051,1436 2096,1439 2141,1442 2185,1442 2230,1442 2275,1442 2320,1442 2364,1445 2409,1445 2442,1445"/>
                <TextEquiv>
                    <Unicode>Excellenz des Herrn Senateurs von Korf besonders doch immer mehr zum Besten des Ganzen, als Druck</Unicode>
                </TextEquiv>
            </TextLine>
            <TextLine id="r_tl_23" custom="readingOrder {index:22;}">
                <Coords points="716,1512 2431,1542 2429,1495 2365,1491 716,1459"/>
                <Baseline points="728,1496 773,1499 818,1499 862,1501 907,1499 952,1501 997,1501 1042,1501 1086,1501 1131,1504 1176,1504 1221,1504 1266,1504 1310,1507 1355,1507 1400,1510 1445,1507 1490,1510 1534,1507 1579,1507 1582,1507 1600,1510 1645,1507 1690,1510 1734,1510 1779,1513 1824,1513 1869,1516 1914,1516 1958,1516 2003,1519 2048,1519 2093,1522 2138,1522 2182,1522 2227,1522 2272,1525 2317,1525 2361,1525 2406,1528 2436,1525"/>
                <TextEquiv>
                    <Unicode>weitläuftigere Lebensgeschichte des ersten Helden un= den Monarchin sind hierin unvergleichlich ihrer</Unicode>
                </TextEquiv>
            </TextLine>
            <TextLine id="r_tl_24" custom="readingOrder {index:23;}">
                <Coords points="724,1549 2410,1594 2410,1542 722,1506"/>
                <Baseline points="737,1540 782,1540 827,1540 871,1540 916,1540 961,1543 1006,1543 1051,1543 1095,1543 1140,1543 1185,1543 1230,1546 1275,1546 1319,1546 1364,1549 1409,1549 1454,1549 1499,1549 1543,1549 1582,1549 1603,1549 1648,1552 1693,1555 1737,1555 1782,1555 1827,1558 1872,1558 1917,1561 1961,1561 2006,1561 2051,1561 2096,1564 2141,1564 2185,1567 2230,1570 2275,1570 2320,1567 2364,1570 2409,1576 2415,1576"/>
                <TextEquiv>
                    <Unicode>ter Händen, er hat auch hier seinen Karakter ziem= Staaten Sicherheit, Flor und Anmuth zu geben.</Unicode>
                </TextEquiv>
            </TextLine>
            <TextLine id="r_tl_25" custom="readingOrder {index:24;}">
                <Coords points="720,1583 1564,1596 1545,1557 720,1540"/>
                <Baseline points="731,1579 776,1579 821,1579 865,1582 910,1582 955,1582 1000,1585 1045,1582 1089,1585 1134,1585 1179,1585 1224,1585 1269,1585 1313,1585 1358,1588 1403,1588 1448,1588 1493,1591 1537,1591 1570,1588"/>
                <TextEquiv>
                    <Unicode>lich offenherzig geschildert; allein wir möchten es lie¬</Unicode>
                </TextEquiv>
            </TextLine>
            <TextLine id="r_tl_26" custom="readingOrder {index:25;}">
                <Coords points="720,1626 1572,1641 1572,1596 884,1606 720,1581"/>
                <Baseline points="731,1618 776,1621 821,1621 865,1621 910,1621 955,1621 1000,1621 1045,1624 1089,1624 1134,1621 1179,1624 1224,1624 1269,1627 1313,1627 1358,1627 1403,1630 1448,1630 1493,1630 1537,1633 1576,1627"/>
                <TextEquiv>
                    <Unicode>ber sehen, wenn der Herr Dokt. sich mit karakterisi¬</Unicode>
                </TextEquiv>
            </TextLine>
            <TextLine id="r_tl_27" custom="readingOrder {index:26;}">
                <Coords points="722,1671 1574,1683 1574,1641 720,1624"/>
                <Baseline points="734,1660 779,1660 824,1660 868,1660 913,1660 958,1660 1003,1663 1048,1663 1092,1660 1137,1660 1182,1663 1227,1663 1272,1663 1316,1666 1361,1669 1406,1669 1451,1669 1496,1669 1540,1669 1579,1669"/>
                <TextEquiv>
                    <Unicode>ren lieber nicht abgäbe. Es gehöret dazu schon ein</Unicode>
                </TextEquiv>
            </TextLine>
            <TextLine id="r_tl_28" custom="readingOrder {index:27;}">
                <Coords points="731,1711 1564,1724 1564,1683 1519,1671 1102,1664 1004,1690 981,1666 731,1668"/>
                <Baseline points="743,1702 788,1702 833,1702 877,1705 922,1702 967,1705 1012,1705 1057,1705 1101,1705 1146,1705 1191,1705 1236,1708 1281,1708 1325,1708 1370,1708 1415,1711 1460,1711 1504,1711 1549,1711 1570,1711"/>
                <TextEquiv>
                    <Unicode>feinerer Pinsel. Der Geschichtschreiber darf zwar</Unicode>
                </TextEquiv>
            </TextLine>
            <TextLine id="r_tl_29" custom="readingOrder {index:28;}">
                <Coords points="722,1747 1568,1765 1568,1722 722,1713"/>
                <Baseline points="734,1743 779,1743 824,1743 868,1743 913,1743 958,1743 1003,1743 1048,1746 1092,1743 1137,1746 1182,1746 1227,1749 1272,1749 1316,1749 1361,1749 1406,1752 1451,1752 1496,1755 1540,1752 1573,1752"/>
                <TextEquiv>
                    <Unicode>kein Flechier seyn, der den Türenne malt, er</Unicode>
                </TextEquiv>
            </TextLine>
            <TextLine id="r_tl_30" custom="readingOrder {index:29;}">
                <Coords points="722,1790 1568,1809 1568,1767 1540,1762 722,1745"/>
                <Baseline points="734,1785 779,1785 824,1782 868,1785 913,1782 958,1782 1003,1782 1048,1785 1092,1785 1137,1788 1182,1788 1227,1788 1272,1791 1316,1791 1361,1794 1406,1794 1451,1794 1496,1794 1540,1794 1573,1791"/>
                <TextEquiv>
                    <Unicode>darf in seinem Bilde gar keine Schmeichlerzüge an¬</Unicode>
                </TextEquiv>
            </TextLine>
            <TextLine id="r_tl_31" custom="readingOrder {index:30;}">
                <Coords points="714,1829 1559,1846 1538,1797 714,1797"/>
                <Baseline points="725,1821 770,1824 815,1824 859,1824 904,1824 949,1824 994,1827 1039,1827 1083,1827 1128,1830 1173,1830 1218,1830 1263,1830 1307,1830 1352,1833 1397,1833 1442,1833 1487,1836 1531,1836 1564,1833"/>
                <TextEquiv>
                    <Unicode>bringen, aber doch Farben, und diese wollen zerrie¬</Unicode>
                </TextEquiv>
            </TextLine>
            <TextLine id="r_tl_32" custom="readingOrder {index:31;}">
                <Coords points="716,1871 1562,1880 1562,1848 1453,1837 716,1829"/>
                <Baseline points="728,1866 773,1866 818,1866 862,1866 907,1866 952,1866 997,1866 1042,1869 1086,1869 1131,1869 1176,1869 1221,1872 1266,1872 1310,1872 1355,1872 1400,1872 1445,1872 1490,1872 1534,1872 1567,1872"/>
                <TextEquiv>
                    <Unicode>ben und nicht hingekleckt seyn. Für das Leben eines</Unicode>
                </TextEquiv>
            </TextLine>
            <TextLine id="r_tl_33" custom="readingOrder {index:32;}">
                <Coords points="722,1918 1568,1929 1568,1882 1502,1876 722,1873"/>
                <Baseline points="734,1905 779,1905 824,1905 868,1905 913,1905 958,1905 1003,1905 1048,1908 1092,1908 1137,1908 1182,1908 1227,1908 1272,1911 1316,1911 1361,1914 1406,1914 1451,1914 1496,1914 1540,1917 1573,1920"/>
                <TextEquiv>
                    <Unicode>Münnichs wünschen wir und hoffen so viel Stoff</Unicode>
                </TextEquiv>
            </TextLine>
            <TextLine id="r_tl_34" custom="readingOrder {index:33;}">
                <Coords points="716,1955 1540,1972 1562,1929 714,1912"/>
                <Baseline points="728,1946 773,1943 818,1946 862,1946 907,1946 952,1946 997,1946 1042,1949 1086,1946 1131,1949 1176,1949 1221,1949 1266,1949 1310,1949 1355,1952 1400,1952 1445,1952 1490,1955 1534,1955 1567,1955"/>
                <TextEquiv>
                    <Unicode>und besondre Nachrichten, daß es nicht das Ansehen</Unicode>
                </TextEquiv>
            </TextLine>
            <TextLine id="r_tl_35" custom="readingOrder {index:34;}">
                <Coords points="716,1997 1559,2000 1559,1967 1408,1957 716,1957"/>
                <Baseline points="728,1985 773,1985 818,1985 862,1988 907,1988 952,1988 997,1988 1042,1991 1086,1988 1131,1988 1176,1991 1221,1991 1266,1991 1310,1991 1355,1994 1400,1994 1445,1994 1490,1994 1534,1997 1564,1997"/>
                <TextEquiv>
                    <Unicode>haben dürfe, aus Zeitungen mager zusammenge¬</Unicode>
                </TextEquiv>
            </TextLine>
            <TextLine id="r_tl_36" custom="readingOrder {index:35;}">
                <Coords points="722,2040 1555,2051 1555,2002 1512,1997 722,1995"/>
                <Baseline points="734,2027 779,2027 824,2027 868,2030 913,2030 958,2030 1003,2030 1048,2033 1092,2033 1137,2030 1182,2033 1227,2033 1272,2033 1316,2033 1361,2033 1406,2036 1451,2039 1496,2036 1540,2039 1561,2039"/>
                <TextEquiv>
                    <Unicode>schrieben zu seyn. Zuletzt folgen die Lebensläufe</Unicode>
                </TextEquiv>
            </TextLine>
            <TextLine id="r_tl_37" custom="readingOrder {index:36;}">
                <Coords points="722,2076 1564,2094 1564,2051 1534,2044 722,2040"/>
                <Baseline points="734,2069 779,2069 824,2072 868,2072 913,2072 958,2069 1003,2072 1048,2072 1092,2072 1137,2072 1182,2072 1227,2075 1272,2075 1316,2072 1361,2075 1406,2075 1451,2078 1496,2078 1540,2078 1567,2078"/>
                <TextEquiv>
                    <Unicode>der Prediger an dieser Kirche. Der Herr Dokt.</Unicode>
                </TextEquiv>
            </TextLine>
            <TextLine id="r_tl_38" custom="readingOrder {index:37;}">
                <Coords points="716,2126 1557,2132 1557,2094 1523,2083 716,2081"/>
                <Baseline points="728,2111 773,2111 818,2111 862,2111 907,2111 952,2111 997,2111 1042,2111 1086,2114 1131,2114 1176,2114 1221,2114 1266,2114 1310,2114 1355,2114 1400,2114 1445,2117 1490,2120 1534,2120 1561,2120"/>
                <TextEquiv>
                    <Unicode>beschreibt das seine aufrichtig und mit einem theolo¬</Unicode>
                </TextEquiv>
            </TextLine>
            <TextLine id="r_tl_39" custom="readingOrder {index:38;}">
                <Coords points="718,2162 1493,2177 1549,2168 1547,2128 716,2123"/>
                <Baseline points="728,2155 773,2152 818,2152 862,2152 907,2149 952,2152 997,2152 1042,2152 1086,2152 1131,2152 1176,2155 1221,2155 1266,2155 1310,2155 1355,2155 1400,2158 1445,2158 1490,2161 1534,2161 1555,2161"/>
                <TextEquiv>
                    <Unicode>gischen Herzen, worin manches merkwürdige und die</Unicode>
                </TextEquiv>
            </TextLine>
            <TextLine id="r_tl_40" custom="readingOrder {index:39;}">
                <Coords points="716,2202 1562,2215 1562,2170 1506,2164 716,2168"/>
                <Baseline points="728,2194 773,2191 818,2191 862,2191 907,2191 952,2194 997,2194 1042,2194 1086,2194 1131,2197 1176,2197 1221,2197 1266,2197 1310,2197 1355,2197 1400,2200 1445,2200 1490,2200 1534,2203 1567,2203"/>
                <TextEquiv>
                    <Unicode>großen sowohl als kleinen Verdienste des Herrn Au¬</Unicode>
                </TextEquiv>
            </TextLine>
            <TextLine id="r_tl_41" custom="readingOrder {index:40;}">
                <Coords points="707,2241 1562,2260 1559,2217 1487,2207 707,2196"/>
                <Baseline points="719,2233 764,2230 809,2230 854,2233 898,2233 943,2236 988,2236 1033,2236 1077,2236 1122,2236 1167,2236 1212,2239 1257,2239 1301,2239 1346,2239 1391,2239 1436,2242 1481,2242 1525,2245 1564,2245"/>
                <TextEquiv>
                    <Unicode>tors berühret sind, auch die Ursachen seines Abgan¬</Unicode>
                </TextEquiv>
            </TextLine>
            <TextLine id="r_tl_42" custom="readingOrder {index:41;}">
                <Coords points="714,2292 1549,2299 1549,2258 1406,2243 714,2243"/>
                <Baseline points="725,2278 770,2272 815,2272 859,2272 904,2275 949,2278 994,2278 1039,2278 1083,2278 1128,2281 1173,2278 1218,2281 1263,2281 1307,2281 1352,2278 1397,2281 1442,2281 1487,2284 1531,2284 1555,2287"/>
                <TextEquiv>
                    <Unicode>ges wiewohl nur allgemein, ohne nähere Anekdoten,</Unicode>
                </TextEquiv>
            </TextLine>
            <TextLine id="r_tl_43" custom="readingOrder {index:42;}">
                <Coords points="709,2324 1562,2339 1562,2296 1480,2288 709,2294"/>
                <Baseline points="722,2314 767,2314 812,2314 856,2314 901,2314 946,2317 991,2314 1036,2317 1080,2317 1125,2320 1170,2320 1215,2320 1260,2320 1304,2320 1349,2320 1394,2323 1439,2323 1484,2326 1528,2326 1564,2326"/>
                <TextEquiv>
                    <Unicode>angezeiget sind. Es braucht seine Sache vielleicht</Unicode>
                </TextEquiv>
            </TextLine>
            <TextLine id="r_tl_44" custom="readingOrder {index:43;}">
                <Coords points="705,2363 1553,2386 1553,2335 1412,2324 705,2326"/>
                <Baseline points="716,2356 761,2356 806,2353 851,2353 895,2353 940,2356 985,2356 1030,2358 1074,2358 1119,2358 1164,2358 1209,2361 1254,2361 1298,2361 1343,2361 1388,2361 1433,2364 1478,2364 1522,2367 1558,2367"/>
                <TextEquiv>
                    <Unicode>keine Rechtfertigung, es scheinet nur etwas Hitze und</Unicode>
                </TextEquiv>
            </TextLine>
            <TextLine id="r_tl_45" custom="readingOrder {index:44;}">
                <Coords points="709,2405 1551,2420 1549,2380 1489,2371 707,2363"/>
                <Baseline points="719,2394 764,2397 809,2394 854,2394 898,2394 943,2394 988,2397 1033,2397 1077,2397 1122,2400 1167,2400 1212,2403 1257,2403 1301,2403 1346,2403 1391,2403 1436,2406 1481,2406 1525,2406 1555,2406"/>
                <TextEquiv>
                    <Unicode>Härte von beyden Seiten mit eingeschlichen zu seyn.</Unicode>
                </TextEquiv>
            </TextLine>
            <TextLine id="r_tl_46" custom="readingOrder {index:45;}">
                <Coords points="707,2450 1549,2457 1549,2418 1468,2412 707,2401"/>
                <Baseline points="719,2439 764,2436 809,2436 854,2439 898,2436 943,2436 988,2436 1033,2439 1077,2439 1122,2442 1167,2442 1212,2445 1257,2445 1301,2445 1346,2442 1391,2445 1436,2445 1481,2448 1525,2445 1555,2448"/>
                <TextEquiv>
                    <Unicode>Wer weiß, welche Parthey die Hofmanier am besten</Unicode>
                </TextEquiv>
            </TextLine>
            <TextLine id="r_tl_47" custom="readingOrder {index:46;}">
                <Coords points="699,2491 1553,2502 1551,2459 1485,2452 699,2448"/>
                <Baseline points="710,2481 755,2478 800,2478 845,2478 889,2478 934,2475 979,2475 1024,2478 1069,2478 1113,2481 1158,2484 1203,2484 1248,2484 1292,2484 1337,2487 1382,2487 1427,2487 1472,2487 1516,2487 1555,2484"/>
                <TextEquiv>
                    <Unicode>verstanden hat? Das gnadige Anerbieten der Mo¬</Unicode>
                </TextEquiv>
            </TextLine>
            <TextLine id="r_tl_48" custom="readingOrder {index:47;}">
                <Coords points="694,2531 1547,2542 1521,2493 694,2493"/>
                <Baseline points="707,2520 752,2520 797,2520 842,2520 886,2520 931,2520 976,2520 1021,2520 1066,2520 1110,2523 1155,2523 1200,2523 1245,2526 1289,2526 1334,2529 1379,2526 1424,2529 1469,2529 1513,2529 1552,2529"/>
                <TextEquiv>
                    <Unicode>narchin war ein Pflaster auf die Wunde, und ist für</Unicode>
                </TextEquiv>
            </TextLine>
            <TextLine id="r_tl_49" custom="readingOrder {index:48;}">
                <Coords points="694,2568 1540,2585 1538,2542 1508,2536 694,2529"/>
                <Baseline points="707,2559 752,2559 797,2562 842,2562 886,2562 931,2562 976,2562 1021,2559 1066,2559 1110,2565 1155,2565 1200,2568 1245,2565 1289,2568 1334,2568 1379,2570 1424,2570 1469,2570 1513,2570 1543,2568"/>
                <TextEquiv>
                    <Unicode>den Herrn Dokt. sehr rühmlich; der nachgeschickte</Unicode>
                </TextEquiv>
            </TextLine>
            <TextLine id="r_tl_50" custom="readingOrder {index:49;}">
                <Coords points="694,2615 872,2613 940,2651 1235,2647 1292,2617 1395,2647 1547,2638 1547,2581 1491,2576 694,2570"/>
                <Baseline points="707,2606 752,2606 797,2606 842,2606 886,2606 931,2606 976,2606 1021,2606 1066,2606 1110,2606 1155,2606 1200,2609 1245,2609 1289,2609 1334,2612 1379,2612 1424,2612 1469,2612 1513,2612 1552,2615"/>
                <TextEquiv>
                    <Unicode>Segen einiger Mitglieder der Gemeine ein trösten¬</Unicode>
                </TextEquiv>
            </TextLine>
            <TextEquiv>
                <Unicode></Unicode>
            </TextEquiv>
        </TextRegion>
        <TextRegion id="r_19" custom="readingOrder {index:1;}">
            <Coords points="1615,456 2491,437 2486,1662 1590,1662"/>
            <TextLine id="r_19_tl_1" custom="readingOrder {index:0;}">
                <Coords points="1613,825 2446,840 2446,797 1613,782"/>
                <Baseline points="1624,812 1669,815 1713,815 1758,818 1803,818 1848,818 1893,821 1937,824 1982,824 2027,827 2072,824 2117,827 2161,827 2206,827 2251,830 2296,830 2341,833 2385,830 2430,830 2451,830"/>
                <TextEquiv>
                    <Unicode>Bey dieser Kirche ist gleichfals eine Schule. End¬</Unicode>
                </TextEquiv>
            </TextLine>
            <TextLine id="r_19_tl_2" custom="readingOrder {index:1;}">
                <Coords points="1609,865 2290,891 2440,878 2440,840 1606,818"/>
                <Baseline points="1621,856 1666,856 1711,856 1755,859 1800,859 1845,859 1890,862 1934,865 1979,865 2024,868 2069,865 2114,868 2158,868 2203,868 2248,871 2293,871 2338,871 2382,874 2427,874 2445,874"/>
                <TextEquiv>
                    <Unicode>lich beschließt die lutherische Kirche zu Oranienbaum</Unicode>
                </TextEquiv>
            </TextLine>
            <TextLine id="r_19_tl_3" custom="readingOrder {index:2;}">
                <Coords points="741,1017 2448,1045 2418,1000 741,976"/>
                <Baseline points="752,1009 797,1009 842,1009 886,1009 931,1012 976,1012 1021,1009 1066,1012 1110,1012 1155,1012 1200,1012 1245,1012 1289,1015 1334,1015 1379,1015 1424,1015 1469,1015 1513,1015 1558,1015 1594,1015 1618,1018 1663,1018 1708,1018 1752,1021 1797,1024 1842,1021 1887,1024 1931,1024 1976,1027 2021,1027 2066,1030 2111,1027 2155,1030 2200,1030 2245,1033 2290,1036 2335,1036 2379,1036 2424,1033 2451,1033"/>
                <TextEquiv>
                    <Unicode>Schulgebäude, die schon bey ihrer ersten Anlage sammlung für die hollsteinische Soldaten. Die je¬</Unicode>
                </TextEquiv>
            </TextLine>
            <TextLine id="r_19_tl_4" custom="readingOrder {index:3;}">
                <Coords points="1609,1198 2448,1209 2446,1162 2198,1183 2158,1158 1609,1149"/>
                <Baseline points="1621,1185 1666,1185 1711,1185 1755,1185 1800,1185 1845,1188 1890,1188 1934,1191 1979,1191 2024,1191 2069,1191 2114,1194 2158,1197 2203,1197 2248,1197 2293,1200 2338,1200 2382,1197 2427,1200 2451,1200"/>
                <TextEquiv>
                    <Unicode>feßionen ist allerdings preiswürdig, und selbst der</Unicode>
                </TextEquiv>
            </TextLine>
            <TextLine id="r_19_tl_5" custom="readingOrder {index:4;}">
                <Coords points="1600,1273 2433,1290 2431,1250 2365,1241 2311,1265 1600,1237"/>
                <Baseline points="1612,1263 1657,1266 1702,1266 1746,1266 1791,1269 1836,1269 1881,1269 1926,1272 1970,1275 2015,1275 2060,1275 2105,1275 2149,1275 2194,1275 2239,1278 2284,1278 2329,1278 2373,1281 2418,1281 2439,1281"/>
                <TextEquiv>
                    <Unicode>chengebäude, sie mögen zugehören wem sie wollen</Unicode>
                </TextEquiv>
            </TextLine>
            <TextLine id="r_19_tl_6" custom="readingOrder {index:5;}">
                <Coords points="1600,1310 2388,1337 2442,1331 2442,1295 1598,1273"/>
                <Baseline points="1612,1304 1657,1304 1702,1307 1746,1307 1791,1310 1836,1310 1881,1310 1926,1313 1970,1313 2015,1316 2060,1316 2105,1316 2149,1316 2194,1316 2239,1316 2284,1319 2329,1319 2373,1322 2418,1322 2448,1319"/>
                <TextEquiv>
                    <Unicode>Es sey nun dieses Einfalt, Aberglaube oder ein dun¬</Unicode>
                </TextEquiv>
            </TextLine>
            <TextLine id="r_19_tl_7" custom="readingOrder {index:6;}">
                <Coords points="737,1342 2440,1367 2427,1327 737,1303"/>
                <Baseline points="749,1334 794,1334 839,1334 883,1334 928,1334 973,1334 1018,1334 1063,1337 1107,1340 1152,1337 1197,1340 1242,1340 1286,1340 1331,1340 1376,1343 1421,1343 1466,1343 1510,1343 1555,1346 1585,1343 1609,1346 1654,1346 1699,1346 1743,1349 1788,1349 1833,1352 1878,1352 1923,1355 1967,1355 2012,1358 2057,1358 2102,1358 2146,1358 2191,1358 2236,1358 2281,1361 2326,1361 2370,1364 2415,1361 2445,1361"/>
                <TextEquiv>
                    <Unicode>Entwurf des Lebenslaufes Sr. Erlaucht des Herrn kles Gefühl einer allgegenwärtigen Gottheit an ihr</Unicode>
                </TextEquiv>
            </TextLine>
            <TextLine id="r_19_tl_8" custom="readingOrder {index:7;}">
                <Coords points="1598,1399 2437,1410 2435,1367 2382,1363 1961,1380 1598,1354"/>
                <Baseline points="1609,1391 1654,1385 1699,1388 1743,1388 1788,1391 1833,1391 1878,1394 1923,1397 1967,1394 2012,1397 2057,1397 2102,1400 2146,1400 2191,1403 2236,1403 2281,1403 2326,1406 2370,1406 2415,1406 2442,1403"/>
                <TextEquiv>
                    <Unicode>geweiheten Oertern; so nutzt die Verträglichkeit</Unicode>
                </TextEquiv>
            </TextLine>
            <TextLine id="r_19_tl_9" custom="readingOrder {index:8;}">
                <Coords points="724,1465 2442,1493 2423,1451 724,1414"/>
                <Baseline points="737,1457 782,1457 827,1460 871,1460 916,1457 961,1460 1006,1460 1051,1460 1095,1463 1140,1463 1185,1463 1230,1463 1275,1466 1319,1463 1364,1466 1409,1469 1454,1469 1499,1469 1543,1469 1582,1469 1600,1469 1645,1466 1690,1469 1734,1472 1779,1472 1824,1472 1869,1475 1914,1478 1958,1478 2003,1475 2048,1478 2093,1481 2138,1481 2182,1481 2227,1484 2272,1484 2317,1484 2361,1484 2406,1484 2445,1487"/>
                <TextEquiv>
                    <Unicode>vorzüglich einnehmen. Der Herr Dokt. hat eine und Verfolgungsgeist. Die Absichten der regieren¬</Unicode>
                </TextEquiv>
            </TextLine>
            <TextLine id="r_19_tl_10" custom="readingOrder {index:9;}">
                <Coords points="1587,1656 1784,1666 1873,1619 2433,1653 2433,1587 1585,1564"/>
                <Baseline points="1600,1603 1645,1606 1690,1609 1734,1609 1779,1612 1824,1612 1869,1615 1914,1615 1958,1615 2003,1615 2048,1615 2093,1615 2138,1618 2182,1621 2227,1621 2272,1624 2317,1624 2361,1624 2406,1624 2439,1621"/>
                <TextEquiv>
                    <Unicode>Kostet in den Kanterschen Buchhandlungen 1 fl. 15 gr.</Unicode>
                </TextEquiv>
            </TextLine>
            <TextEquiv>
                <Unicode></Unicode>
            </TextEquiv>
        </TextRegion>
        <TextRegion id="r_20" custom="readingOrder {index:2;}">
            <Coords points="2486,1662 2482,2692 1570,2669 1590,1662"/>
            <TextLine id="r_20_tl_1" custom="readingOrder {index:0;}">
                <Coords points="1848,1775 1985,1790 2004,1777 2096,1788 2123,1773 2177,1784 2177,1715 2044,1735 1974,1705 1895,1705 1848,1722"/>
                <Baseline points="1860,1767 1905,1767 1949,1767 1994,1767 2039,1767 2084,1767 2129,1767 2173,1770 2179,1770"/>
                <TextEquiv>
                    <Unicode>Rinteln, 1766.</Unicode>
                </TextEquiv>
            </TextLine>
            <TextLine id="r_20_tl_2" custom="readingOrder {index:1;}">
                <Coords points="1624,1812 2440,1839 2437,1767 2222,1790 1624,1775"/>
                <Baseline points="1636,1809 1681,1809 1725,1812 1770,1809 1815,1812 1860,1812 1905,1812 1949,1812 1994,1812 2039,1815 2084,1815 2129,1818 2173,1818 2218,1818 2263,1821 2308,1821 2353,1824 2397,1821 2442,1824"/>
                <TextEquiv>
                    <Unicode>Fortgesetzte Versuche in sittlichen und zärtlichen</Unicode>
                </TextEquiv>
            </TextLine>
            <TextLine id="r_20_tl_3" custom="readingOrder {index:2;}">
                <Coords points="1592,1859 2089,1876 2134,1863 2132,1831 2079,1822 1720,1826 1589,1801"/>
                <Baseline points="1603,1845 1648,1848 1693,1851 1737,1851 1782,1851 1827,1854 1872,1851 1917,1854 1961,1854 2006,1854 2051,1854 2096,1857 2138,1860"/>
                <TextEquiv>
                    <Unicode>Gedichten von J. C. Unzerin.</Unicode>
                </TextEquiv>
            </TextLine>
            <TextLine id="r_20_tl_4" custom="readingOrder {index:3;}">
                <Coords points="1630,1901 2390,1925 2442,1916 2442,1882 1628,1863"/>
                <Baseline points="1642,1893 1687,1893 1731,1896 1776,1896 1821,1896 1866,1896 1911,1899 1955,1902 2000,1902 2045,1902 2090,1902 2135,1905 2179,1908 2224,1908 2269,1908 2314,1908 2358,1911 2403,1908 2448,1908"/>
                <TextEquiv>
                    <Unicode>Der Name der Verfasserin macht schon ein ange</Unicode>
                </TextEquiv>
            </TextLine>
            <TextLine id="r_20_tl_5" custom="readingOrder {index:4;}">
                <Coords points="1585,1940 2427,1957 2427,1920 1585,1897"/>
                <Baseline points="1597,1931 1642,1934 1687,1934 1731,1934 1776,1934 1821,1937 1866,1940 1911,1940 1955,1940 2000,1943 2045,1943 2090,1946 2135,1946 2179,1946 2224,1949 2269,1949 2314,1946 2358,1949 2403,1949 2430,1949"/>
                <TextEquiv>
                    <Unicode>nehmes Vorurtheil für diese Sammlung, die in dem</Unicode>
                </TextEquiv>
            </TextLine>
            <TextLine id="r_20_tl_6" custom="readingOrder {index:5;}">
                <Coords points="1594,1978 2425,2004 2423,1957 1592,1940"/>
                <Baseline points="1603,1973 1648,1973 1693,1973 1737,1976 1782,1979 1827,1979 1872,1982 1917,1982 1961,1985 2006,1985 2051,1985 2096,1985 2141,1988 2185,1988 2230,1988 2275,1988 2320,1991 2364,1991 2409,1991 2430,1994"/>
                <TextEquiv>
                    <Unicode>Ton der vorigen, auch das Lob derselben verdient.</Unicode>
                </TextEquiv>
            </TextLine>
            <TextLine id="r_20_tl_7" custom="readingOrder {index:6;}">
                <Coords points="1589,2021 2425,2040 2423,2004 2284,1989 1587,1980"/>
                <Baseline points="1600,2012 1645,2015 1690,2015 1734,2018 1779,2021 1824,2021 1869,2024 1914,2024 1958,2024 2003,2027 2048,2027 2093,2027 2138,2027 2182,2027 2227,2030 2272,2030 2317,2030 2361,2033 2406,2033 2430,2030"/>
                <TextEquiv>
                    <Unicode>Unsere Dichterin redet die Sprache des zärtlichsten</Unicode>
                </TextEquiv>
            </TextLine>
            <TextLine id="r_20_tl_8" custom="readingOrder {index:7;}">
                <Coords points="1587,2061 2425,2085 2425,2040 1587,2021"/>
                <Baseline points="1600,2057 1645,2057 1690,2060 1734,2060 1779,2063 1824,2063 1869,2066 1914,2066 1958,2066 2003,2069 2048,2069 2093,2066 2138,2069 2182,2069 2227,2069 2272,2069 2317,2072 2361,2072 2406,2075 2430,2075"/>
                <TextEquiv>
                    <Unicode>Herzens wenn gleich nicht eines begeisterten Genies.</Unicode>
                </TextEquiv>
            </TextLine>
            <TextLine id="r_20_tl_9" custom="readingOrder {index:8;}">
                <Coords points="1577,2108 2412,2128 2425,2083 1574,2057"/>
                <Baseline points="1588,2102 1633,2102 1678,2099 1722,2102 1767,2102 1812,2105 1857,2105 1902,2105 1946,2108 1991,2108 2036,2111 2081,2111 2126,2111 2170,2108 2215,2111 2260,2111 2305,2114 2350,2114 2394,2114 2430,2114"/>
                <TextEquiv>
                    <Unicode>Ihre Verse haben eine vorzügliche Harmonie, die</Unicode>
                </TextEquiv>
            </TextLine>
            <TextLine id="r_20_tl_10" custom="readingOrder {index:9;}">
                <Coords points="1585,2145 2423,2164 2420,2128 2363,2115 1585,2106"/>
                <Baseline points="1597,2141 1642,2141 1687,2141 1731,2143 1776,2143 1821,2146 1866,2146 1911,2146 1955,2146 2000,2146 2045,2149 2090,2149 2135,2146 2179,2149 2224,2149 2269,2152 2314,2155 2358,2155 2403,2155 2427,2155"/>
                <TextEquiv>
                    <Unicode>den oft matten Ausdrücken sehr äushilft. Die</Unicode>
                </TextEquiv>
            </TextLine>
            <TextLine id="r_20_tl_11" custom="readingOrder {index:10;}">
                <Coords points="1583,2235 1771,2196 1976,2224 2079,2198 2119,2222 2168,2190 2403,2211 2384,2160 1583,2147"/>
                <Baseline points="1594,2185 1639,2182 1684,2185 1728,2188 1773,2188 1818,2188 1863,2188 1908,2188 1952,2188 1997,2188 2042,2188 2087,2188 2132,2191 2176,2191 2221,2194 2266,2194 2311,2197 2356,2197 2400,2200 2406,2200"/>
                <TextEquiv>
                    <Unicode>Liebe, p. 30. hat besonders artige Stellen, z. E.</Unicode>
                </TextEquiv>
            </TextLine>
            <TextLine id="r_20_tl_12" custom="readingOrder {index:11;}">
                <Coords points="1681,2262 2064,2277 2117,2258 2252,2277 2252,2222 2228,2215 2179,2239 2113,2215 1997,2211 1948,2237 1888,2217 1782,2232 1681,2215"/>
                <Baseline points="1693,2254 1737,2254 1782,2251 1827,2254 1872,2251 1917,2254 1961,2254 2006,2254 2051,2257 2096,2257 2141,2257 2185,2260 2230,2263 2257,2266"/>
                <TextEquiv>
                    <Unicode>Jüngst aufgeblüht, schön wie der Tag</Unicode>
                </TextEquiv>
            </TextLine>
            <TextLine id="r_20_tl_13" custom="readingOrder {index:12;}">
                <Coords points="1666,2305 2029,2316 2055,2296 2091,2316 2179,2314 2179,2269 2162,2264 1666,2267"/>
                <Baseline points="1678,2293 1722,2293 1767,2296 1812,2293 1857,2293 1902,2293 1946,2296 1991,2296 2036,2296 2081,2299 2126,2299 2170,2299 2185,2299"/>
                <TextEquiv>
                    <Unicode>Durchglüht von zärtlichen Affekten</Unicode>
                </TextEquiv>
            </TextLine>
            <TextLine id="r_20_tl_14" custom="readingOrder {index:13;}">
                <Coords points="1664,2343 2164,2356 2164,2316 2113,2305 1987,2322 1844,2299 1664,2307"/>
                <Baseline points="1675,2338 1719,2335 1764,2332 1809,2332 1854,2332 1899,2335 1943,2335 1988,2338 2033,2338 2078,2341 2123,2341 2167,2344 2170,2344"/>
                <TextEquiv>
                    <Unicode>Beschämt ihr Antlitz wo sie ing</Unicode>
                </TextEquiv>
            </TextLine>
            <TextLine id="r_20_tl_15" custom="readingOrder {index:14;}">
                <Coords points="1668,2384 2235,2399 2235,2346 2215,2337 2149,2358 1668,2343"/>
                <Baseline points="1681,2376 1725,2373 1770,2373 1815,2373 1860,2376 1905,2376 1949,2379 1994,2379 2039,2379 2084,2382 2129,2382 2173,2382 2218,2382 2239,2382"/>
                <TextEquiv>
                    <Unicode>Die Blumen, die sie halb versteckten:</Unicode>
                </TextEquiv>
            </TextLine>
            <TextLine id="r_20_tl_16" custom="readingOrder {index:15;}">
                <Coords points="1666,2425 2106,2446 2215,2429 2264,2446 2264,2382 2164,2401 1666,2382"/>
                <Baseline points="1678,2415 1722,2415 1767,2415 1812,2415 1857,2415 1902,2418 1946,2418 1991,2421 2036,2421 2081,2421 2126,2421 2170,2424 2215,2424 2260,2424 2269,2424"/>
                <TextEquiv>
                    <Unicode>Ein leicht Gewand das slatternd spielt</Unicode>
                </TextEquiv>
            </TextLine>
            <TextLine id="r_20_tl_17" custom="readingOrder {index:16;}">
                <Coords points="1668,2470 2373,2484 2371,2448 2282,2423 2108,2446 1668,2427"/>
                <Baseline points="1681,2460 1725,2457 1770,2460 1815,2460 1860,2460 1905,2463 1949,2463 1994,2466 2039,2466 2084,2466 2129,2469 2173,2469 2218,2469 2263,2469 2308,2472 2353,2472 2376,2475"/>
                <TextEquiv>
                    <Unicode>Verräth den Blick den Wunderbau der Glieder:</Unicode>
                </TextEquiv>
            </TextLine>
            <TextLine id="r_20_tl_18" custom="readingOrder {index:17;}">
                <Coords points="1664,2510 2224,2531 2282,2523 2282,2482 2004,2489 1852,2467 1728,2484 1662,2467"/>
                <Baseline points="1675,2502 1719,2499 1764,2499 1809,2502 1854,2502 1899,2505 1943,2505 1988,2505 2033,2508 2078,2508 2123,2511 2167,2511 2212,2511 2257,2511 2284,2514"/>
                <TextEquiv>
                    <Unicode>Die weiche Brust, wo Amor eingewühlt</Unicode>
                </TextEquiv>
            </TextLine>
            <TextLine id="r_20_tl_19" custom="readingOrder {index:18;}">
                <Coords points="1662,2549 1750,2566 1895,2551 2200,2570 2198,2517 1660,2517"/>
                <Baseline points="1672,2541 1716,2541 1761,2541 1806,2541 1851,2544 1896,2544 1940,2547 1985,2547 2030,2547 2075,2550 2120,2550 2164,2553 2206,2553"/>
                <TextEquiv>
                    <Unicode>Des Mädchens Glut wollüstig fühlt</Unicode>
                </TextEquiv>
            </TextLine>
            <TextLine id="r_20_tl_20" custom="readingOrder {index:19;}">
                <Coords points="1653,2600 2245,2628 2294,2617 2292,2551 2260,2536 2192,2572 1651,2549"/>
                <Baseline points="1663,2585 1708,2585 1752,2588 1797,2588 1842,2588 1887,2588 1931,2591 1976,2591 2021,2591 2066,2591 2111,2594 2155,2594 2200,2594 2245,2594 2290,2594 2299,2597"/>
                <TextEquiv>
                    <Unicode>Beht voll von Sehnsucht auf und nieder.</Unicode>
                </TextEquiv>
            </TextLine>
            <TextLine id="r_20_tl_21" custom="readingOrder {index:20;}">
                <Coords points="2309,2683 2322,2683 2329,2690 2339,2683 2348,2683 2356,2690 2376,2677 2388,2683 2410,2683 2414,2617 2403,2617 2395,2623 2382,2617 2358,2628 2337,2610 2326,2615 2314,2613"/>
                <Baseline points="2320,2669 2326,2669 2370,2666 2415,2663"/>
                <TextEquiv>
                    <Unicode>Den</Unicode>
                </TextEquiv>
            </TextLine>
            <TextEquiv>
                <Unicode></Unicode>
            </TextEquiv>
        </TextRegion>
    </Page>
</PcGts>
