2479 3213
328 513 2052 558 austrockne. Daher wären allzukleine und steile lange Feuer, giebt eine weiße Asche, riecht nicht
325 554 2049 601 Torfgraben unbequem, auch wegen der einspringen= übel und ist zu Schmelz= und Schmiedekohlen dien¬
321 588 2054 642 den Frösche und ihrer Laichen. Die Torfgraben lich. Der schlechteste ist ein Filz aus Moos und
317 642 1177 683 müsten also lieber kleine Aufgänge haben, damit die
325 681 2052 733 se Thiere herausspringen könnten. Man solte auch aber nicht lange Feuer. Diese Schrift ist mit vieler
321 724 1181 769 nach dem Zufluß des Wassers bey den Lachen die
325 756 2054 812 Lage gegen die Sonne beobachten und schräge trep= der Verf. zu Hause gehört, reichet ihm auch in die¬
328 804 1183 851 penförmige Ufern machen. Niemals muß Torfmohr
321 890 1177 937 oder Leimgrund wenigstens einen Fuß Torferde zur
321 920 1174 978 Bedeckung behielte. Bey weitläuftigen Torfmohren
325 970 2047 1019 muß man durch ausgestochene Graben Abfluß ver= und Grüfte wässern, düngen und probiren, um sich
330 1006 1174 1058 schaffen, dadurch der Mohr sich setze und der Torf
321 1054 1170 1099 fester werde, Billrey giebt eine Maschine an, den
328 1088 1177 1138 Torf aufs vortheilhafteste zu stechen. Der Verf.
325 1129 2036 1179 lehrt ihn gut zu bereiten, und berechnet den Verhalt und ihre fast zu geitzige Kinder durch ihren beidersei¬
321 1170 1170 1235 des Torfs gegen Brennholz, daß 500 Torfziegel so
321 1213 1177 1274 viel als eine Klafter weiches Brennholz betragen.
336 453 2052 519 Wasser nicht fehle, und die Sonnenhitze nicht zu sehr Der beste Torf ist schwarz, fest und schwer, hält
1202 631 2052 698 feinen Wurzeln, brennt in hellen Flammen, hält
1200 720 2043 774 Kenntniß und Belesenheit aufgesetzt; das Land wo
1202 800 2045 853 sem Felde besondere Erfahrungen und Phönomenen.
332 843 2049 894 so ausgeleert werden, daß nicht der unterste Sand= Die gute Erde, unsrer aller liebe Mutter, mag es
1198 890 2052 940 sich gefallen lassen, daß ihre Kinder sie ausstechen,
1194 924 2045 983 umgraben und durchwühlen, ihre Flächen, Aecker
1200 1011 2045 1058 alles zu Nutze zu machen und von einer fruchtbaren
1194 1049 2043 1106 Mutter Producte zu erzeugen, die noch nicht aufhö¬
1198 1093 2043 1146 ret zu gebähren, den alten Thon wieder zu ersetzen,
1194 1174 2045 1224 tigen Schweiß reich und vergnügt zu machen. Ko¬
1198 1215 1957 1276 stet in den Kanterschen Buchhandlungen 12 gr.
534 1321 953 1396 Berlin, den 7. Jan.
366 1349 1168 1429 Se. Majestät, der König, haben das Grenadier¬
347 1416 1168 1470 sataillon des Herrn Obersten von Lossow, dem Ma=
340 1500 1168 1558 Höchstdieselben haben den Hof= und Kammergerichts=
336 1584 1168 1636 bey dem Justitzwesen geleisteten ersprißlichen und
336 1625 1164 1696 rühmlichen Dienste, zu Dero geheimen Tribunals=
347 1707 1164 1761 on Höchstdenenselben der bisherige Hofgerichtsse¬
347 1746 1498 1795 retair, Herr Johann Jacob Kreuschner, wegen seis Kleidung getragen.
349 1782 1168 1836 es Fleißes und in Examine bewiesenen gründlichen
347 1830 1164 1886 Helehrsamkeit, zu Dero Hofgerichtsrath in Königs
336 1868 1164 1922 berg in Preussen bestellet, und an dessen Stelle der
347 1955 1164 2011 sitzrath Damus, zum ersten Sekretario, und der
349 1991 1162 2047 dofrath, Herr Charisius, dagegen an des obgedach
347 2036 1164 2088 en Herrn Damus Stelle wieder zum zweyten Se¬
349 2080 1349 2131 retario mit ansehnlicher Verbesserung seines Ge= gegangen.
356 2116 1164 2185 ats, und der Justitzrath, Herr Jacobi, zum Re¬
349 2157 1162 2237 istrator an des Herrn Charisius Stelle ernannt
347 2209 453 2269 porden.
537 2217 955 2291 Wien, den 21. Dec.
358 2321 1146 2375 rautmannsdorf als wirklicher Kayserl. geheime
358 2368 1677 2422 ath den Eid der Treue in die Hände des Kaysers Berathschlagungen zu pflegen.
371 2411 1159 2463 zelegt. Der gewesene Commercienrathspräsident,
349 2452 1155 2504 braf von Andler, hat die Landrichterstelle im Marg¬
1179 1317 2039 1390 dinand, bis zur Zeit der hohen Vermählung nach
1192 1379 2041 1424 Mayland zu residiren kömmt, so wird für Höchstdie¬
1198 1422 2039 1468 selbe von dem Kayserl. Königl. Hofe eine eigne Suite
336 1463 2039 1515 jor, Herrn von der Hardt, allergnädigst conferiret. errrichtet Bey der Lüttichischen Lehnsbelehnung ist
1187 1502 2039 1556 dieser besondere Umstand zu bemerken, daß Se. Ma¬
347 1541 2039 1597 ath, Herrn Könen, in Betracht desselben bishero jestät, der Kayser, nicht, wie es sonst geschehen, im
1187 1586 2036 1640 Spanischen Habit, sondern in deutscher Kleidung,
1194 1625 2039 1677 so wie auch die bey dieser Function gegenwärtige
347 1670 2036 1720 ath allhier, zu benennen geruhet. Desgleichen ist Oberchargen, erschienen sind, und die Lehnsnehmer
1185 1713 2034 1782 einen überhangenden schwarzen Mantel über die
1226 1763 1978 1836 Ballenstädt, im Anhaltischen, den 24. Dec.
1226 1825 2036 1883 Allhier traf den 17ten dieses, von der Rußisch Kay¬
1187 1866 2028 1920 serl. Gesandtschaft in Berlin, der Legations=Secretair
336 1918 2030 1963 bisherige zweyte Hofgerichtssekretarius, Herr Ju= Hr. von Krock, ein. Es hat derselbe den Rußisch¬
1185 1957 2034 2015 Kayserl. St. Catharinen=Orden an unserer gnädigst
1187 2000 2028 2045 regierenden Fürstin Hochfürstl. Durchlaucht über¬
1185 2041 2024 2112 bracht, und ist darauf den 21sten nach Berlin zurück
1401 2095 1825 2185 Maynz, den 24. Dec.
1218 2138 2028 2215 Vor einigen Tagen ist der Hofrath, Freyherr von
1174 2194 2026 2258 Benzel, nach Worms abgereiset, woselbst, dem Ver¬
1177 2243 2028 2299 nehmen nach, sich ebenfalls Abgeordnete von Seiten
373 2278 2030 2340 Den 15ten dieses hat der Graf Wolfgang von Chur=Trier, Pfalz und der Stadt Frankfurt, einge¬
1183 2330 2024 2403 funden haben, um über die Münzangelegenheiten
1379 2388 1804 2467 London, den 17 Dec.
1215 2433 2024 2504 Den 10ten dieses ließ der bisherige Lord=Major
349 2498 2021 2547 rafthum Mahren erhalten, mit einer Zulags über unserm Stadt=Rath anzeigen, daß er, zufolge genom¬
362 2532 2019 2586 s gewöhnliche Salarium von 3000 Gulden. Da mener Verabredung, eine schöne goldene Dose hätte
349 2569 2054 2638 de Erbprinzeßin von Modena, Beatrix, versproche: verfertigen lassen, damit darin das Bürggerrecht den
356 2614 2039 2689 Braut Sr. Königl. Hoheit, des Erzherzogs Fer= Stadt an Se. Durchlaucht, den Erbprinzen von
1888 2659 2030 2735 Braun.
