2663 3213
771 427 1628 496 die Stadt des Tempels — wagte Streiferey bis
771 487 2493 535 vor denen Thronen der Unsterblichen, und unsrer gegen einander wütend, und gleich wie Kranke,
773 528 1110 588 Feinde, der Engel
773 573 1598 618 dritten Festag der Hölle über des Nazareers Tod¬
767 661 1624 707 des Todes, und zitterte bey jeder neuen Gewiß¬
765 700 1628 745 heit, blasend in das leichthörende Ohr des Volks
765 739 1621 788 Lästerung wider den, den es getödtet hatte: da
765 788 1621 833 hörte er, wie einer im Gefängniß, das klingende
773 829 1621 872 Geräusch der Waffen, und den Gang bepanzerter
765 870 1621 913 Männer — — fiel aus den Wolken — wollte
765 911 1621 960 mit einem Fuß an seinem Felsen sich stützen, und
773 951 1619 996 siel noch tiefer hinab in den Schooß des Dunkels.
773 994 1621 1044 Schnell sah er die Pforten, wie eine Ewigkeit
765 1029 1621 1080 alt, und fest wie Satans Bosheit, geöfnet sahe
771 1078 1585 1119 er sie! — Aber nun! wie soll ich es nennen?
771 1112 1617 1164 Einer, ach ich kannte ihn gleich — als eines
769 1158 1619 1213 Menschensohn, glänzender, als der Gürtel des sie¬
767 1203 1619 1248 benfarbigen Bogens gekleidet, in seiner Hand die
771 1241 1619 1291 Himmelssphären umwälzend — der stand da le¬
773 1282 1619 1329 bendig — ein GOtt, mächtig, bis zum Vernichten
765 1316 1074 1379 der Geister — —
1110 1323 1615 1398 Verzeih' Samniel, dies Ge¬
771 1362 1140 1439 sicht macht schweigen!
1089 1415 1306 1497 Samniel.
810 1473 1619 1535 Wehe uns, daß wir den Göttlichen tödteten.
767 1529 1619 1583 Zwar ich durfte nicht mein Schwerdt mit Gift
762 1578 1621 1632 tränken. Immer schrie der Seraphim einer, Er
765 1615 1621 1662 läßt sein Leben von selber - und schleuderte mit
765 1660 1615 1701 der Stimme mein Schwerdt an den Fels nieder!
762 1701 1619 1750 Und nicht umsonst, Abadonna sah ich zu Mitter¬
771 1744 1619 1795 nacht schon, als ich den Todeshügel vorbeyrauschte,
765 1780 1615 1832 hoch über dem Gesicht des Grabes, Jünglinge,
765 1832 1611 1879 schöner wie Eva, die Mutter der Menschen war
762 1870 1613 1922 als der Anblick der Frucht ihre Wangen mit
765 1907 1615 1959 Aepfelröthe bemalte, schöner noch in hängenden
760 1952 1613 1995 weissen Talaren fuhren sie niederwärts — an die
765 1993 1613 2044 Stätte — du weists! wo sie ihn hinlegten. Ich
758 2032 1615 2085 wollte sie schrecken - aber ein Blick des Einen,
758 2079 1611 2128 als wäre er Richter, schmelzte meinen Trotz, wie
765 2115 1615 2169 Schnee — das waren sie, die das Grab des
760 2154 1134 2225 Göttlichen besuchten -
1082 2218 1306 2283 Abadonna.
797 2270 2332 2332 Ich möchte den Anblick von zehntausend solcher genden Brust hinauf wimmern hörte -
756 2319 1613 2377 Jünglinge ertragen: aber die Stimme — nein,
756 2364 1613 2414 die Stimme nicht, mit welcher Er ins Angesicht
758 2407 2467 2455 des Abgrunds schrie: Ich war todt und geboren, und schon ruhend bey den Gebeinen der
760 2452 1606 2504 siehe! ich bin lebendig; und habe die
760 2493 1606 2549 Schlüssel des Todes und der Hölle!
758 2538 1604 2588 (Ich stürbe, wenn ich mehr sagte, was Er sprach) -
758 2577 1604 2631 Tödte uns, tödte uns, schrie eine Schaar unseliger
756 2618 2463 2693 Geister ihm entgegen. Und wir, rief die andre, wird Satan den Auferstandenen noch einmal ein
1647 421 2493 500 kennen dich, und trotzen — Hie stiessen Tausende
1132 533 2493 571 — — noch feyerte er den die Wuth schwach macht — raseten sie mit fün¬
1651 569 2493 621 kelndem Auge! Satan tauchte den Fuß in Feuer,
771 610 2500 664 sah und zählte unter seinem Kreutz die Beweise wollte alles entzünden, und stampfte — und, als
1651 655 2498 719 wenn sein Kopf zerschmettert wäre, hub er ihn
1651 696 2493 745 noch einmal in die Höhe und schrie -- Wehe
1647 741 2493 788 uns! Er lebet! Hundertstimmige Echo aus allen
1651 782 2487 848 Abgründen sagten es nach: Weh uns! Er lebet
1967 848 2186 928 Samniel.
1681 898 2491 984 Und sind denn keine Felsen mehr, die über uns
1651 962 2487 1018 stürzen, keine Hölen, die uns verschlingen! Erfüll
1647 1009 2487 1059 denn Er, alles in Allem, daß kein Chaos nur uns
1651 1052 2491 1119 vor ihm verberge? — Ich fühle es! keine
1651 1097 1834 1155 Stimme —
1883 1093 2493 1153 kein Gesicht — ich selbst sage es
1645 1134 2487 1188 mir — Er lebt! == Doch Abadonna! sieh dort
1643 1177 2489 1224 am Fuß jenes unterirdischen Felsens, stralt ein
1651 1220 1782 1273 Glanz
1823 1218 2483 1267 ists doch, als wären es Seelen die ich
1645 1258 2483 1334 im Abgrund kannte, und nun gehen sie im festli
1647 1301 1918 1372 chen Triumph?
1950 1353 2197 1450 Abadonna.
1688 1424 2483 1495 Sieh hier des Gesichtes Erklärung — dort, zu
1647 1469 2461 1540 einer der rauchvollesten Hölen wandte Er sich
1647 1523 2485 1566 und sprach: Evangelium! Friede! Freiheit! Alles
1645 1561 2483 1621 horchte, wen diese Stimme des ewigen Lebens
1647 1602 2483 1649 erfreun sollte — und es waren die Seelen, die
1643 1645 2485 1694 seit Jahrtausenden, als jene Menschentötende
1643 1686 2483 1735 Sündfluth die Erde zerspaltete, und alles Lebendi¬
1645 1733 2483 1776 ge hinunter zu uns senkte, hier die Strafe ver¬
1651 1770 2483 1838 schwendeter Gnadenjahre litten, und beklagten den
1645 1812 2476 1860 leichtsinnigen Unglauben. Sie hörten: Evange
1643 1858 2483 1922 lium! Friede! Freiheit — gleich fielen die Ketten
1645 1894 2480 1959 von ihnen, und sie knüpften sich als glückliche
1645 1937 2483 1984 Sklaven an den Triumphwagen des Ueberwin¬
1639 1978 2480 2029 ders — Nun werfen sie noch dort der güldne
1636 2019 2472 2087 Ketten Wiederschein auf den Fuß der Felsen,
1639 2064 1928 2126 bis zu uns her.
1959 2117 2173 2193 Samniel.
1675 2173 2472 2248 Und wir? Ach jetzt fühle ich den Wunsch, den
1634 2240 2476 2309 ich schon oft zur Quaal aus der Tiefe dieser ni
1630 2287 2467 2371 wünschte ein Mensch zu seyn — oder ein Em
1630 2364 2476 2418 bryon, dem Leben sich nähernd — oder doch schon
1630 2446 2470 2500 Väter! Bey dem Rauche der Quaal schwöre ich
1624 2489 2470 2536 es, daß ich diese Hoheit, ein Geist zu seyn, mäch
1630 2532 2472 2577 tig zu schaden, verfluchen — und dieses Schwerdt
1624 2571 2470 2629 zersplittern wollte. Doch Abadonna vielleicht
2356 2652 2476 2729 zwotes
