2663 3213
762 400 1607 479 re ein Gedicht, welches weit mehr gefallen würde,
762 464 1618 515 als viele Oden, die bey Gelegenheit desselben Sterb=
767 506 1624 565 falles verfertiget worden sind, wenn es nicht mit ei=
758 544 1614 593 nem irreligieusen Tone die Andacht angriffe, welche
762 589 1618 639 die Pariser, während der Krankheit des Prinzen,
767 629 1616 690 für desselben Erhaltung, bey der heil. Genevieve
758 675 1620 722 angestellet haben, und wenn es nicht auf eine är¬
767 711 1618 773 gerliche Weise dem Bildnisse Heinrichs des Vierten
758 754 1626 809 mehrere Kraft, als dem Kasten der heil. Genevieve
762 794 1614 851 zuschreibe. Les Grees & les Romains, sagt er, in-
767 834 1622 891 voquoient des Heros & non pas des Bergeres. (Die
764 877 1622 932 Griechen und Römer riefen Helden, und keine Hir=
771 919 1622 997 tinnen an.) Der schöne Beschluß dieses Gedichts
773 968 1006 1031 ist folgender:
847 980 1620 1067 Ne me démande point ce qui fonda sa gloire?
853 1048 1580 1103 Quels funestes exploits assurent sa mémoire?
847 1088 1620 1150 Quels Peuples malbeureux on le vit conquerit?
851 1131 1586 1184 Ce qu'il fit sur la Terre? Il apprit à mourir.
767 1220 1628 1281 Ruhm gründete? Was für klägliche Verrichtungen
777 1260 1628 1321 sein Andenken bey der Nachwelt versicherten? Was
777 1304 1628 1364 für unglückliche Völker er bezwang? Was er auf
771 1342 1421 1398 der Erde that? Er lernete zu sterben.)
968 1395 1436 1459 London, den 28. Januar.
815 1429 1635 1503 Die Herren Eduard Montagu, und Ilnox Agen¬
767 1486 1630 1546 ten, von Virginien und Georgien, haben in diesen
777 1525 1628 1588 Tagen der Parlamente Bittschriften wegen Aufhe¬
773 1567 1630 1630 bung der Stempel=Acte übergeben. Ersterer führet
779 1618 1633 1673 insonderheit an, daß die erstaunende Ausgaben beym
779 1647 1628 1717 letzten Kriege, und der gefallene Preiß des Tabacks
779 1692 1628 1753 die Colonie außer Stand gesetzt hätte, den neuen
779 1738 1630 1802 Impost zu ertragen. Major James, welcher von de¬
773 1787 1630 1851 nen verschiedenen in Amerika der Stempel=Acte wegen
777 1817 1628 1885 entstandenen tumultuarischen Auftritten ein Augen¬
781 1861 1630 1925 zeuge gewesen, ist befehliget den 28sten vor dem Par=
773 1893 1624 1967 lamente einen mündlichen Bericht, deswegen abzu¬
786 1942 1628 2014 statten. Den 27sten wollte man dem Unterhause
777 1978 1628 2052 eine Bittschrift der General Versammlung aus Neu¬
777 2024 1628 2096 yorck, wegen der Stempel=Acte übergeben, es wurde
777 2065 1624 2128 aber selbige nicht angenommen, und ohnerachtet Hr.
786 2105 1622 2175 Pitt zum besten obgedachter Versammlung eine sehr
783 2151 1630 2219 nachdrückliche Rede hielt; so war doch solche von kei¬
777 2189 1628 2259 ner Würkung, und die Sache wurde bis zur nächsten
781 2230 1628 2287 Seßion verschoben. Die Irrungen in Ansehung
786 2285 2484 2338 des Comercien, zwischen unserm und dem Portugie= Herr Dumaresy, ein Englischer Prediger, komm
792 2319 1628 2384 sichen Hofe, sind dem Punkt ihrer Beylegung noch
777 2367 1635 2420 nicht so nahe, als man bisher geglaubt hat Es sind
777 2401 1635 2467 zu dem Ende unserem Minister am Portugiesichen
779 2435 1639 2509 neue Verhaltungs=Befehle zugesandt worden. Zum
786 2482 1630 2545 Unterhalt von 16000 Matrosen zum Dienst des jetzi=
777 2522 1635 2607 gen Jahres, hat das Unterhauß 832000 Pfund
779 2571 1129 2662 Sterling bewilliget.
1844 407 2283 476 Rom, den 11. Januar.
1679 449 2488 515 Ohnerachtet der verstorbene Prätendent in seinem
1643 489 2482 565 Testament verordnet, daß sein Leichnam ohne alles
1652 544 2486 595 Gepränge beygesetzt werden sollte: so hat der Pabst
1645 591 2482 635 dennoch ein prächtigeres Leichenbegängniß anzuordnen
1643 629 2484 680 beliebet. Es wurde nämlich den 7ten dieses, dessen
1643 671 2482 720 entseelter Körper, nachdem er vorhero in der Kirch¬
1647 716 2482 762 zu den zwölf Aposteln, im Königlichen Ornat von
1643 754 2484 800 goldenen Brocat und rothen Carmoisin, mit Herme=
1643 794 2484 841 lin gefütterten sammetnen Mantel, mit der Krone
1645 839 2484 881 auf dem Haupt, dem Zepter in der Rechten, und
1645 875 2490 919 dem Reichsapfel in der linken Hand, auf ein daselbst
1647 919 2492 968 zubereitetes prächtiges Prangbette war ausgestellet
1647 961 2488 1006 worden, um 6 Uhr Abends unter einer ansehnlichen
1652 999 2488 1059 Begleitung nach dem Vatican gebracht, und daselbst
1652 1044 2497 1088 in der Capelle des Chores nach der Commendation
1652 1088 2486 1133 in einen cypressenen Sarg gelegt, und alsdenn bey
1647 1129 2492 1175 gesetzet. Vor einigen Tagen hat man hier einen
822 1167 2492 1226 (Das ist: Man frage mich nicht, was seinen Priester arretirt, welcher bey dem Cardinal Vicario
1647 1209 2494 1275 ist angeklaget worden, daß er an einem Tage ver
1654 1254 2490 1300 schiedene Messen gehalten habe. Besonders aber
1654 1294 2494 1340 giebt man ihm Schuld, daß er am Weynachttage
1652 1332 2497 1404 6 gehalten, und vor den 3 letzten Chocolat getrunken
1643 1374 1749 1440 habe.
1806 1389 2344 1465 Warschau, den 5. Februar.
1690 1429 2497 1501 Gestern gleich Nachmittage sind Sr. Königl¬
1658 1491 2494 1544 Maj. auf die Jagd verreiset, von welcher Höchstdie
1654 1531 2494 1586 selbe morgen erwartet werden. Vorgestern hat der
1658 1580 2492 1630 Fürst Repnin, einen prächtigen Ball en Masque
1658 1622 2494 1671 gegeben, woselbst sich auch Sr. Maj. befunden. Die
1654 1669 2488 1732 Kron=Feldherrin Branitzka, ist gestern von hier nach
1660 1702 2488 1753 Bialastock abgereiset. Dieser Tagen sind aus Pe
1647 1751 2488 1796 tersburg für Sr. Römisch Kayserl. Maj. acht de
1654 1787 2484 1836 schönsten Pferde, eine prätieuse Kutsche und ein
1652 1832 2494 1872 schöne Port=Chaise hierdurch transportiret worden.
1658 1874 2490 1923 Der Hof hat am vorigen Sonntag wegen Absterben
1656 1914 2480 1974 des Prinzen Friedrich Wilhelm von England König
1652 1954 2446 2007 Hoheit, die Trauer auf zwey Wochen angeleget.
1880 2041 2283 2086 Eingekommene Fremde.
1830 2052 2338 2134 vom Zien bis zum 14ten Febr.
1690 2103 2488 2164 Herr von Schwartzhoff, Lieutenant vom Schla
1654 2162 2488 2209 berndorffschen Cüraßierreg. und Hr. von Schwark
1658 2204 2482 2253 hoff, Cornet vom Lossowschen Husarenreg. komme
1654 2245 2484 2287 aus Curland, log. bey Guttowscky in der Vorstad
1656 2325 2482 2393 aus Petersburg, geht nach London, log. bey N
1664 2367 2482 2414 mus im Kneiphof. Hr. von Kleist, Obrister de
1664 2408 2482 2469 Taddenschen Regiments, kommt von Preußhollan=
1664 2452 2297 2518 log. bey Felgenhauer aufm Roßgarten.
1664 2484 2477 2556 Diese Gelehr e und Politische Zeitung wird des Monta
1705 2537 2458 2594 und des Freytags Vormittags um 10 Uhr in dem
1808 2585 2361 2653 Kanterschen Buchladen ausgegeben.
