2479 3213
743 1435 1724 1542 16tes Stück. Montag, den 24. Februar 1766.
395 1532 1779 1650 Kleinigkeiten. Berlin bey George Ludewig Win= Man lese anstätt der ersten Zeile:
395 1620 534 1677 r. 1765.
373 1724 1198 1800 Herrn Leßings einfallen solten, dem es geglückt
361 1768 1196 1846 in seinen Kleinigkeiten ein großes Genie zu zeigen
371 1815 1198 1893 das sich auch nach der Zeit in mehr als einem
371 1853 1205 1914 Felde verewiget hat. Der Tittel also ist nicht Ori=
371 1929 1203 2007 ihm noch weit bedaurungswürdiger aus. Kein Ein¬
373 1983 1203 2051 fall auch nicht einen man lese von pagina 1 bis pag.
382 2017 1209 2076 64. Mit pag. 7 bitte ich es nicht so genau zu neh=
382 2102 1211 2150 vor, die, wenn nicht die Eigenliebe ein so herrschen¬
386 2190 827 2256 zu der Geburt erstickt hatte:
720 2237 852 2334 Stat.
468 2283 1049 2365 D Stax du machst ein großes Wesen
466 2359 1023 2422 Von deinem Witz und deiner Poeste,
471 2405 1009 2477 Du rühmest dich nur gar zu früh
475 2452 960 2530 Ich kenne keinen der dich liest
477 2486 1057 2568 Du mußt im Gleim und Leßing lesen
475 2547 920 2625 Dann siehst du ob du witzig bist.
1317 1568 1893 1652 Star du machst ein kleines Wesen
397 1616 2064 1711 Es werden wenige von unsern Lesern seyn, wel¬ so wird man aus Liebe zur Wahrheit, die auch nackt
376 1677 2066 1743 chen nicht bey diesem Titel die Kleinigkeiten des gefällt, vergessen daß in diesen 6 Reihen kein Ein¬
1217 1707 2057 1772 fall ist. Kurz es scheinet dies die Verfasserin — ja
1220 1739 2057 1815 was ich sagen wolte, ich sahe so starr auf die erste
1217 1785 2064 1855 Kleinigkeit welche an die Sapho überschrieben ist,
1228 1823 2061 1899 daß mir die liebe Madame Karschin einfiel. Der
371 1863 2061 1950 ginal und was den Inhalt anbetrift; so sieht es mit Himmel wolle es nicht daß sie diese Kleinigkeiten ge¬
1234 1903 2070 1979 schrieben hätte. Nein und wenn es auch nur aus
1228 1952 2064 2019 Galanterie seyn solte, die wir dem schönen Geschlecht
1234 1994 2068 2061 schuldig sind; so ersuche ich alle meine Leser das
371 2028 2064 2116 men, denn es kommt hier wenigstens eine Wahrheit Wort, Verfasserin, als einen Schreibfehler anzu¬
1230 2074 2064 2146 sehen, und dafür zu lesen was man will. Damit
382 2110 2064 2222 des Laster in der Dichterwelt wäre, diejes Bändchen wir indessen beweisen was wir zum Nachtheile die¬
1234 2152 2061 2226 ses Schatzkästleins anführen, so nehmen wir uns die
1228 2197 2064 2272 Freiheit über die 22te Seite meliorem compositio¬
1226 2234 1929 2321 nem aus Leßings Kleinigkeiten herzusetzen:
1460 2294 1850 2359 Pilard. Seite 22.
1485 2344 1810 2412 Melior Compositio.
1281 2389 1969 2481 Zankst du schon wieder? Sprach Hans Lan
1289 2441 1673 2505 Zu seiner lieben Ehefrau.
1289 2471 1859 2540 Versofner, unverschämter Mann¬¬
1289 2502 1950 2616 Gedub, mein Kind, ich ties mich an s .
2007 2538 2097 2608 a
