2663 3213
797 414 1615 490 Das schöne Geschlecht hat einen großen Vorzug
758 481 1615 535 vor dem unsrigen, und es wäre zu wünschen, daß
760 522 1499 573 es sich desselben fleißiger bedienen möchte.
758 556 1550 616 Mann, der bloß mit dem Verstande arbeitet,
758 728 2478 780 der Körper etwas mehr Theil hat, wenden will, Kunstrichter seyn, um dieses Hudemansche Ge
758 771 1615 827 so kostet ihm dieses eine Art von Herablassung,
765 825 1619 870 und dennoch ergreift er sie mit einer gewissen Ver¬
760 861 1613 923 achtung, die ihre Reitzkraft zum Vergnügen mindert.
795 911 1606 975 Das Frauenzimmer hat eine unendliche Menge
756 962 1613 1016 von Bedürfnissen und Beschäftigungen, denen es
758 1005 1615 1052 leicht abhelfen, die es leicht ausuben kann. Die
758 1046 1615 1100 Sorge für die Mittel dazu hat nicht jene ermü¬
756 1082 1606 1138 dende Anstrengung nöthig, durch deren Mühe der
758 1127 1611 1179 erhaltne Endzweck zuletzt am Werth verliert. Ihre
758 1170 1611 1224 häusliche Angelegenheiten, ihre Handarbeiten, ihr
760 1209 1606 1263 Putz=können jederzeit mit der Munterkeit bestehen
752 1258 1611 1301 die die Würze des vergnügten Lebens ist, und die
752 1297 1606 1353 die Geschäfte unsers Geschlechts nur selten beglei
756 1338 1602 1385 tet. Die Finger die sich dabey noch so sehr er
745 1372 1606 1426 müden, der Verstand der sich um sie vollkommen
752 1426 1604 1471 zu machen noch so sehr angreift, ruht sich immer
745 1467 1604 1512 weit eher aus als eine vom Studiren abgemattete
745 1501 1604 1550 oder bey Amtsarbeiten träggewordne Seele. Es
745 1542 1604 1591 wäre gut, wenn man jedes müßige Frauenzim
745 1583 1604 1645 mer für so lächerlich hielte, als eines das sich
745 1634 1604 1686 nach der Mode des vorigen Jahrhunderts trägt
749 1671 1606 1718 und bezeigt, und daß das schöne Geschlecht einse
745 1712 1604 1763 hen lernte, wie seine Bestimmung eine reiche Quelle
747 1763 1606 1808 von Vergnügen und Thätigkeit sey, alsdann wür¬
749 1795 1600 1845 de es die Gelehrsamkeit und den Beruf des unsri
749 1838 1606 1892 gen überhaupt weniger beneiden, und sich schämen
752 1879 1604 1931 daß es uns bisweilen über vermeintliche Vorzüge
752 1918 1608 1995 einer selbst angemaßten Rolle, Vorwürfe gemacht
788 2006 1606 2079 Je tiefer man in viele Dinge zu dringen sucht,
745 2055 1602 2120 desto mehr sieht man ein, daß man sie nicht be¬
749 2109 1606 2165 griffen hat, und nicht begreifen wird. Dieses
749 2156 1587 2203 lehrt die Erfahrung täglich beym Studiren. Wit
749 2193 1598 2257 wollen unsre Gedanken, von der Nothwendigkeit
741 2240 2354 2289 beschäftigt zu seyn, mit einem ähnlichen Satz lich ausstehen können. Hier ist eine Probe:
745 2278 1598 2330 schließen: Je mehr man sich zu beschäftigen sucht,
739 2324 1598 2367 desto deutlicher sieht man ein, daß man es nicht
743 2367 1967 2425 immer dahin bringen könne, und nothwendig bis- gehoben, so heißt es:
741 2409 1591 2463 weilen Langeweile haben müsse. Man tröste sich
743 2444 1591 2495 mit der Allgemeinheit des Uebels, glücklich ist der,
745 2487 1593 2562 den es nur selten trift, und der es andern nur
743 2519 1031 2601 selten verursacht.
1785 427 2345 498 Bützow und Wismar, 1765.
1677 464 2485 543 Lucifer, ein episches Gedicht, verfertigt von D.
1634 509 1812 595 Hudeman.
1720 537 2483 621 Die unselige Nachahmer des Meßias kann
760 606 2487 659 hohlt sich so zu sagen nur zum Schein, wenn er weder die Kritik noch die Verachtung ausrotten,
758 655 2478 698 aus einem Fache der Wissenschaften zum andern und wir haben hievon einen neuen Beweis in
756 698 2485 754 übergeht, und wenn er sich zu Geschäften, woran Händen. Man darf weder ein Dichter noch ein
1636 777 2476 831 schmiere in sogenannten Hexametern unausstehlich
1636 829 2478 883 zu finden. Wenn der Verfasser in allen Wissen
1643 865 2472 923 schaften so unbewandert ist wie in der Poesie,
1636 911 2472 975 muß er ohnfehlbar in Padua den Doktorhut er
1636 943 2476 1001 halten haben. Herr Hudeman hat vermuthlich
1636 992 2472 1044 einmal Miltons verlornes Paradies durchgeblät
1639 1037 2470 1080 tert, es muß aber schon vor vielen Jahren ge
1636 1076 2472 1123 schehen seyn, denn sonst wäre die Unverschämthei
1630 1119 2476 1185 gar zu groß, mit der er in 12 Gesängen einen
1636 1155 2476 1224 Stof beleyert, den der schöpferische Britte
1639 1205 2463 1246 unnachahmlich schön besungen hat. Wir wolle
1636 1241 2472 1286 der Regeln der Epopee nicht gedenken, auch den
1636 1282 2463 1338 Verfasser nicht durch seine eigne Vorrede lächen
1634 1325 2470 1372 lich machen, sondern ihn nur von Herzen bedau
1632 1370 2461 1424 ren, und ihn im Namen des guten Geschmack
1636 1409 2476 1456 bitten, wenigstens nicht eher Verse zu machen, bis
1636 1456 2467 1503 er Deutsch, und scandiren gelernet haben wird
1628 1486 2470 1550 Unharmonischer hat kein Hexametrist seit dem
1630 1533 2470 1589 Nimrod geschrieben als unser Verfasser. Wir müs
1630 1576 2470 1628 sen ihm alles absprechen, ausser die Gabe zu dehnen
1630 1621 2467 1671 nicht, die seine Episode von der Schöpfung die bey
1634 1664 2470 1707 nah 5 Gesänge durch währt, meistermäßig zeigt.
1624 1697 2470 1748 Kein einziger erhabner Gedanke — Seine Einbil¬
1628 1744 2465 1802 dungskraft giebt ihm eiskalte Erdichtungen ein, die
1630 1785 2457 1834 seine Art etwas zu behandeln vollends ekel und kin
1630 1832 2457 1879 disch macht. Man lese nur alle Veränderungen di
1636 1868 2457 1918 er mit der Säule der Gottheit, die eins von seine
1636 1907 2457 1978 Steckenpferden zu seyn scheint, vornimmt — beson
1624 1950 2388 2019 ders hat uns die p. 85. gefallen, wo es heißt:
1651 1993 2457 2038 Schaut es erhebt sich der Sohn von seinem glänzenden Boge
1647 2038 2457 2074 Und es zertheilt sich der Gipfel der Säul in gewölbte Fächer
1651 2068 2455 2111 Ihrem Beherrscher den Schooß in reichester Anmuth zu öfnen
1643 2105 2085 2163 Aehnlich der prächtigen Tulpe rc.
1619 2137 2461 2208 Wer das erste Capitel Moses gelesen hat, wird die
1621 2199 2457 2259 Hudemannsche Beschreibung der Schöpfung unmög
1658 2266 2455 2330 Nachdem der H. Geist zuvor aus der Lieblings
1619 2319 2457 2399 säule in Gestalt einer flammenden Taube sich
1639 2397 2452 2480 Werde, du Licht, ruft er, sey mir du Born aller Aumuth will
2128 2461 2251 2504 kommen
1636 2472 2463 2532 O was bezeichnet so würdig als du das Wesen der Gottheit:
1636 2530 2440 2564 O wie so schnell gehorchest du dem dich berufenden Worte?
1641 2560 2444 2626 "Gut ist das, was wir geschaffen". Dieß redt der ewig
2126 2596 2218 2665 Vater
1634 2601 2034 2693 Aus der gebreiteten Hülle rc.
