2479 3213
691 1450 1672 1523 13tes Stück. Freitag, den 14. Februar 1766.
539 1565 936 1642 Königsberg, 1766.
340 1600 703 1698 Wohin? Wohin?
333 1676 862 1764 Auf Ikars wächserm Fittig?
335 1738 881 1828 Macht Raum ihr Wolken
326 1803 949 1886 Bav sucht dythirambische Schwünge.
329 1869 877 1957 Sternenglanz blendet ihn.
320 1936 862 2004 Ungewohnt des Empyreums
341 1991 881 2073 Schnaubt ers wie Niesewurz
325 2049 521 2130 Er fliegt
344 2098 888 2212 Seht wie schlägt ihm der Puls,
342 2177 911 2251 Im Fieber singt er von Famen
345 2240 1158 2322 Sabbath und Jubel, von Mars und Gi=
796 2301 1027 2378 ganten —
326 2350 868 2451 Pindar! O göttlicher Pindar
335 2416 692 2501 Ruft erschrocken Clio
326 2483 1060 2559 Betäubt vom Donnern und Paucken,
328 2537 1177 2632 In Aeonen und Aethergewölben verloren
1181 1549 1902 1615 Was ist dir, Clio, daß du staunst?
1185 1614 1955 1683 Was ist dem Jüngling, daß er jauchzt?
1181 1665 1940 1737 Vernunft und Musen hat er euch entzückt?
1175 1730 1892 1814 Heilger Schauer durchbebt mich
1178 1782 1699 1864 Wer ruft dort vom Helikon?
1191 1856 1757 1935 Jüngling höre, Pindar spricht -
1180 1911 1654 1998 "Weh meinem Antipoden
1187 1976 1696 2062 Kriechen soll er im Staube,
1197 2048 1672 2119 Bis seine Seele genest. rc.
1235 2127 2040 2194 Wir wollen aus Erbarmung über eine Jugend¬
1187 2187 2037 2240 thorheit die Parodie einer Ode nicht fortsetzen, die
1187 2231 2042 2275 wir aus Achtung fürs Publikum nicht abdrucken
1191 2268 2042 2315 lassen, ob sie uns gleich der Autor selbst, mit der
1193 2307 2035 2358 Versicherung, daß in ihr ein pindarischer Ton herr¬
1193 2347 2042 2401 sche, und man sie beym flüchtigen Durchlesen nicht
1198 2391 2042 2451 gnug verstehen könne, zum Einrücken in diese Zeit
1197 2428 2051 2484 tung zugeschickt hat; sondern dem nicht ehrsüchtigen
1202 2482 2045 2532 Verfasser bey seinem vermuthlich ersten metrisirten
1202 2515 2045 2567 Eintritt in die Welt im Ernst sagen, daß solche
1205 2546 2049 2645 Sesquipedalia verba, wie man hier mit besondern
1941 2594 2045 2674 Buch=
