2479 3213
418 392 934 497 Zu tief in deinen Wunden sitzen:
418 469 975 529 Hie lach ich aller Angst und Noth,
418 512 908 559 Es mag Gesetz, Höll oder Tod
412 554 949 608 Auf mich her donnern oder blitzen,
414 586 908 646 Dieweil ich lebte war ich dein,
420 633 949 697 Itzt kann ich keines fremden seyn.
320 655 1162 749 Welch ein göttlicher Trost in dem Liede des Paul
322 723 1154 808 Gerhard, eines sehr würdigen Liederdichters: Be
318 761 712 849 fiehl du deine Wege rc.
463 825 883 891 Er der den Himmel lenkt,
473 870 947 930 Der Wolken, Luft und Winden
471 913 928 972 Giebt Wege, Lauf und Bahn,
469 949 913 1013 Der wird auch Wege finden
465 987 889 1058 Wo dein Fuß gehen kann.
309 1036 1384 1124 Welch ein Bild in einem ganz alten Liede des Pre. lungen 1 fl.
316 1081 657 1164 diger Simon Graff:
1343 405 1796 488 Und wenn mir die Gedanken
1343 471 1725 527 Vergehen, wie ein Licht
1343 518 1832 572 Das hin und her thut wanken,
1339 557 1810 627 Bis ihm die Flamm gebricht;
1339 603 1774 672 Alsdann fein sanft und stille
1339 642 1842 725 Laß HErr mich schlafen ein
1181 691 2026 761 Eine gewisse Härte ausgenommen, kann das Bild
1186 761 2028 812 schöner seyn? — Doch! wir sind in dieser Anzeige
1181 798 2037 851 weitläuftiger, als wir es hätten seyn sollen. Die
1186 842 2037 894 Würkungen welche unsere alte Lieder begleiten, be¬
1188 883 2039 934 stimmen ihren großen Werth fürs Herz. / Man ver=
1188 923 2030 975 suche was die Märkschen Lieder über uns ausrichten
1181 964 2028 1015 werden, und beurtheile sie hieraus, wir wollen
1192 1004 2032 1056 schweigen. Kostet in den Kanterschen Buchhand=
516 1160 953 1254 Berlin, den 27. Febr.
356 1192 1149 1275 Se. Majestät, der König, haben den Herrn von
311 1256 1147 1324 Ingersleben, Obersten und Commandeur des Braun
309 1309 1154 1363 schweigischen Infanterieregiments, die Anwartung auf
316 1346 1156 1416 die Pommerschen Wussowschen Güter, Curow, Güstrow,
309 1388 1149 1437 Pargow, Staffelde, in Gnaden zu ertheilen geruhet.
309 1435 1149 1499 Höchstdieselben haben dem Herrn Christian Benken=
309 1465 1149 1531 vorf, zu Hamburg, das Prädicat als Höchstdero ge¬
307 1501 1160 1570 heimen Commercienrath allergnädigst beygelegt. Am
316 1550 1147 1619 Montage erhielten Ihro Majestät, die Königin, durch
313 1595 1154 1648 einen Courier von Sr. Durchlaucht, dem regieren¬
307 1640 1149 1693 den Herzog von Braunschweig, die höchsterfreuliche
309 1676 1154 1725 Nachricht, daß Ihro Königl. Hoheit, die Gemalin
309 1757 1143 1823 condon am 8ten dieses von einem jungen Prinzer
313 1789 847 1864 glücklich entbunden worden wäre.
345 1819 1149 1902 Se. Majestät, der König haben den Ingenieur
316 1919 1149 1985 Generalinspector von den Königl. Hafens, Teichen,
316 1960 1075 2032 Dammen und Schleussen allergnädigst bestellet.
520 2011 934 2056 Wien, den 8. Febr.
348 2015 1149 2101 Der verstorbene Feldmarschall, Graf von und zu
309 2079 1149 2147 Daun, hat für seine Domestiquen und Arme rühm¬
309 2113 1149 2190 uiche Legata gemacht, übrigens aber seinen hinterlasse=
309 2171 1143 2233 nen enzigen Sohn zum Universalerben eingesetzet.
309 2194 1149 2263 Dieser junge Herr, als gewesener Hauptmann, ist
307 2243 1143 2305 von Ihro Majestät, der Kaiserinkönigin, nunmehro
313 2288 1145 2352 dam Obersten und Proprietaire seines Herrn Vaters
309 2318 1134 2410 gehabten schönen Infanterieregiments ernennet und
309 2363 1141 2429 constituiret worden. Se. Majestät, der Kaiser, ha
307 2403 1143 2472 den den Herrn Generalfeldzeugmeister, Grafen von
309 2444 1145 2516 caset, zum Generalfeldmarschall der Armeen und
313 2480 1145 2561 Drasidenten des Hofkriegesraths, an die Stelle
307 2531 1141 2617 des letztverstorbenen Feldmarschalls, Grafen von
307 2563 768 2668 Daun, zu ernennen geruhet.
1382 1175 1800 1233 Paris, vom 10. Febr.
1211 1207 2024 1269 Die Vestungswerke auf der Insel Bellisle, auch
1177 1258 2028 1316 überhaupt in allen haltbaren Platzen auf der Küste
1179 1301 2030 1369 von Bretagne und an dem Einflusse der Vilaine, wer¬
1177 1339 2024 1395 den merklich verbessert und vermehret. Ob Noth¬
1177 1386 2022 1429 wendigkeit, oder Klugheit und Vorsorge, oder andere
1179 1429 2030 1499 Bewegungsgründe dieses veranlassen, muß die Zeit
1179 1469 1297 1544 lehren.
1386 1491 1810 1563 London, den 7. Febr.
1207 1542 2026 1593 Die Streitigkeiten, welche alle diese Tage über in
1173 1580 2028 1644 den beyden Parlamentshäusern wegen der amerika¬
1177 1631 2028 1680 nischen Sachen vorgefallen sind, und wobey der Erb¬
1177 1674 2030 1719 prinz von Braunschweig wieder ein paarmal einen
309 1715 2022 1761 des Erbprinzen von Braunschweig Durchlaucht, zu Zuhörer im Oberhause abgegeben hat, müssen in der
1171 1753 2024 1800 Folge gewiß viele Merkwürdigkeiten äussern. Es
1173 1789 2028 1842 sind dadurch verschiedene Familien in Uneinigkeit ge¬
1173 1838 2024 1881 rathen, die vorhin in der besten Freundschaft standen.
316 1868 2022 1930 und Architect, Herrn Bourdet, aus Holland, zum Indessen kann man doch auch überhaupt sagen, daß
1173 1913 2024 1964 des Herrn Pitt Meynungen, in Absicht auf die Ame=
1173 1962 2019 2011 rikaner, so wenig im Parlement, als im Königl.
1173 1998 2019 2054 Rathe, Beyfall gefunden haben. Nach der Bewe¬
1173 2034 2024 2092 gung zu urtheilen, welche die Parlementarischen Ent¬
1177 2086 2024 2132 schließungen wegen Amerika verursachen, scheinet ei¬
1171 2120 2022 2173 ne allgemeine Veränderung im Ministerio unver¬
1173 2162 2019 2211 meidlich zu seyn. Selbiges wird, wie man wahr¬
1177 2207 2019 2254 scheinlich behauptet, nicht gänzlich aus den Gliedern
1171 2250 2013 2301 des vorigen bestehen, sondern von solchen Personen
1164 2286 2015 2339 genommen werden, die sich im Parlemente für die
1171 2329 2015 2380 aufrecht zu erhaltende Ehre und Würde der Krone,
1173 2369 2009 2416 und für die Prärogativen des Parlements, erkläret
1173 2408 2009 2457 haben. Man nennet unter andern den Grafen von
1177 2448 2013 2495 Bute, den Grafen Temple, den Lord Lyttleton, Hrn.
1171 2491 2005 2542 Georg Greenville, und mehrere. Weil itzo, da die
1166 2527 2007 2582 Stempfel=Acte fun Amerika schwerlich schlechthin ein=
1164 2572 2013 2655 gezogen werden dürfte, wenige Hofnung vorhanden
