2663 3213
793 418 1664 484 vollkommen gleich zu machen. Indessen wollen
793 480 1659 534 die neuesten Briefe versichern, daß die Gemeinschaft
793 523 1661 570 mit Gibraltar auf der spanischen Seite wieder eröfnet,
793 568 1661 613 und die Besatzung nun wieder allerley Provisionen aus
800 609 1666 658 den anliegenden spanischen Gegenden empfange. Den
797 650 1657 701 17ten versammleten sich einige der angesehensten hiesi=
797 690 1653 746 gen Kaufleute in einem Gasthofe in Cornhill, und
791 733 1649 797 begaben sich von da in Carossen nach Westmünster,
793 774 1659 827 um dem Könige und dem Parlament zu zeigen, wie
806 817 1657 875 höchstangenehm ihnen die Einziehung der Stempfel=
797 855 1649 913 acte gewesen. Während ihrem Aufenthalte daselbst,
793 898 1661 950 wurden zum Zeichen der öffentlichen Freude alle Glo¬
793 941 1659 997 cken gezogen. Nach ihrer Zurückkunft war daselbst
793 980 1659 1040 ein prächtiges Gastmal zubereitet, und des Abends
800 1027 1661 1087 sahe man die mehresten öffentlichen Häuser der Stadt
793 1065 1659 1119 aufs herrlichste erleuchtet. Nach Neujork soll mit
793 1108 1659 1164 dem ehesten gleichfals eine Truppenverstärkung abge¬
797 1151 1655 1203 hen. Mit Gewißheit kann man bestätigen, daß,
800 1190 1657 1248 seit dem 11ten, die Blattern sowol bey dem Prin=
797 1235 1653 1293 zen von Wallis, als bey dem Prinzen Bischose von
800 1273 1657 1329 Osnabrück, recht gut ausgebrochen sind; und stehen
791 1314 1659 1376 dieselben so schön, als man wünschen kann. Der
797 1351 2517 1413 Oberste Robertson, welcher unlängst zum General= wurde, fand sich der Name des Verfassers, Herrn
800 1400 1666 1456 Barakenmeister für Nordamerika bestellet war, ist
800 1443 1657 1494 nun zum Gouverneurlieutenant von Canada, in die
804 1483 1655 1559 Stelle des Gouverneurs Murray, welcher nach Eng¬
793 1528 1434 1593 land zurück kommt, ernennet worden.
1031 1565 1428 1621 Rom, den 8. März.
842 1586 1657 1657 Die Höfe von Madrid und Versailles haben dem
804 1651 1666 1711 sogenannten Prätendenten Prinzen Eduard, den Kö=
800 1691 1659 1747 niglichen Titel gänzlich abgeschlagen. Das heilige
804 1730 1664 1786 Collegium soll seiner Polnischen Maj. alle von dem¬
804 1777 1651 1835 selben verlangte Puncte gewilliget haben, und man
804 1820 1655 1871 will jetzt versichern, daß die von des obgedachten Kö¬
797 1859 1664 1921 nigs Maj. auf die Geistlichen seines Königreichs ge¬
804 1904 1655 1953 legte Taxe in der Abgabe des 10ten Theils ihrer Re¬
793 1944 1651 1996 venuen von den Güthern bestehen soll. Dem Prinzen
800 1987 1657 2047 Abt Poniatowsky, Brudern des Königs soll ein Car¬
804 2026 1252 2094 dinals=Hut bestimmet seyn.
988 2064 1468 2131 Danzig, den 21. März.
836 2099 1657 2169 Am Mittwoche, den 19ten dieses Monats, hielte
797 2159 1657 2219 die hiesige naturforschende Gesellschaft, die verwiche¬
800 2202 1655 2270 nen Jahres schon bestimmte und vor einiger Zeit aufs
793 2242 1659 2292 neue angekündigte öffentliche Versammlung. Sel¬
793 2279 1655 2343 biger wohnten verschiedene Standespersonen so wohl
793 2324 1659 2375 auswärtige als einheimische nebst andern Liebhabern
793 2369 1655 2425 der Gelehrsamkeit bey. Es eröfnete solche der zeitige
793 2410 1659 2457 Herr Director, Hr. Heinrich Wilhelm von Rosen¬
793 2450 1659 2504 berg, Königl. Poln. geheimer Kriegesrath. Der
797 2495 1653 2555 Hr. Doctor Sendel, Professer Ordinarius am hiesi=
793 2536 1649 2594 gen Gymnasio und Mitglied dieser Gesellschaft, hiel
791 2577 1646 2633 te eine Lobrede auf den Durchlauchtigen Fürsten,
795 2618 1653 2686 Herrn Joseph Alexander des Heil. Römischen Reichs
1694 414 2519 510 Fürsten, Jablonowski, Woywoden von Novogro.
1687 482 1831 530 u. s. w.
1736 489 2521 566 Nachdem wurde der Preiß, welcherder hiostrischen
1685 553 2519 620 Aufgabe: könnte man nicht die Ankunft des Lechus in
1694 590 2523 660 Pohlen, in den Jahren zwischen 550 und 560 durch
1685 639 2521 701 glaubwürdigere Zeugnisse gleich alter Schriftsteller,
1689 680 2523 737 oder die kurz nachher gelebet, entweder gründlichen
1685 727 2519 782 wie bisher geschehen, beweisen, oder diese Meynung
1687 763 2517 823 entkräften rc. bestimmet war, für diese Zeit ausgese
1687 804 2517 870 tzet, indem gar zu wenige Abhandlungen über diesen
1685 847 2519 905 be eingelaufen. Es wird demnach allen Liebhabern
1689 888 2517 954 der pohlnischen Geschichte bekannt gemacht, daß über
1689 928 2517 997 diese Aufgabe noch mehrere Abhandlungen bis unn
1687 969 2521 1040 mo Junii werden angenommen und den 19ten Au=
1685 1012 2519 1074 gusti von mehrgedachter Gesellschaft beurtheilt und
1687 1055 2515 1119 mit der Fürstlich Jablonowskischen, Medaille beloh
1942 1104 2512 1170 Unter Preißschriften aus der ge
1687 1108 1923 1164 net werden.
1687 1130 2515 1203 metrischen Classe, über die Aufgabe: Einen und
1679 1188 2515 1248 gänglichen und undurchsichtigen Wald oder Moras
1685 1224 2521 1280 auf die beste Weise auszumessen rc. ward die Ausan
1685 1267 2515 1340 beitung mit der Devise: Sint Mæcenates non desuu
1687 1312 2517 1363 Flacce Marones belohnet. Da der Zettel erbrochen
1689 1387 2517 1460 Andreas Auer, eines Litthauischen Edelmanns und
1681 1434 2517 1494 geschwornen Landmessers des Caunischen Kreisen
1685 1479 2521 1546 Die Schrift mit dem Wahlspruch, Arte & Labore
1685 1516 2519 1582 kam vorhergedachter am nächsten, welcher daher das
1694 1561 2517 1625 Acceßit zu Theil wurde. Die Auflösung der öcode
1694 1597 2517 1653 mischen Aufgabe: Auf was für eine Art kann ein
1689 1642 2506 1709 sterer und starkerer Damm, als sonsten gebräuchl
1685 1681 2512 1741 gewesen, aufgeführet werden rc. so die Aufschei
1689 1728 2508 1788 fuhrte: Exspatiata ruunt per apertos flumina campo
1685 1773 2515 1835 erhielt den Preiß. Der entsiegelte Zettel zeigte der
1687 1807 2512 1886 Herrn Johann Michael Hube, der Stadt Thor
1689 1850 2508 1917 Secretarium als Verfasser. Endlich beschloß de
1685 1891 2515 1962 Herr Director diese Versammlung mit einer histor.
1694 1934 2517 2000 schen Abhandlung von Nothmünzen, und besonder=
1685 1985 2508 2058 derjenigen, welche 1577 die Stadt Danzig schlag=
1689 2026 1796 2101 lassen.
1846 2041 2373 2118 Königsberg, den 9. April.
1721 2084 2508 2174 Dieser Tegen ist ein Spanischer Stallmeister n
1687 2127 2461 2208 16 Stück spanischer Hengste, welcher von Sr.
1685 2187 2512 2238 tholischen Maj. der Rußischen Monarchin zun
1694 2238 2487 2309 Präsent überschickt werden, allhier eingetroffen.
1694 2264 2517 2343 Wechsel-Cours & Species d. 10. April 1766.
1683 2330 2144 2410 Amsterdam 41 Tage 310 gr.
2195 2339 2472 2412 71 Tage 3081gr.
1685 2380 2056 2442 Hamburg 3 W. 131 gr.
2135 2373 2386 2442 6 W. 130gr.
1681 2416 1792 2467 Berlin
2088 2414 2422 2480 Dantzig 29 pr. Cto.
2154 2452 2515 2519 Alberts Taler 1362 8
1676 2450 2069 2534 Ducaten neue 9 fl. 6 gr.
2084 2500 2512 2566 Alt Polnisch Geld 13 pr. Cto
1681 2502 1927 2566 Rubel 117gr.
1679 2527 2515 2600 Diese Gelehrte und Politische Zeitung wird des Montag=
1721 2590 2491 2641 und des Freytags Vormittags um 10 Uhr in der=
1824 2635 2397 2701 Kanterschen Buchladen ausgegeben.
