2663 3213
619 444 1476 535 gelernt zu haben, wenn man auch dieses Handbuch
628 526 1484 572 auswendig lernt — das Exerciren ist ein Handwerk,
630 561 1480 613 und doch muß man mehr als das Reglement herbe¬
634 602 1484 658 ten können. Kostet in den Kanterschen Buchhand=
628 649 977 718 lungen 1 fl. 15 gr.
777 790 1342 876 Quedlinburg und Leipzig.
671 850 1482 919 Biesterfeld hat auf 272 S. in 8. in diesem Jahr
632 900 2354 960 verlegt: Grundriß des Lebens und der Thaten Jesu Jesum als einen Propheten vorzustellen, beylegen,
628 947 1482 999 des Heilandes der Welt, von Friedrich Eberhard
628 988 1482 1059 Boysen, Consist. Oberhosprediger und des Gymnasii
628 1038 1081 1090 zu Quedlinburg Inspektor.
662 1059 1491 1137 Der hochwürdige Herr V. fängt mit dieser Schrift
630 1115 1484 1174 an, einen Commentar über Herrn D. Büschings
634 1161 1484 1215 Grundriß des Lebens Jesu zu schreiben. Der ge¬
630 1208 1484 1262 gegenwärtige erste Theil enthält überhaupt neun Ca¬
634 1243 1484 1301 pitel, worin von dem Lande, in dem Jesus gelebt
628 1286 1482 1342 hat, einige bekannte Nachrichten wiederholt werden:
639 1325 1478 1385 so dann bewiesen wird, daß Jesus nicht nur wirklich
628 1379 1480 1428 gelebt habe, sondern auch wahrer Gott sey. Ferner
628 1398 2350 1463 wird von seiner Zukunft ins Fleisch: von seiner Ge= gar, um seine Ehrlichkeit und Gerechtigkeit zu er¬
632 1452 1478 1508 burt: von den nächsten Folgen derselben: von der
628 1491 1478 1545 Kindheit Jesu: von seiner Anschickung zum Lehram
628 1534 1478 1588 te und allen dahin einschlagenden Umständen der bib¬
632 1577 1476 1631 lischen Geschichte gehandelt, und endlich beschließ
628 1614 1478 1672 der Herr V. mit allgemeinen Betrachtungen über
628 1644 2358 1709 das Lehramt Jesu. Da es nicht wohl möglich ist, es angegeben. Die Weisen aus Morgenland ver¬
634 1698 1484 1754 daß über solche Gegenstände, als diese sind, von de¬
624 1724 2360 1793 nen schon so viele weitläuftige Bücher geschrieben bische Leute schilt, sehr gründlich. — Die philologi¬
634 1782 1484 1834 worden, immer was neues gesagt werden kann; und
634 1825 1484 1877 überdem die Absicht des Herrn V. auch offenbar auf
632 1849 2358 1916 die Erbauung gezielt hat: so wollen wir nur einige chen Ausdruck, daß es eine Krippe und nicht wie
632 1948 1484 2002 dig scheinen. S. 18 wird gesagt: die vier Evange¬
639 2032 1484 2082 ein jeder für sich eine besondre Absicht gehabt. Mat
634 2071 1484 2127 thäus stelle JEsum als den versprochnen König,
645 2198 1484 2248 Sohn Gottes vor. Dies letzte geben wir zu. Jo¬
645 2235 1484 2300 hannes wolte besonders die Irrthümer des Cerin¬
639 2276 1484 2334 thus wider die Gottheit Jesu bekämpfen, und häufet
632 2321 1484 2378 daher die Zeugnisse für dieselbe gar reichlich. Was
634 2365 1484 2412 aber die andern Evangelisten betrift: so möchten wir
641 2401 1484 2462 sehen, wie der Herr V. seine Meynung von ihrer
632 2440 2358 2505 historischen Absicht auch nur hypothetisch erweisen ne Gewohnheit des Heilandes, oder ein solches be¬
632 2490 1476 2542 wolte. Die meisten Geschichten Jesu, die der ein
632 2529 2356 2574 Evangelist erzahlt, erzahlt ja auch der andre. Mit= kann es wohl nicht gewesen seyn; theils weil Chri¬
632 2565 2352 2621 hin haben sie alle einerley Absicht. Was ist denn im stus damals zum erstenmal von seinen Eltern aufs
630 2606 2358 2695 Lucas vorzüglicheres, das auf das Hohepriesterthum Osterfest genommen wurde, und die theologische
1504 444 2358 524 Christi gehet, welches man nicht auch im Matthaus
1504 518 2356 572 finden solte? Wäre es wahr, daß Marcus haupt=
1504 559 2367 608 sachlich das prophetische Amt Christi erlautern wolte:
1504 598 2356 652 so müste er die meiste Reden und Predigten Jesu,
1497 641 2358 693 als Beweise jenes Amts angeführt haben Aber
1497 684 2352 731 dies finden wir nicht. Er hat nicht einmal die Berg¬
1508 723 2358 775 predigt Christi beschrieben, welche doch das größte
1497 777 2354 826 Meisterstück seiner prophetischen Lehr=Salbung war.
1504 807 2356 859 Im Gegentheil steht sie im Matthäus, und man
1504 852 2356 902 könnte also diesem mit eben dem Recht die Absicht,
1504 932 2356 980 als ihm Herr Boysen die Erläuterung des königlichen
1504 973 2354 1027 Amts zueignet. Der Herr V. wird uns diesen Ein=
1493 1016 2354 1068 wurf wider seinen gutgemeinten, aber etwas unreifen
1508 1057 2358 1105 Gedanken vergeben. Wir geben nur dadurch Anlaß,
1504 1105 1890 1156 ihn weiter zu prúfen. -
2000 1096 2354 1150 Was er aber für die
1508 1139 2352 1189 Authenticitat des Zeugnisses Josephi von Christo an=
1508 1180 2358 1234 führt, halten wir für gründlich, aber doch für die
1508 1219 2352 1275 Erbauung viel zu gelehrt und weitläuftig; eben dies
1497 1264 2352 1316 müssen wir auch davon sagen, daß er S. 92 und 109
1508 1305 2352 1357 über den Carakter Josephs des Pflegevaters Christi,
1497 1355 2354 1411 so viel weit hergeholte Anmerkungen macht; und so
1504 1428 2358 1482 weisen, den Baron Wolf citirt, und aus Liebe
1497 1471 2352 1519 erläutert, und auf den Joseph anwendet. Von dem
1504 1512 2356 1564 Geburtsjahr Christi glaubt er, daß es zwey Jahre
1502 1556 2352 1614 eher anzusetzen sey, als Dionysius Exiguus,
1497 1594 2358 1657 und Beda, die doch am genauesten gerechnet haben,
1502 1679 2358 1732 theidigt er wider Herrn Damm, der sie abergläu¬
1512 1758 2354 1825 sche Anmerkungen über das Wort Qosvy Luc. 2, 7.
1510 1812 2362 1873 sind zahlreich. Herr B. bleibt bey dem gewöhnli¬
639 1896 2356 1963 Punkte berühren, die uns noch einer Anzeige wür¬ Heumann wil, eine Wiege, oder ein Kästchen ge¬
1504 1942 2358 1994 wesen; weil sonst der Engel v. 12. die Hirten nicht
641 1978 2362 2039 listen hätten bey der Beschreibung des Lebens Jesu so zurersichtlich auf die Krippe, als ein ihnen bekann¬
1504 2026 2356 2076 tes Behältniß der Herberge verwiesen hätte. S.
1504 2065 2358 2127 214. u. f wird der bethlehemitische Kindermord,
639 2104 2356 2166 Markus als den großen Propheten, Lucas als einen auch wider den Einwurf, daß Josephus desselben
641 2149 2356 2209 Hohenpriester, und Johannes als den eingehornen nicht gedenke, gut behauptet; und es wird wahr¬
1510 2186 2356 2246 scheinlich gemacht, daß einige Stellen in dieser Ge¬
1512 2233 2356 2289 schichte nicht undeutlich auf jenen Kindermord gezo¬
1508 2274 2365 2332 gen werden können Die Hypothese S. 236, daß
1508 2315 2358 2369 Jesus in seiner Kindheit besonders im zwölften
1504 2360 2358 2412 Jahr, die Beth=Midrasch, oder theologische Schule
1504 2401 2356 2447 besucht habe, verdiente näher geprüft zu werden. Ei¬
1512 2483 2356 2535 ständiges und zum Lernen abgezwecktes Schulgehen
2203 2654 2356 2723 Schulen,
