2663 3213
714 519 1561 564 Sitz und Stimme wieder zu verschaffen. Zu der
709 558 1568 606 Erfindung so mannigfaltiger Verschönerungen, meynt
705 601 1561 649 er, und zu einer glücklichen Verbindung derselben
707 636 1559 690 mit dem Wahren gehört eben so viel Erdichtung,
707 681 1561 729 als zu einem epischen Gedicht: sonst möste Shakespear
716 809 1559 854 Shakespear nicht eben der Antigode der Lehrdichter?
716 891 1557 936 rie des Himmels denn ein Gedicht, weil sie beyde
703 928 1568 984 Einbildungskraft haben: ist Leibnitzens Monaden=
694 1055 1419 1107 weil es bey dem Lehrgedicht alles aufs —
707 1259 1548 1304 scheinliche Hypothese vor, auf die ein didaktisches
701 1302 1992 1369 Wahre gebauet würde: wie z. E. Wielands Briefe Rom besonders nennen.
701 1339 1555 1386 der Verstorbenen. Nichts neues! denn die Poesie
690 1388 1553 1432 baut nicht einen Tempel des Wahren auf; und
692 1423 1546 1470 bey seinem Gebäude frägt sich immer: sind einzeln¬
696 1464 1551 1514 Gedanken, oder Bilder poetisch? das heißt sind
694 1505 1551 1555 Stücke draus Poesie? — wo nicht, so wird Allego¬
692 1551 1544 1592 rie draus, und eine dogmatische Allegorie ein langes
694 1585 1546 1635 Lehrgedicht durch, ist nicht für jeden. — Der Ver¬
698 1628 1546 1672 fasser ist also noch weniger mit Warton eins, der
705 1667 1540 1719 zum Kennzeichen der Poesie es macht, daß man auch
698 1713 1544 1754 ohne Versmaaß disjecti membra poëtae finden
692 1795 1546 1842 auf des Engländers Seite übergehen. Freilich hört
692 1836 1544 1888 es denn auf, Gedicht zu seyn; wenn man liest:
701 1875 1546 1925 Bebt, schwache Sterbliche, und wünscht
701 1918 1542 1966 mit feigen Thränen rc. aber wer kann sich
701 1996 1544 2048 nig zur Sache, und nichts zur Entscheidung ange¬
694 2039 1540 2085 bracht: ob es uns gleich ein Hauptsehepunkt scheint,
701 2082 1538 2130 die Alten durchs Bildervolle, die Neuen durchs
694 2121 1538 2175 Lehrende zu karakterisiren — Der 4te Brief re
701 2158 1542 2217 det von der Einkleidung der Lehrgedichte; gnug von
705 2204 1546 2255 ihm! Mehr Eigenes sagt er von der Verschöne¬
692 2286 1535 2338 rung und den Ausdruck viel kleine Anmerkungen,
692 2372 1538 2426 beynahe etwas zu gut sind. Der Autor ist durch¬
694 2405 1535 2467 aus keiner von den kritischen Geistern, bey denen ein
692 2457 1538 2506 Gedanke siebenfach und ein Blick des Auges ein sie¬
686 2493 1531 2545 benfarbigter Sonnenstral ist: indessen bestrebt er
698 2537 1531 2582 sich auch mehr, als nachzusagen. Dem ganzen
683 2569 1773 2647 Werk in allen 3 Theilen (denn hier wird uns noch lungen 2 fl.
703 428 2439 510 chen. — Hier bestrebt sich also der Verfasser, der ein Theil versprochen) scheint der Plan zum Gan¬
714 474 2431 538 selbst ein Lehrdichter ist, den dogmatischen Dichtern zen, und der Strich der Meisterhand zu fehlen, der
1581 532 2435 586 vollkommen trift, und ein vollkommnes Auge will.
1587 562 2433 627 Bilden können diese Briefe unmöglich den Ge¬
1583 606 2435 666 schmack, aber wohl ihn hie und da feilen — Die
1585 649 2439 714 Gedichte die hierauf nach der Manter des ersten
1583 690 2446 746 Theils zergliedert werden, sind: Ogilvies allego¬
707 735 2433 798 ohnstreitig zum Banisenschreiber eine armselige Fi= risches Gedicht von der Vorsehung, Priors Salo¬
714 768 2437 833 gur machen. "Hier verstehen wir wenig: ist denn mon, Grangers Zuckerrohr, Racine von der
1581 813 2435 869 Religion, Akenside Vergnügen der Einbildungs¬
707 856 2433 910 oder ist Whistons Theorie der Erde und Kants Theo= kraft, Lucrez Natur der Dinge, Polignacs
1579 895 2433 954 Antilucrez, Browne Unsterblichkeit der Seele und
1585 936 2433 997 Youngs Nachtgedanken: — lauter Beyträge zu
703 962 2433 1042 welt ein Gedicht, da sie Erdichtungskraft fodert? Er unsern kritischen Zeiten, unschuldige Beyträge, die
705 1019 2433 1081 fodert vom Lehrdichter, wie er meynt, große Talente, nie den Geschmack des Jahrhunderts und der Na¬
1445 1062 2431 1122 kolorit tion bilden, oder umbilden können. Dörfen wir
696 1105 2428 1168 ankommt. Nun denn! so ist Titian dem Raphael vom Verfasser dieser Briefe etwas fordern: so sey
698 1148 2428 1207 gleich, oder er sagt nichts zur Sache — Um in das es, eine Uebersetzung, aber eine Ebertsche Ueberse¬
705 1183 2424 1250 Ganze des Lehrgedichts, nicht bloß in die Episoden tzung von seines gelobten und liebenswürdigen
705 1217 2424 1289 Fiktion zu bringen, schlägt er zum Thema eine wahr: Dyers Lehrgedichten, darunter wir die Wolle,
1579 1269 2424 1328 seinen Grongarshügel, und Ruinen von
2046 1317 2428 1393 Kostet in den Kanter=
1576 1347 2182 1442 schen Buchhandlungen 1 fl. 15 gr.
1836 1475 2156 1576 Bremen 1765.
1607 1538 2418 1633 D. Nic. Nonnen Einleitung in die moralische
1576 1607 2212 1676 Weltweisheit in Frag= und Antworten.
1609 1667 2422 1726 Wir wollen diesen mit lateinschen und griechschen
1563 1715 2422 1775 Wörtern gespickten Catechismus in Ehren lassen.
692 1745 2416 1808 müsse: und wir würden doch mit zehn Gründen Der Himmel segne die gute fromme Absicht des sehr
1572 1804 2416 1853 undeutschen Verfassers. Wir zweifeln nicht daß die
1572 1838 2418 1890 Primaner und Sekundaner des Bremischen Päda¬
1570 1890 2413 1940 gogii mit dieser jugendlichen Sittenlehre die ge¬
1570 1918 2383 1977 wöhnliche Examen=Charlatanerie treiben werden¬
696 1959 2416 2022 helfen. — Kurz wir finden von dem Verfasser we¬ und fürchten wir daß sie bloß auswendig werden
1561 2000 2418 2057 wird. Die meisten Schullehrer sind zufrieden wenn
1570 2046 2409 2098 die Kinder die Antworten fertig recitiren, und den
1568 2085 2411 2145 ken nicht über jede Frage so lange andre anzustellen,
1568 2128 2416 2184 bis man sie begreift. Herr Nonne hätte gewiß bes¬
1563 2167 2418 2223 sere Mittel gewählt wenn er die Beschaffenheit des
1563 2212 2418 2266 Bodens auf den er seinen moralischen Saamen streuet
694 2249 2413 2307 rung der Gedichte durch die Form, Verzie= besser bedacht, und sich nicht durch eignen Rektorei¬
1563 2292 2409 2346 fer und hochansehnliche Veranlassung hätte
701 2333 2416 2390 die zu prüfen zu geringe, und übergangen zu werden verleiten lassen. Die Eintheilung des Werkes ist
1557 2372 2403 2437 die gewöhnliche, hin und wieder sindt man daß der
1563 2418 2405 2476 Philosoph auch Pastor primarius ist, er hat zugleich
1561 2465 2405 2521 erbauen und philosophiren wollen — Schade daß
1559 2498 2409 2556 ihm seine Veranlasser nicht zugerufen haben: ne
1559 2547 2403 2632 quid nimis? Kostet in den Kanterschen Buchhand=
