2479 3213
743 1492 1688 1561 26tes Stück. Montag, den 31. Merz 1766.
446 1609 1115 1686 Samniel und Abadonna.
638 1667 935 1739 Ein Geistergespräch.
643 1792 923 1873 Samniel. *
360 1838 1211 1928 Was war unserm Abgrunde, daß er krachte?
360 1897 1216 1955 Abadonna! du weissest es vielleicht. Hörte ich
360 1941 1211 2012 doch, daß die eherne Pforten der Hölle, als wenn
369 1989 1058 2055 Eloa Gericht hält, schrecklich einstürzten!
665 2068 914 2132 Abadonna.
403 2116 1218 2185 Unglücklicher! so weißt du noch nicht den Un¬
372 2164 1211 2230 stern, der uns bebend macht, noch nicht unser gan¬
743 2217 1225 2274 Ach! noch ehe die Morgen¬
374 2217 599 2281 zes Unglück?
367 2254 1219 2334 rothe auf ihrem prächtigen Wagen die Menschen¬
365 2302 568 2380 welt küßte
415 2399 1223 2480 Man hoft, daß die Gottesgelehrten, die fromme Absicht nicht
420 2456 1226 2497 radeln werden, daß man hier die gewöhnliche Lehre von der
425 2492 1223 2533 Hollenfahrt des Erlösers, als ein Stück einer biblischen
425 2526 1228 2567 Epopee geschildert hat. Dem unsterblichen Klopstock, wird
422 2560 1228 2600 es, wenn er noch einst den zwoten Theil der Meßiade sin¬
429 2595 1228 2634 gen sollte, wohl nicht entfliehen, was für einen guten Stoff
425 2629 1231 2686 diese Lehre, zu einer begeisterten und gedankenvollen Fiktion
425 2667 1230 2732 darreicht. Dergleichen Gesinnungen, als man hier denen
1223 1578 2094 1648 Nacht — — hörten wir von denen Klaftertiefen
1230 1634 2096 1684 Gräbern her, seitwerts, ein zehnfach dumpfes Ge¬
1230 1672 2096 1734 witter, majestätisch zwar, doch zugleich sanft, als
1226 1718 2092 1765 wenn eines Siegers bepalmtes Volk den kommen¬
1226 1753 2094 1825 den Frieden aus freudigem Geschütz bewillkommt
1561 1850 1775 1928 Samniel.
1274 1914 2094 1991 Und Satan war da? Wie? und er weissagte
1233 1965 2092 2036 nicht gleich fremden Sieg und seine Verwüstung?
1242 2008 2094 2073 Ach Abadonna! was ists, das mir jetzt ein dunk¬
1238 2048 2092 2116 ler Gedanke verkündigt? Sage es mir! Schöpfe
1245 2096 2001 2173 den Gedanken ganz aus? War etwa=-
1542 2156 1785 2236 Abgdonna.
1283 2209 2099 2302 Noch taumelte Satan in gedankenloser Trun¬
727 2281 2106 2367 denn unsre Welt ist ewig kenheit mit zehn Legionen seiner Kettenträger um
1298 2367 2101 2461 Geistern in den Mund legt, lassen sich, als wahrscheinlich
1303 2434 2104 2494 sehr wohl schliessen, wenn sie auch nur überhaupt von der
1298 2464 2101 2535 Auferstehung des Mittlers gehört haben. Eins müssen wir
1303 2506 2106 2562 noch sagen, daß Samniel in der jüdischen Theologie der
1302 2535 2111 2591 Engel des Todes war. Man hielte ihn für einen bösen
1303 2569 2106 2624 Geist, und malte ihn mit einem vergifteten Schwerdt. Der
1297 2605 1866 2687 Karakter des Abadonna ist schon bekannt.
