2663 3213
746 407 1616 471 erschollen, und sie ist von hier aus, durch Expressen,
753 471 1622 523 den vornehmsten Handelsplätzen in Großbritannien
755 512 1317 583 und Jrrland mitgetheilet worden.
938 544 1431 607 Warschau, den 6. März.
755 643 2485 682 immer möglich in seinen Staaten zu befördern, ist Kayserl. Maj. die nachstehende gnädige Antwort an
762 678 1622 723 der sehnlichste Wunsch Sr. Maj. des Königes un¬
768 721 1622 768 sers allergnädigsten Herrn. Sie unterlassen nicht
762 759 1620 811 der adelichen Jugend theils Mittel darzubieten, wo=
757 802 1618 852 durch sie in Geschicklichkeit zunehmen kan, theils las=
768 845 1622 895 sen sie es an Aufmunterungen derselben hiezu nicht
762 886 1631 940 ermangeln. Aus diesem Grunde also des allgemei¬
757 927 1626 983 nen Besten haben Sr. Maj. nebst den Durchl. Prin=
757 970 1622 1020 zen von Dero Geblüt, geruhet, die jungen Herren
764 1007 1618 1061 von Adel, welche bey den hiesigen E. E. V. V. von
757 1056 1616 1099 der Gesellschaft JEsu den Wissenschaften obliegen,
757 1097 1622 1142 mit Dero höchsten Gegenwart in der abgewichenen
768 1138 1626 1183 Woche zu beehren, auch den Proben ihrer Geschick¬
762 1172 1631 1228 lichkeit, welche sie daselbst in dem großen Hörsal ab¬
768 1218 1618 1267 legten, beyzuwohnen, bey welcher Gelegenheit Se.
768 1261 1631 1317 Maj. selbst Fragen aufzugeben, und über deren Be¬
764 1304 1624 1349 antwortung Dero allerhöchstes Wohlgefallen zu be¬
768 1347 1628 1398 zeigen, hiedurch aber gedachte Jugend zu ferneren
772 1388 1622 1437 Fleiß aufzumuntern, die Gnade gehabt haben. Die
772 1424 1631 1476 Königl. Assessorialgerichte sowol die für die Krone
772 1469 1622 1519 Polen als auch die für das Großherzogthum Litthauen,
768 1512 1626 1566 sind in den letzten vier auf einander folgenden Mo=
768 1551 1622 1607 naten mit allem ersinnlichen Eiser und zum allgemei=
770 1596 1622 1652 nen Vergnügen aller Rechtsbedürftigen Personen un=
770 1639 2487 1693 unterbrochen fortgesetzet, nunmehro aber mit dem gleitet: "Ich empfange mit Zartlichkeit die ersten¬
764 1678 1622 1725 letzten Februarii bis zur nächstkünftigen Cadenz, im
772 1725 2487 1768 Maymonat, ausgestellet worden. Am Dienstage als "Meine Affection für das Haus, in welches Sie ein
768 1764 1626 1811 dem Casimirustage, Namensfest Sr. Durchl. des
764 1803 1622 1859 Fürst Kronkammerherrn Poniatowski, Bruders Sr.
770 1841 1624 1893 Maj. des Königes, war Galla hieselbst, und des
777 1882 1631 1940 Fürst Großkanzlers von Litthauen Czartoryski Durchl.
772 1925 1631 1981 gaben diesem Herrn zu Ehren ein großes Gastmal
779 1971 1626 2022 auf den Mittag, und Abends wurde eine neue polnische
777 2014 1624 2065 Comödie: die Heyrath nach dem Calender, auf der
770 2050 1631 2106 gewöhnlichen Schaubühne aufgeführet. Der von
772 2091 1631 2151 Sr. Maj. dem Könige von Preussen nach Constan=
770 2140 1622 2184 tinopel abgeschickte Gesandte, der Hr. Major von
768 2179 1622 2231 Zegelin, ist bereits Zaleßczycz, eine Erbstadt, Sr.
772 2222 1631 2274 Maj des Königes, unsers allergnädigsten Herrn, an
777 2265 1626 2310 der Türkischen Grenze, paßiret, und daselbst mit der
772 2308 1620 2353 höchsten Gastfreyheit aufgenommen und weiter zu
764 2343 1628 2399 Verförderung seiner Reise fortgeschaffet worden. Auch
772 2390 1624 2437 ist der Hr. Alexandrowicz, Gesandter des Königs
772 2433 1755 2478 und der Republik, mit dem Auftrage die Thronbestei= Berlin
772 2476 1622 2526 gung und Regierung Sr. Maj. des Königes zu mel
772 2517 1624 2566 den, bereits unterwegens nach Constantinopel. Der
772 2562 1620 2612 Hr. von Boskampf ist auch nebst dem Dollmetscher
772 2607 1624 2676 Gutta wieder von hier nach Constantinopel abge¬
762 2633 912 2717 gangen.
1839 417 2287 484 Mitau, den 16. Febr.
1672 445 2487 516 Nachdem unser Durchl. Erbprinz seine Zurückkunft
1635 514 2485 566 in hiesiger Stadt, und seine Vermählung mit der Prin=
1639 555 2487 607 zeßin von Waldeck Durchl. der Rußischen Monarchin
802 577 2483 643 Die Ausbreitung der Wissenschaften; so viel als durch ein Schreiben bekannt gemacht, so haben Ihro
1646 684 2478 749 höchstgedachten Prinzen, welcher dieselbe den 10ten
1641 725 2341 796 vorigen Monats hier empfing, abgelassen:
1788 766 2054 824 Herr Erbprinz,
1680 785 2487 867 "Durch das Schreiben, welches Sie mir am letzt
1654 845 2487 895 "verwichenen 16ten December haben zukommen las=
1667 893 2483 940 sen, melden Sie mir Ihre und Ihrer Gemahlin
1663 936 2483 983 glückliche Ankunft bey dem Herzog, Jhrem Vater.
1669 979 2485 1022 Ihre getroffene Vermählung stimmet mit meinen
1656 1015 2483 1067 Gesinnungen für das Wohl Ihres Hauses zu wohl
1656 1056 2483 1108 überein, als, daß ich darüber nicht ein wahres Ver¬
1667 1099 2483 1149 gnügen empfinden sollte. Empfangen Sie meine
1656 1138 2487 1185 Felicitationen über diesen Vorgang, und meine Wün=
1661 1183 2483 1231 sche, daß Sie in dieser Vereinigung die Quelle
1654 1226 2483 1267 "eines steten und unveränderlichen Glückes finden
1656 1265 2478 1310 "mögen. Sie werden Gelegenheit bekommen, Sich
1654 1308 2483 1377 "von isem Antheil, den ich daran nehme, durch die
1661 1349 2487 1416 Mertmale zu überzeugen, die ich Ihnen fernerhin
1654 1385 2491 1459 "von meiner Wohlgewogenheit geben werde. Ich
1656 1428 2478 1502 "bitte übrigens GOtt, daß er Sie, Herr Erbprinz, i
1663 1480 2478 1547 seine heilige und würdige Obhut nehme. Ihr
1656 1512 1949 1575 wohi affectionirte
2134 1519 2321 1577 Catharina.
1687 1558 2487 1622 Diese vorstehende Antwort war mit einer andern
1646 1601 2483 1646 an die Frau Erbprinzeßin folgenden Einhalts be¬
1663 1689 2483 1730 Merkzeichen Ihrer Ergebenheit für meine Person¬
1654 1762 2487 1835 "getreten sind, wird beständig seyn. Ihre Vereini
1663 1816 2478 1861 gung mit dem Prinzen, der einst das Haupt dessel
1663 1857 2478 1900 ’ben werden soll, muß verursachen, daß Sie Thei
1663 1895 2478 1940 'daran nehmen; Ihr persönliches Verdienst abel
1663 1936 2478 1983 giebt Jhnen darzu besondere Rechte, deren Sie ge
1663 1983 2478 2042 niessen zu lassen, ich mir ein Vergnügen machen
1661 2018 2472 2067 werde. Sie können versichert seyn, daß Sie mid
1656 2057 2476 2134 immer bereitwillig finden werde, Jhnen den Antheil
1652 2100 2467 2160 "den ich an Ihrem Wohl nehme, zu beweisen. Di
1663 2149 2472 2196 'ich übrigens den Höchsten bitte, daß er Sie, Fra=
1654 2184 2461 2248 "Erbprinzeßin, in seine heilige und würdige Obhi
1661 2235 2457 2287 'nehmen wolle. Ihre wohl affectionirte Catharina
1646 2304 2470 2379 Wechsel-Cours & Species d. 20. Märtz 1760
1648 2345 2427 2416 Amsterdam 41 Tage 308gr. 71 Tage 306½ gr.
1644 2392 2031 2465 Hamburg 3 W. 1301gr.
2076 2394 2336 2457 6 W. 130 gr.
2042 2435 2377 2513 Dantzig 28 pr. Cto.
1648 2452 2046 2536 Ducaten neue 9 fl. 5 gr.
2123 2474 2470 2543 Alberts Taler 138 gr.
1646 2517 1887 2575 Rubel 116gr.
2009 2506 2472 2582 Alt Folnisch Geld 145 pr. Cto
1639 2551 2472 2633 Diese Gelehrte und Politische Zeitung wird des Montag
1680 2627 2455 2689 und des Freytags Vormittags um 10 Uhr in dem
1777 2661 2338 2730 Kanterschen Buchladen ausgegeben.
