<?xml version="1.0" encoding="UTF-8" standalone="yes"?>
<PcGts xmlns="http://schema.primaresearch.org/PAGE/gts/pagecontent/2013-07-15" xmlns:xsi="http://www.w3.org/2001/XMLSchema-instance" xsi:schemaLocation="http://schema.primaresearch.org/PAGE/gts/pagecontent/2013-07-15 http://schema.primaresearch.org/PAGE/gts/pagecontent/2013-07-15/pagecontent.xsd">
    <Metadata>
        <Creator>prov=READ-COOP:name=PyLaia@TranskribusPlatform:version=2.15.0:model_id=39995:lm=none:date=29_07_2024_15:48</Creator>
        <Created>2024-07-29T11:05:48.716+02:00</Created>
        <LastChange>2024-07-29T15:48:35.826+02:00</LastChange>
        <TranskribusMetadata docId="3474711" pageId="75757096" pageNr="1" tsid="179938215" status="IN_PROGRESS" userId="222699" imgUrl="https://files.transkribus.eu/Get?id=JOICKZQRKNZQYWVXVLASPBCA&amp;fileType=view" xmlUrl="https://files.transkribus.eu/Get?id=FQJUJRHUNGULTGNUCWPWOBKA" imageId="61488983"/>
    </Metadata>
    <Page imageFilename="75757096.jpg" imageWidth="2479" imageHeight="3213">
        <ReadingOrder>
            <OrderedGroup id="ro_1722260915827" caption="Regions reading order">
                <RegionRefIndexed index="0" regionRef="r"/>
                <RegionRefIndexed index="1" regionRef="r_36"/>
                <RegionRefIndexed index="2" regionRef="r_37"/>
            </OrderedGroup>
        </ReadingOrder>
        <TextRegion id="r" custom="readingOrder {index:0;}">
            <Coords points="746,1455 1671,1436 1674,1511 746,1530"/>
            <TextLine id="r_tl_1" custom="readingOrder {index:0;}">
                <Coords points="1215,1514 1274,1500 1327,1517 1453,1512 1485,1495 1519,1510 1634,1508 1637,1434 1217,1439"/>
                <Baseline points="1227,1493 1236,1493 1281,1493 1325,1493 1370,1490 1415,1487 1460,1487 1504,1487 1549,1484 1594,1484 1639,1484"/>
                <TextEquiv>
                    <Unicode>den 7. Merz 1766.</Unicode>
                </TextEquiv>
            </TextLine>
            <TextLine id="r_tl_2" custom="readingOrder {index:1;}">
                <Coords points="731,1525 840,1508 958,1519 1024,1495 1057,1519 1114,1504 1194,1512 1194,1462 1055,1449 731,1460"/>
                <Baseline points="743,1510 752,1507 797,1504 842,1504 886,1501 931,1501 976,1501 1021,1501 1066,1501 1110,1499 1155,1499 1200,1501"/>
                <TextEquiv>
                    <Unicode>19tes Stück. Freitag,</Unicode>
                </TextEquiv>
            </TextLine>
            <TextEquiv>
                <Unicode></Unicode>
            </TextEquiv>
        </TextRegion>
        <TextRegion id="r_36" custom="readingOrder {index:1;}">
            <Coords points="325,1554 1193,1541 1193,2625 325,2625"/>
            <TextLine id="r_36_tl_1" custom="readingOrder {index:0;}">
                <Coords points="529,1622 971,1622 971,1561 939,1567 895,1546 672,1567 567,1550 529,1565"/>
                <Baseline points="540,1600 585,1600 630,1597 674,1597 719,1600 764,1597 809,1597 854,1597 898,1597 943,1594 976,1600"/>
                <TextEquiv>
                    <Unicode>Altona und Leipzig.</Unicode>
                </TextEquiv>
            </TextLine>
            <TextLine id="r_36_tl_2" custom="readingOrder {index:1;}">
                <Coords points="392,1670 1173,1653 1173,1618 1114,1609 392,1624"/>
                <Baseline points="403,1645 447,1651 492,1654 537,1657 582,1660 627,1660 671,1657 716,1657 761,1657 806,1657 851,1654 895,1654 940,1654 985,1654 1030,1651 1074,1651 1119,1648 1164,1648 1179,1651"/>
                <TextEquiv>
                    <Unicode>Bey David Iversen sind herausgekommen:</Unicode>
                </TextEquiv>
            </TextLine>
            <TextLine id="r_36_tl_3" custom="readingOrder {index:2;}">
                <Coords points="358,1719 1167,1700 1167,1651 668,1677 358,1656"/>
                <Baseline points="370,1693 412,1696 456,1699 501,1699 546,1702 591,1702 636,1702 680,1702 725,1699 770,1699 815,1699 859,1699 904,1696 949,1699 994,1696 1039,1696 1083,1693 1128,1690 1173,1690"/>
                <TextEquiv>
                    <Unicode>Marks Versuche in heiligen Liedern, gr. 8. 1766</Unicode>
                </TextEquiv>
            </TextLine>
            <TextLine id="r_36_tl_4" custom="readingOrder {index:3;}">
                <Coords points="350,2007 375,2020 390,2016 402,2028 444,2018 478,2039 497,2026 552,2037 586,2033 581,1976 533,1971 518,1978 487,1969 463,1980 423,1969 409,1978 348,1969"/>
                <Baseline points="361,2000 406,2003 450,2006 495,2006 540,2009 585,2015 588,2015"/>
                <TextEquiv>
                    <Unicode>empfinden läßt, ,</Unicode>
                </TextEquiv>
            </TextLine>
            <TextLine id="r_36_tl_5" custom="readingOrder {index:4;}">
                <Coords points="478,2066 590,2087 661,2068 701,2087 788,2068 935,2087 954,2083 956,2005 840,1997 773,2033 615,2020 478,2033"/>
                <Baseline points="489,2060 513,2060 558,2060 603,2063 647,2063 692,2060 737,2060 782,2060 827,2060 871,2060 916,2057 961,2057"/>
                <TextEquiv>
                    <Unicode>Dort bin ich nicht mehr hier,</Unicode>
                </TextEquiv>
            </TextLine>
            <TextEquiv>
                <Unicode></Unicode>
            </TextEquiv>
        </TextRegion>
        <TextRegion id="r_37" custom="readingOrder {index:2;}">
            <Coords points="1193,1541 2106,1528 2111,2625 1193,2625"/>
            <TextLine id="r_37_tl_1" custom="readingOrder {index:0;}">
                <Coords points="1190,1599 2039,1580 2039,1523 1192,1554"/>
                <Baseline points="1203,1588 1239,1585 1284,1582 1328,1579 1373,1579 1418,1579 1463,1576 1507,1576 1552,1576 1597,1573 1642,1573 1687,1570 1731,1570 1776,1570 1821,1570 1866,1570 1911,1570 1955,1567 2000,1567 2045,1570"/>
                <TextEquiv>
                    <Unicode>gesang seine Zuflucht zu nehmen und sich ansschütten</Unicode>
                </TextEquiv>
            </TextLine>
            <TextLine id="r_37_tl_2" custom="readingOrder {index:1;}">
                <Coords points="1190,1634 2043,1615 2043,1575 1826,1594 1784,1569 1192,1599"/>
                <Baseline points="1203,1630 1242,1627 1286,1621 1331,1621 1376,1621 1421,1618 1466,1615 1510,1615 1555,1615 1600,1615 1645,1612 1690,1612 1734,1609 1779,1609 1824,1609 1869,1609 1914,1609 1958,1609 2003,1609 2048,1609"/>
                <TextEquiv>
                    <Unicode>zu können, ja wie angenehm ist es ihm, obgleich das</Unicode>
                </TextEquiv>
            </TextLine>
            <TextLine id="r_37_tl_3" custom="readingOrder {index:2;}">
                <Coords points="1192,1677 2039,1660 2039,1620 1999,1613 1194,1634"/>
                <Baseline points="1203,1666 1239,1663 1284,1663 1328,1660 1373,1657 1418,1657 1463,1657 1507,1654 1552,1654 1597,1654 1642,1651 1687,1651 1731,1651 1776,1651 1821,1651 1866,1651 1911,1648 1955,1651 2000,1651 2045,1648"/>
                <TextEquiv>
                    <Unicode>Lob Gottes der vornehmste Gegenstand des Gesan¬</Unicode>
                </TextEquiv>
            </TextLine>
            <TextLine id="r_37_tl_4" custom="readingOrder {index:3;}">
                <Coords points="1194,1717 2037,1706 2016,1656 1196,1677"/>
                <Baseline points="1206,1705 1239,1702 1284,1702 1328,1699 1373,1699 1418,1696 1463,1696 1507,1696 1552,1693 1597,1693 1642,1693 1687,1693 1731,1690 1776,1690 1821,1690 1866,1690 1911,1687 1955,1690 2000,1690 2045,1693"/>
                <TextEquiv>
                    <Unicode>ges bleibt, die Hinfälligkeit dieses Lebens und die</Unicode>
                </TextEquiv>
            </TextLine>
            <TextLine id="r_37_tl_5" custom="readingOrder {index:4;}">
                <Coords points="371,1759 2037,1744 2039,1708 373,1708"/>
                <Baseline points="382,1752 418,1755 462,1758 507,1758 552,1761 597,1761 642,1758 686,1758 731,1758 776,1758 821,1758 865,1755 910,1755 955,1752 1000,1752 1045,1749 1089,1746 1134,1746 1179,1743 1200,1743 1239,1743 1284,1740 1328,1740 1373,1737 1418,1734 1463,1734 1507,1734 1552,1734 1597,1731 1642,1731 1687,1731 1731,1728 1776,1728 1821,1728 1866,1728 1911,1728 1955,1728 2000,1728 2045,1728"/>
                <TextEquiv>
                    <Unicode>Die Poesie ist so wie die Musik nicht blos dem Eitelkeit der Welt in einem diesem Gegenstande an¬</Unicode>
                </TextEquiv>
            </TextLine>
            <TextLine id="r_37_tl_6" custom="readingOrder {index:5;}">
                <Coords points="348,1803 2039,1782 1984,1731 733,1780 350,1744"/>
                <Baseline points="361,1791 388,1794 432,1797 477,1800 522,1803 567,1803 612,1803 656,1803 701,1800 746,1800 791,1800 836,1800 880,1800 925,1794 970,1794 1015,1794 1060,1791 1104,1788 1149,1788 1194,1788 1239,1785 1284,1785 1328,1779 1373,1776 1418,1776 1463,1776 1507,1776 1552,1776 1597,1773 1642,1773 1687,1770 1731,1770 1776,1770 1821,1770 1866,1770 1911,1770 1955,1770 2000,1770 2045,1773"/>
                <TextEquiv>
                    <Unicode>weitlichen Vergnügen zu widmen, sondern, wenn sie gemessenen Gesang zu erwegen und sich zur Ewigkeit</Unicode>
                </TextEquiv>
            </TextLine>
            <TextLine id="r_37_tl_7" custom="readingOrder {index:6;}">
                <Coords points="362,1845 1927,1835 2045,1824 2047,1778 362,1801"/>
                <Baseline points="373,1836 382,1836 427,1839 471,1842 516,1842 561,1845 606,1845 650,1845 695,1845 740,1842 785,1842 830,1839 874,1839 919,1836 964,1836 1009,1836 1054,1833 1098,1830 1143,1830 1188,1827 1197,1830 1242,1827 1286,1824 1331,1827 1376,1824 1421,1818 1466,1818 1510,1815 1555,1815 1600,1815 1645,1815 1690,1812 1734,1812 1779,1812 1824,1812 1869,1812 1914,1812 1958,1812 2003,1812 2048,1812"/>
                <TextEquiv>
                    <Unicode>sreich nur sehr selten für heilige Gegegenstände an- zu entschließen, wie angenehm, sich in allen Fällen</Unicode>
                </TextEquiv>
            </TextLine>
            <TextLine id="r_37_tl_8" custom="readingOrder {index:7;}">
                <Coords points="364,1887 1839,1872 2037,1862 2039,1820 364,1845"/>
                <Baseline points="376,1878 382,1878 427,1878 471,1881 516,1884 561,1887 606,1887 650,1884 695,1884 740,1884 785,1881 830,1881 874,1881 919,1878 964,1878 1009,1875 1054,1875 1098,1872 1143,1875 1188,1869 1233,1869 1278,1869 1322,1866 1367,1863 1412,1860 1457,1860 1501,1860 1546,1857 1591,1857 1636,1857 1681,1854 1725,1854 1770,1854 1815,1854 1860,1851 1905,1851 1949,1854 1994,1854 2039,1854"/>
                <TextEquiv>
                    <Unicode>sewandt wird; so solte sie dennoch insbesondere je= den Führungen des Gottes zu überlassen, der es mit</Unicode>
                </TextEquiv>
            </TextLine>
            <TextLine id="r_37_tl_9" custom="readingOrder {index:8;}">
                <Coords points="350,1923 2018,1910 2039,1862 350,1887"/>
                <Baseline points="361,1914 373,1914 418,1920 462,1923 507,1926 552,1926 597,1926 642,1926 686,1926 731,1923 776,1926 821,1923 865,1920 910,1920 955,1920 1000,1920 1045,1917 1089,1914 1134,1914 1179,1911 1200,1911 1236,1911 1281,1908 1325,1908 1370,1905 1415,1902 1460,1902 1504,1899 1549,1896 1594,1899 1639,1896 1684,1896 1728,1896 1773,1896 1818,1893 1863,1896 1908,1893 1952,1896 1997,1893 2042,1896"/>
                <TextEquiv>
                    <Unicode>nes Vergnügen in Gott befördern, welches anzuge= uns wohl macht. - Doch wir wollen uns auf die</Unicode>
                </TextEquiv>
            </TextLine>
            <TextLine id="r_37_tl_10" custom="readingOrder {index:9;}">
                <Coords points="350,1967 1104,2003 1182,1959 2020,1950 2035,1906 350,1923"/>
                <Baseline points="361,1955 406,1961 450,1961 495,1967 540,1967 585,1967 630,1970 674,1967 719,1967 764,1967 809,1967 854,1964 898,1964 943,1961 988,1961 1033,1961 1077,1961 1122,1958 1167,1955 1182,1955 1203,1952 1230,1952 1275,1949 1319,1949 1364,1946 1409,1943 1454,1943 1499,1943 1543,1940 1588,1940 1633,1940 1678,1937 1722,1937 1767,1934 1812,1934 1857,1934 1902,1937 1946,1937 1991,1937 2036,1934"/>
                <TextEquiv>
                    <Unicode>ben jeder Ausdruck zu matt ist und das sich nur blos so genannte Kirchen / oder geistliche Lieder einschrän¬</Unicode>
                </TextEquiv>
            </TextLine>
            <TextLine id="r_37_tl_11" custom="readingOrder {index:10;}">
                <Coords points="1182,2007 2035,1988 2037,1944 1877,1938 1184,1963"/>
                <Baseline points="1194,1991 1236,1991 1281,1991 1325,1988 1370,1988 1415,1985 1460,1985 1504,1982 1549,1982 1594,1982 1639,1979 1684,1979 1728,1976 1773,1976 1818,1976 1863,1976 1908,1976 1952,1979 1997,1979 2042,1979"/>
                <TextEquiv>
                    <Unicode>ken, von denen wir bey dieser Gelegenheit eigent¬</Unicode>
                </TextEquiv>
            </TextLine>
            <TextLine id="r_37_tl_12" custom="readingOrder {index:11;}">
                <Coords points="1192,2047 2039,2026 2039,1993 1925,1978 1803,2003 1725,1980 1194,1999"/>
                <Baseline points="1203,2036 1239,2033 1284,2033 1328,2030 1373,2027 1418,2027 1463,2027 1507,2027 1552,2024 1597,2021 1642,2021 1687,2018 1731,2018 1776,2018 1821,2018 1866,2018 1911,2018 1955,2021 2000,2021 2045,2018"/>
                <TextEquiv>
                    <Unicode>lich sprechen, ob gleich auch Gott und die Reli¬</Unicode>
                </TextEquiv>
            </TextLine>
            <TextLine id="r_37_tl_13" custom="readingOrder {index:12;}">
                <Coords points="1188,2092 1832,2058 2035,2077 2035,2026 1988,2024 1929,2047 1788,2020 1188,2045"/>
                <Baseline points="1200,2078 1233,2075 1278,2072 1322,2069 1367,2069 1412,2069 1457,2069 1501,2066 1546,2063 1591,2063 1636,2063 1681,2060 1725,2060 1770,2057 1815,2057 1860,2060 1905,2060 1949,2060 1994,2060 2039,2060"/>
                <TextEquiv>
                    <Unicode>gion im höhern Chor besungen werden kann. Die</Unicode>
                </TextEquiv>
            </TextLine>
            <TextLine id="r_37_tl_14" custom="readingOrder {index:13;}">
                <Coords points="358,2123 2035,2110 2003,2064 358,2062"/>
                <Baseline points="370,2114 415,2117 459,2120 504,2123 549,2123 594,2123 639,2123 683,2120 728,2120 773,2120 818,2120 862,2117 907,2117 952,2117 997,2114 1042,2114 1086,2114 1131,2114 1176,2114 1185,2117 1194,2117 1233,2117 1278,2111 1322,2111 1367,2111 1412,2108 1457,2108 1501,2105 1546,2105 1591,2105 1636,2105 1681,2102 1725,2102 1770,2102 1815,2102 1860,2099 1905,2099 1949,2102 1994,2102 2039,2102"/>
                <TextEquiv>
                    <Unicode>sagt Klopstock wenn er vom Gebete singet, und geistlichen Lieder, wenn sie gleich leicht sind und die</Unicode>
                </TextEquiv>
            </TextLine>
            <TextLine id="r_37_tl_15" custom="readingOrder {index:14;}">
                <Coords points="350,2161 2037,2157 2037,2110 1976,2104 350,2125"/>
                <Baseline points="361,2152 385,2155 429,2158 474,2161 519,2164 564,2164 609,2164 653,2164 698,2164 743,2161 788,2161 833,2161 877,2158 922,2158 967,2158 1012,2155 1057,2155 1101,2152 1146,2152 1191,2152 1236,2152 1281,2152 1325,2152 1370,2149 1415,2149 1460,2149 1504,2149 1549,2146 1594,2146 1639,2143 1684,2143 1728,2141 1773,2141 1818,2141 1863,2141 1908,2141 1952,2143 1997,2143 2042,2141"/>
                <TextEquiv>
                    <Unicode>wie viel mehr muß dieser Gedanke sich von heiligen meiste Zeit sanfte Tränen bewürken, eröfnen jeden¬</Unicode>
                </TextEquiv>
            </TextLine>
            <TextLine id="r_37_tl_16" custom="readingOrder {index:15;}">
                <Coords points="345,2197 2039,2195 2039,2155 1803,2144 345,2159"/>
                <Baseline points="358,2191 403,2194 447,2200 492,2203 537,2206 582,2206 627,2206 671,2206 716,2206 761,2203 806,2200 851,2200 895,2200 940,2197 985,2197 1030,2194 1074,2194 1119,2194 1164,2194 1182,2194 1200,2194 1236,2194 1281,2194 1325,2194 1370,2191 1415,2191 1460,2188 1504,2191 1549,2188 1594,2188 1639,2185 1684,2182 1728,2182 1773,2182 1818,2182 1863,2182 1908,2182 1952,2185 1997,2185 2042,2185"/>
                <TextEquiv>
                    <Unicode>Gesangen fühlen lassen, wodurch wir, wenn ich so noch ein würdiges Feld zur Bearbeitung. Gellert</Unicode>
                </TextEquiv>
            </TextLine>
            <TextLine id="r_37_tl_17" custom="readingOrder {index:16;}">
                <Coords points="345,2249 2030,2237 1993,2188 345,2203"/>
                <Baseline points="358,2236 403,2236 447,2242 492,2245 537,2245 582,2248 627,2248 671,2248 716,2245 761,2245 806,2245 851,2242 895,2242 940,2242 985,2239 1030,2236 1074,2236 1119,2236 1164,2236 1182,2236 1206,2236 1230,2236 1275,2236 1319,2236 1364,2233 1409,2233 1454,2230 1499,2230 1543,2230 1588,2230 1633,2227 1678,2224 1722,2224 1767,2224 1812,2224 1857,2224 1902,2224 1946,2224 1991,2224 2036,2224"/>
                <TextEquiv>
                    <Unicode>sagen darf, unserm, der Empfindung unterliegenden sagt, er wünschte eher ein vortrefliches geistliches</Unicode>
                </TextEquiv>
            </TextLine>
            <TextLine id="r_37_tl_18" custom="readingOrder {index:17;}">
                <Coords points="350,2287 2037,2281 2037,2245 1942,2231 350,2245"/>
                <Baseline points="361,2275 385,2275 429,2281 474,2284 519,2287 564,2287 609,2287 653,2287 698,2287 743,2284 788,2284 833,2284 877,2281 922,2281 967,2281 1012,2278 1057,2278 1101,2278 1146,2275 1191,2275 1236,2278 1281,2278 1325,2275 1370,2275 1415,2275 1460,2272 1504,2272 1549,2272 1594,2272 1639,2269 1684,2269 1728,2266 1773,2266 1818,2263 1863,2266 1908,2266 1952,2266 1997,2266 2042,2272"/>
                <TextEquiv>
                    <Unicode>erzen Luft machen, und uns in den Stand setzen Lied als den ganzen Horaz geschrieben zu haben,</Unicode>
                </TextEquiv>
            </TextLine>
            <TextLine id="r_37_tl_19" custom="readingOrder {index:18;}">
                <Coords points="350,2323 2037,2313 2007,2273 1870,2268 350,2289"/>
                <Baseline points="361,2317 385,2317 429,2323 474,2326 519,2326 564,2329 609,2329 653,2326 698,2326 743,2326 788,2326 833,2326 877,2323 922,2323 967,2323 1012,2320 1057,2320 1101,2320 1146,2317 1191,2320 1236,2317 1281,2317 1325,2317 1370,2317 1415,2314 1460,2314 1504,2311 1549,2311 1594,2311 1639,2308 1684,2308 1728,2305 1773,2305 1818,2305 1863,2305 1908,2305 1952,2308 1997,2308 2042,2308"/>
                <TextEquiv>
                    <Unicode>von ganzer Seele und allen Kräften dem HErrn und es muß gewiß eine unaussprechliche Wollust für</Unicode>
                </TextEquiv>
            </TextLine>
            <TextLine id="r_37_tl_20" custom="readingOrder {index:19;}">
                <Coords points="345,2361 2033,2357 2022,2313 348,2319"/>
                <Baseline points="358,2358 382,2358 427,2361 471,2364 516,2367 561,2367 606,2370 650,2370 695,2367 740,2367 785,2367 830,2367 874,2364 919,2364 964,2364 1009,2364 1054,2361 1098,2361 1143,2361 1188,2361 1233,2358 1278,2358 1322,2358 1367,2356 1412,2356 1457,2353 1501,2353 1546,2353 1591,2350 1636,2350 1681,2350 1725,2347 1770,2347 1815,2347 1860,2347 1905,2347 1949,2347 1994,2350 2039,2347"/>
                <TextEquiv>
                    <Unicode>cob und Dank zu sagen, der uns erschuf, der uns einen Liederdichter seyn, so viele warme Tränen, so</Unicode>
                </TextEquiv>
            </TextLine>
            <TextLine id="r_37_tl_21" custom="readingOrder {index:20;}">
                <Coords points="345,2405 1879,2412 2030,2397 2033,2357 345,2361"/>
                <Baseline points="358,2397 379,2397 424,2403 468,2406 513,2409 558,2409 603,2409 647,2409 692,2409 737,2409 782,2409 827,2406 871,2406 916,2403 961,2403 1006,2403 1051,2403 1095,2403 1140,2403 1185,2400 1230,2400 1275,2400 1319,2397 1364,2397 1409,2397 1454,2394 1499,2394 1543,2394 1588,2394 1633,2391 1678,2388 1722,2388 1767,2388 1812,2388 1857,2388 1902,2391 1946,2388 1991,2388 2036,2391"/>
                <TextEquiv>
                    <Unicode>täglich so viel Gutes thut, und der uns im Werke viel heilige Entschlüsse; so viel unnennbare göttliche</Unicode>
                </TextEquiv>
            </TextLine>
            <TextLine id="r_37_tl_22" custom="readingOrder {index:21;}">
                <Coords points="350,2452 2033,2435 1982,2395 1110,2431 350,2405"/>
                <Baseline points="361,2436 379,2439 424,2442 468,2445 513,2451 558,2451 603,2451 647,2451 692,2451 737,2448 782,2448 827,2448 871,2448 916,2445 961,2445 1006,2445 1051,2445 1095,2445 1140,2442 1185,2442 1230,2442 1275,2442 1319,2439 1364,2439 1409,2436 1454,2436 1499,2436 1543,2433 1588,2433 1633,2433 1678,2430 1722,2430 1767,2433 1812,2430 1857,2430 1902,2427 1946,2427 1991,2430 2036,2430"/>
                <TextEquiv>
                    <Unicode>der Erlösung Bahnen zu Seligkeiten entdeckt, die Empfindungen befördert zu haben. Der geheiligte</Unicode>
                </TextEquiv>
            </TextLine>
            <TextLine id="r_37_tl_23" custom="readingOrder {index:22;}">
                <Coords points="345,2483 687,2515 2028,2487 2030,2445 1952,2433 348,2447"/>
                <Baseline points="358,2478 376,2478 421,2484 465,2487 510,2490 555,2490 600,2490 644,2493 689,2493 734,2490 779,2490 824,2490 868,2487 913,2490 958,2487 1003,2487 1048,2487 1092,2487 1137,2484 1182,2484 1227,2484 1272,2481 1316,2481 1361,2478 1406,2478 1451,2478 1496,2475 1540,2475 1585,2475 1630,2472 1675,2472 1719,2472 1764,2472 1809,2472 1854,2469 1899,2469 1943,2469 1988,2469 2033,2472"/>
                <TextEquiv>
                    <Unicode>aus disseits des Grabes ruhig und jenseits glücklich Psalmist verachtete Kronenglanz und alles Glück der</Unicode>
                </TextEquiv>
            </TextLine>
            <TextLine id="r_37_tl_24" custom="readingOrder {index:23;}">
                <Coords points="348,2530 2037,2517 1971,2471 689,2515 350,2485"/>
                <Baseline points="361,2517 385,2520 429,2526 474,2529 519,2529 564,2532 609,2532 653,2535 698,2535 743,2532 788,2532 833,2532 877,2529 922,2529 967,2526 1012,2526 1057,2526 1101,2526 1146,2526 1191,2526 1236,2523 1281,2523 1325,2520 1370,2520 1415,2520 1460,2517 1504,2517 1549,2517 1594,2517 1639,2514 1684,2514 1728,2511 1773,2511 1818,2511 1863,2508 1908,2508 1952,2511 1997,2511 2042,2511"/>
                <TextEquiv>
                    <Unicode>machen. Wenn also unserm Herzen Wort und Aus= Welt gegen den Vorzug eines Thürhütters in dem</Unicode>
                </TextEquiv>
            </TextLine>
            <TextLine id="r_37_tl_25" custom="readingOrder {index:24;}">
                <Coords points="345,2591 2035,2570 2035,2517 1986,2515 548,2557 345,2528"/>
                <Baseline points="358,2559 382,2562 427,2568 471,2570 516,2573 561,2573 606,2573 650,2576 695,2576 740,2573 785,2573 830,2573 874,2573 919,2573 964,2573 1009,2570 1054,2570 1098,2570 1143,2568 1188,2568 1233,2568 1278,2565 1322,2565 1367,2565 1412,2565 1457,2565 1501,2562 1546,2559 1591,2559 1636,2559 1681,2559 1725,2556 1770,2556 1815,2553 1860,2550 1905,2553 1949,2553 1994,2553 2039,2553"/>
                <TextEquiv>
                    <Unicode>druck fehlen, wie angenehm ist es ihm, zu einem Lob= Hause Gottes, und Leute die die Kräfte der zukünf¬</Unicode>
                </TextEquiv>
            </TextLine>
            <TextLine id="r_37_tl_26" custom="readingOrder {index:25;}">
                <Coords points="1942,2624 1955,2624 1965,2618 1999,2616 2005,2622 2035,2626 2033,2572 2016,2568 2005,2570 1995,2559 1990,2563 1978,2559 1969,2565 1955,2559 1940,2559"/>
                <Baseline points="1952,2594 1997,2597 2039,2597"/>
                <TextEquiv>
                    <Unicode>tigen</Unicode>
                </TextEquiv>
            </TextLine>
            <TextEquiv>
                <Unicode></Unicode>
            </TextEquiv>
        </TextRegion>
    </Page>
</PcGts>
