2479 3213
1224 1427 1677 1509 den 3. Februar 1766.
726 1438 1198 1515 10tes Stück. Montag,
487 1549 1045 1624 Quedlinburg und Leipzig.
371 1593 1184 1671 Schreiben über die Frage: ob das Lesen der Alten
350 1648 1177 1704 an dem Mangel der Original=Scribenten Schuld
359 1689 1179 1746 sey, abgefaßt von Joh. Jac. Rambach, Rektor des
367 1727 1177 1799 Luedlinburgschen Gymnasi, bey Bisterfeld, 1765
365 1786 586 1847 3 Bogen in 4.
386 1801 1177 1878 Es ist dem großen Young schon einigemale so ge=
374 1872 1171 1929 angen, daß man einige kühne Aussprüche von ihn
363 1910 1182 1973 von den andern losgeschnitten, zerschnitten, betrach¬
365 1954 1182 2017 tet, und nach Umstanden zu bekräftigen, oder zu
371 1990 1184 2055 erneinen beliebt. Wenn ein Genie auf der Staf¬
371 2040 1175 2099 el seiner Originalgedanken zu einer Höhe klimmt
365 2080 1188 2132 so verlieren ihn die Geister des ebenen Bodens aus
367 2120 1188 2172 dem Gesicht, oder sehen ihn auf seinem Gipfel in ei=
374 2160 1182 2218 ser kleinen Gestalt. Wir erinnern uns hiebey an
365 2199 1186 2254 den Gems und die Ziege in Gleims Fabeln, und
371 2239 1190 2296 benden diese Bemerkung mit Bescheidenheit auf
367 2319 1194 2393 er die Kette kühner Gedanken, bis zu einem Gliede,
371 2367 1196 2416 das uns schwächern Geistern parador scheint: und
374 2409 1194 2462 über dergleichen steile Klustaussprüche läßt sich nach¬
371 2447 1200 2502 her füglich ein Programm, eine Schulvede, ein
386 2533 1207 2617 en wir schon erlebt: hier ist das dritte, ein Gratu=
1207 1511 2050 1591 lationschreiben an Herrn R. Miller in Halle, bey
1209 1566 2048 1631 dem Jubiläo seines Gymnasiums. Young in sei¬
1209 1608 2046 1666 nem Originalwerk, das von den Originalschrife¬
1209 1652 2048 1710 stellern so stark, bündig, bildervoll aber auch abge¬
1207 1689 2040 1750 brochen und wie Plato von sich sagt, dithyrambisch
1203 1738 2048 1784 redet: Young setzt in dieser Schrift als eine Ursache
1200 1769 2046 1828 vom Mangel Originalschriftsteller auch die Worte:
1205 1811 2040 1864 "weil beruhmte Beyspiele, sonderlich die Beyspiele und
1209 1857 2050 1912 Muster der Alten, an sich ziehen, mit Vorurtheil er¬
1205 1893 2044 1956 füllen, und zaghaft machen. Sie ziehen unsre Auf¬
1207 1937 2048 1996 merksamkeit an sich und verhindern uns dadurch an
1209 1985 2048 2040 der gehörigen Erforschung unser selbst: sie erfüllen
1213 2021 2050 2082 uns mit Vorurtheil für ihre Geschicklichkeit und ver¬
1207 2061 2048 2113 ringern in uns, das Gefühl unsrer eignen: sie ma¬
1209 2097 2048 2155 chen uns zaghaft durch den Glanz ihres Ruhms,
1215 2149 2048 2204 und so ersticken sie unsre Fähigkeiten durch unser
1215 2176 2053 2239 Mistrauen." Dies ist der Text aus Young, Herr
1207 2225 2044 2288 Rektor Rambach verfolgt ihn, und vermuthlich
371 2279 2055 2342 Houng und den Aeon nach ihm an. Oft verfolgte weil er ein Schulmann ist, findet er ihn unwahrer,
1219 2313 2053 2367 als er seyn möchte: und nach allem nennt er ihn nur
1215 2359 2057 2407 gar einen Einfall, der Young entwischt wäre.
1215 2386 2055 2441 Sein Schreiben ist rein, flußig und nett geschrieben,
1219 2435 2055 2487 aber wer auf Youngs Seite bey der ersten Zeile
369 2462 2055 2539 Sendschreiben, ausarbeiten. Die beyden ersten ha= ist, würde es auch bey der letzten seyn: denn Youn¬
1228 2510 2061 2600 kann ja Recht haben, ohne daß man deswegen die
1958 2550 2067 2623 Alten
