2479 3213
329 500 594 551 schlossen wurde.
329 587 1181 630 chen mit einer Dankpredigt gefeyret, wozu in der
329 626 1173 667 Schloßkirche bey dem Löbenichtschen Gottesdienst
333 664 1177 709 eine von dem Löbenichtschen Cantore, Herrn Weiß,
333 703 1177 748 besonders hiezu verfertigte und gedruckte Cantate
333 748 1186 788 ausgetheilt wurde. In dem von Friedrich dem er¬
338 829 1173 872 des Vormittags von dem ersten reformirten Königl.
325 908 1179 957 Nachmittage von dem lutherischen Königl. adj. Ober=
333 951 1179 998 hofprediger, Herrn Consistorialrath D. Langhansen,
333 993 1179 1038 eine Predigt gehalten, nach deren Endigung der
338 1034 1322 1077 neue lutherische Informator, Herr Freytag, welcher wurde.
331 1068 1175 1117 ehedem schon 3 Jahre in der Abwesenheit des re
333 1109 1186 1164 formirten in diesen Anstalten gearbeitet, mit einer
338 1151 731 1205 kurzen Rede eingeführt.
370 1192 1179 1241 Den 24sten, als am Königl. Geburtstage, feyrte
333 1230 1282 1290 die Akademie dieses Fest auf dieselbe Art wie am den.
331 434 2049 504 quemain, ganz neu hiezu verfertigten Ballet, be= Königl. Krönungstage. Die Rede des Herrn Prof.
1203 491 2047 547 Werners handelte von den väterlichen Bemühungen
367 504 2047 587 Den 19ten wurde dieses hohe Fest in allen Kir= Sr. Königl. Majestät Dero Unterthanen zum Freiß
1201 581 2049 639 zu ermuntern, und Herr Prof. Lindner sang die Er¬
1203 613 2049 671 scheinung der Hygaa im Bade zu Landeck. Des
1207 649 2040 707 Mittags gaben des Herrn Feldmarschall von Lehwald
1203 696 2047 750 Exeellenz, groß Diner, und die Schuchische Gesell¬
1207 741 2049 788 schaft führte ein von Herrn Lauson neu verfertigtes
333 778 2047 833 sten, gestifteten Königlichen Waysenhause, wurde Vorspiel auf, welches die Philosophen in den elysäi¬
1203 822 2040 876 schen Feldern, als Bewunderer des Philosophen zu
331 865 2042 912 Hosprediger, Herrn Consistorialrath Behr, und Sanssouci, darstellte. Hierauf folgte das Trauer¬
1207 906 2040 955 spiel, Semira, welches mit einem neuen von ihrem
1207 942 2034 993 Balletmeister, Herrn Jacquemain, verfertigten
1211 985 2027 1060 Ballet: Die Höllenfahrt des Orpheus, beschlossen
1248 1034 2042 1124 Den 25ten begieng die Königl. deutsche Gesell
1207 1104 2049 1160 schaft das Andenken des vorigen Tages, und erhielt
1209 1149 2040 1198 dabey zugleich ihre völlige Activität wieder, welche
1203 1186 2049 1263 bisher durch die Zeitläufte etwas unterbrochen wor¬
547 1322 968 1404 Berlin, den 21. Jan.
370 1359 1179 1438 Wegen des am Sonnabend eingefallenen Geburts¬
355 1423 1175 1480 festes Sr. Königl. Hoheit des Prinzen Heinrich, be¬
348 1470 1179 1515 gaben sich Vormittags die ein und ausländischen
346 1512 1173 1559 Ministers, die hier befindliche fremde hohe Standes
348 1557 1173 1598 personen, nebst denen sämtlichen Herrn Generals und
344 1594 1175 1643 Stabsofficiers der hiesigen Garnison, nach dem Pa¬
340 1636 1173 1683 lais gedachter Sr Königl. Hoheit, und statteten die
340 1675 1177 1720 gewöhnlichen Gluckwünsche ab. Se. Majestät, der
338 1713 1179 1760 König, gaben zu Mittage in Höchst Dero Aparte¬
348 1790 1171 1841 nigl. Hoheiten, die Prinzen des Königl. Hauses, die
344 1833 1175 1884 beyde Durchlauchtigste Braunschweigsche Prinzen,
338 1876 1173 1923 die fremde hohe Standespersonen, die inländische
342 1916 1171 1970 Ministers und die Herrn Generals und Stabsoffi
346 1995 1171 2049 heiten, die Prinzeßinnen des Königl. Hauses aber,
346 2036 1173 2083 nebst verschiedenen Standespersonen beyderley Ge¬
348 2079 1173 2132 schlechts, wurden bey Ihro Majestät, der Königin,
359 2117 1162 2166 zu Mittage aufs herrlichste bewirthet. Des Abend¬
348 2158 1164 2205 war bey Höchstgedachter Königin Majestät ein großes
355 2198 1175 2267 Festin, welchem Se. Königl. Majestät nebst sämtli¬
359 2320 1173 2369 n den herrlich erleuchteten Zimmern Ihro Majestät
361 2408 951 2455 peiset, und sodann ein Ball gehalten.
382 2427 1173 2514 Aus Coppenhagen ist die betrübte Nachricht ein¬
359 2487 1173 2555 gegangen, daß es dem höchsten Beherrscher über Le¬
359 2566 1173 2640 fünften, König von Dännemark und Norwegen, den
1207 1337 2049 1391 11ten dieses aus dieser Zeitlichkeit abzuforden, und
1203 1384 2049 1440 in sein himmlisches Reich zu versetzen. Der Hof
1207 1425 2042 1476 sowohl als auch die ganze Stadt, sind hierüber in
1207 1470 2049 1540 die äußerste Bestürzung gesetzet. Se. Majest. wa¬
1201 1506 1782 1579 ren den 31sten Merz 1723 geboren.
1433 1549 1803 1604 Wien, den 1. Jan.
1243 1574 2042 1643 So wie beyderseits Kayserl. Majest. am 31sten
1201 1634 2042 1679 Dec. sowohl von der adelichen Jugend des There¬
1203 1668 2040 1718 sianischen Collegii, als auch von der Savoyischen
1203 1713 2036 1762 Akademie die Glückwünsche zum Eintritt des neuen
344 1754 2040 1803 ment ein sehr groß Diner, wobey Sich Ihro Kö= Jahres, anzunehmen geruheten: so war solches von
1203 1788 2034 1844 der verwitweten Kayserin Majest. den Zutritts=Da¬
1201 1833 2042 1882 men ebenmäßig verstattet. Von letztgedachter Kay¬
1207 1867 2038 1923 serin Majestat ist das Fürstenthum Siebenbürgen,
1194 1914 2042 1961 in Ansehung, daß dasselbe ein von andern Kronen
348 1961 2036 2008 ciers der Garnison befanden. Ihro Königl. Hos ganz unabhangiger, und sowohl wegen Größe und
1196 2002 2038 2049 Lage, als auch in Erwägung desselben innerlichen
1194 2040 2042 2106 Kräften, sehr beträchtlicher Staat ist, zu einem
1194 2079 1769 2147 Großfürstenthume erhoben worden.
1431 2106 1807 2177 Paris, den 3. Jan.
1237 2149 2040 2207 Die Herzogin von la Tremoille hat den 27sten
1192 2188 2040 2254 December, bey einer glücklichen Niederkunft, zweene
361 2243 2036 2288 hen Königl. Prinzen, wie nicht weniger den beyden männl. Zwillinge zur Welt gebracht. Einige Nach¬
359 2279 2036 2335 Braunschweigschen Prinzen beyzuwohnen geruhten: richten von hier haben vor einiger Zeit eines Nacht¬
1201 2320 2042 2367 tisches gedacht, der allhier für die Prinzeßin von
361 2363 2040 2410 vurde an verschiedenen prächtig servirten Tafeln ge= Asturien verfertiget würde. Sie haben sich aber ge¬
1203 2401 2034 2452 irret, wenn sie den Königl. Goldschmidt, Hrn. Ger¬
1203 2446 2034 2497 main, als den Verfertiger, angeben. Es ist diese
1201 2487 2034 2551 Arbeit von dem Hrn. Germain, mit dem Zunamen
359 2527 2036 2572 ben und Tod gefallen, Se. Majestät, Friedrich den le Romain, und dem Hrn. Chancelier, die auch hie¬
1194 2566 2036 2634 sige Goldschmiede sind gemacht worden. Die erste
1906 2608 2036 2685 Anlage
