<?xml version="1.0" encoding="UTF-8" standalone="yes"?>
<PcGts xmlns="http://schema.primaresearch.org/PAGE/gts/pagecontent/2013-07-15" xmlns:xsi="http://www.w3.org/2001/XMLSchema-instance" xsi:schemaLocation="http://schema.primaresearch.org/PAGE/gts/pagecontent/2013-07-15 http://schema.primaresearch.org/PAGE/gts/pagecontent/2013-07-15/pagecontent.xsd">
    <Metadata>
        <Creator>prov=READ-COOP:name=PyLaia@TranskribusPlatform:version=2.15.0:model_id=39995:lm=none:date=16_07_2024_15:11</Creator>
        <Created>2024-07-16T11:22:27.404+02:00</Created>
        <LastChange>2024-07-16T15:11:40.218+02:00</LastChange>
        <TranskribusMetadata docId="3300825" pageId="75035729" pageNr="3" tsid="177975753" status="IN_PROGRESS" userId="222699" imgUrl="https://files.transkribus.eu/Get?id=AJXTTMOFRPNVMCTKXKRERVQM&amp;fileType=view" xmlUrl="https://files.transkribus.eu/Get?id=MXXHGMKNLYIHWLOJMLIMEUAZ" imageId="60804806"/>
    </Metadata>
    <Page imageFilename="75035729.jpg" imageWidth="2479" imageHeight="3213">
        <ReadingOrder>
            <OrderedGroup id="ro_1721135500219" caption="Regions reading order">
                <RegionRefIndexed index="0" regionRef="r_125"/>
                <RegionRefIndexed index="1" regionRef="r_126"/>
                <RegionRefIndexed index="2" regionRef="r_113"/>
                <RegionRefIndexed index="3" regionRef="r_114"/>
            </OrderedGroup>
        </ReadingOrder>
        <Relations/>
        <TextRegion id="r_125" custom="readingOrder {index:0;}">
            <Coords points="301,439 1196,438 1196,899 301,911"/>
            <TextLine id="r_125_tl_1" custom="readingOrder {index:0;}">
                <Coords points="338,490 1179,495 1179,450 1101,415 996,452 521,426 338,452"/>
                <Baseline points="349,483 394,483 438,480 483,480 528,480 573,480 618,480 662,483 707,483 752,483 797,483 842,483 886,483 931,483 976,483 1021,483 1066,483 1110,483 1155,483 1185,483"/>
                <TextEquiv>
                    <Unicode>de Sache Briese zum Exempel herauszugeben. Wie</Unicode>
                </TextEquiv>
            </TextLine>
            <TextLine id="r_125_tl_2" custom="readingOrder {index:1;}">
                <Coords points="344,534 1175,536 1175,495 1121,490 344,499"/>
                <Baseline points="355,525 400,525 444,522 489,525 534,522 579,522 624,522 668,525 713,525 758,525 803,525 848,525 892,528 937,525 982,525 1027,525 1071,528 1116,528 1161,525 1179,525"/>
                <TextEquiv>
                    <Unicode>unglücklich ist nicht Richelets Wahl, die der gegen</Unicode>
                </TextEquiv>
            </TextLine>
            <TextLine id="r_125_tl_3" custom="readingOrder {index:2;}">
                <Coords points="323,572 762,587 880,572 880,551 777,531 323,531"/>
                <Baseline points="334,564 379,564 424,567 468,564 513,564 558,564 603,564 647,564 692,567 737,567 782,567 827,567 871,570 886,567"/>
                <TextEquiv>
                    <Unicode>wärtigen doch weit vorzuziehen.</Unicode>
                </TextEquiv>
            </TextLine>
            <TextLine id="r_125_tl_4" custom="readingOrder {index:3;}">
                <Coords points="901,577 979,572 1007,583 1043,572 1099,583 1129,570 1183,583 1183,540 1153,534 1058,542 1030,540 1015,527 994,540 938,531 901,540"/>
                <Baseline points="913,567 919,567 964,564 1009,564 1054,564 1098,567 1143,567 1188,564"/>
                <TextEquiv>
                    <Unicode>Es wäre am be¬</Unicode>
                </TextEquiv>
            </TextLine>
            <TextLine id="r_125_tl_5" custom="readingOrder {index:4;}">
                <Coords points="329,617 1168,620 1168,579 1129,570 329,572"/>
                <Baseline points="340,609 385,606 429,606 474,606 519,606 564,606 609,606 653,609 698,609 743,609 788,609 833,606 877,606 922,606 967,609 1012,606 1057,606 1101,609 1146,606 1173,609"/>
                <TextEquiv>
                    <Unicode>sten wenn man nie Regeln zum Briefschreiben gäbe</Unicode>
                </TextEquiv>
            </TextLine>
            <TextLine id="r_125_tl_6" custom="readingOrder {index:5;}">
                <Coords points="333,656 1175,660 1175,622 1093,611 333,617"/>
                <Baseline points="346,647 391,647 435,647 480,647 525,647 570,650 615,650 659,647 704,647 749,647 794,647 839,647 883,650 928,650 973,647 1018,647 1063,647 1107,647 1152,647 1179,647"/>
                <TextEquiv>
                    <Unicode>Leute von etwas gesunder Vernunft sehen das Lächer¬</Unicode>
                </TextEquiv>
            </TextLine>
            <TextLine id="r_125_tl_7" custom="readingOrder {index:6;}">
                <Coords points="323,695 1170,695 1170,658 1097,654 323,652"/>
                <Baseline points="334,686 379,686 424,689 468,689 513,689 558,689 603,689 647,689 692,689 737,689 782,692 827,689 871,689 916,686 961,689 1006,689 1051,686 1095,689 1140,689 1173,689"/>
                <TextEquiv>
                    <Unicode>liche der Talanders und Menantes in allen Spra¬</Unicode>
                </TextEquiv>
            </TextLine>
            <TextLine id="r_125_tl_8" custom="readingOrder {index:7;}">
                <Coords points="329,742 1172,742 1175,695 331,701"/>
                <Baseline points="343,731 388,731 432,731 477,734 522,731 567,731 612,731 656,731 701,731 746,731 791,731 836,728 880,728 925,731 970,728 1015,728 1060,728 1104,728 1149,731 1179,731"/>
                <TextEquiv>
                    <Unicode>chen ein, und einfältige Köpfe werden durch diese</Unicode>
                </TextEquiv>
            </TextLine>
            <TextLine id="r_125_tl_9" custom="readingOrder {index:8;}">
                <Coords points="323,785 2048,768 2018,725 323,734"/>
                <Baseline points="334,770 373,770 418,770 462,773 507,773 552,773 597,773 642,773 686,773 731,773 776,770 821,770 865,770 910,770 955,773 1000,770 1045,770 1089,770 1134,770 1179,767 1200,770 1203,770 1248,773 1292,770 1337,767 1382,767 1427,767 1472,767 1516,767 1561,767 1606,767 1651,767 1696,767 1740,764 1785,764 1830,764 1875,761 1920,761 1964,761 2009,761 2054,761"/>
                <TextEquiv>
                    <Unicode>trockne Regeln und einige Exempel so maschinen- daß sie höchstens ein angehender Dorfschulmeister</Unicode>
                </TextEquiv>
            </TextLine>
            <TextLine id="r_125_tl_10" custom="readingOrder {index:9;}">
                <Coords points="325,824 1166,824 1168,781 1110,774 327,781"/>
                <Baseline points="337,812 367,812 412,812 456,812 501,815 546,815 591,815 636,815 680,815 725,815 770,812 815,812 859,812 904,812 949,812 994,812 1039,809 1083,812 1128,812 1173,809"/>
                <TextEquiv>
                    <Unicode>mäßige Stilisten, daß ihre Briefe unerträglich seyn</Unicode>
                </TextEquiv>
            </TextLine>
            <TextLine id="r_125_tl_11" custom="readingOrder {index:10;}">
                <Coords points="323,873 1170,869 1170,824 1144,820 323,820"/>
                <Baseline points="334,851 379,856 424,856 468,856 513,854 558,856 603,856 647,856 692,856 737,856 782,856 827,856 871,854 916,854 961,854 1006,856 1051,854 1095,854 1140,854 1173,854"/>
                <TextEquiv>
                    <Unicode>müssen. Sie gewöhnen sich dadurch an, alles in</Unicode>
                </TextEquiv>
            </TextLine>
            <TextLine id="r_125_tl_12" custom="readingOrder {index:11;}">
                <Coords points="555,908 579,914 596,931 605,925 615,934 624,929 635,936 643,927 652,927 680,940 703,936 706,876 680,880 663,876 648,863 632,873 615,865 605,873 574,878 557,869"/>
                <Baseline points="567,907 612,907 656,907 701,904 707,907"/>
                <TextEquiv>
                    <Unicode></Unicode>
                </TextEquiv>
            </TextLine>
            <TextEquiv>
                <Unicode></Unicode>
            </TextEquiv>
        </TextRegion>
        <TextRegion id="r_126" custom="readingOrder {index:1;}">
            <Coords points="1196,438 2104,436 2104,887 1196,899"/>
            <TextLine id="r_126_tl_1" custom="readingOrder {index:0;}">
                <Coords points="1198,495 2052,486 2052,439 1945,445 1865,409 1669,445 1200,439"/>
                <Baseline points="1212,483 1251,480 1295,483 1340,483 1385,480 1430,480 1475,480 1519,477 1564,480 1609,477 1654,477 1699,477 1743,474 1788,474 1833,474 1878,474 1923,474 1967,474 2012,474 2057,477"/>
                <TextEquiv>
                    <Unicode>gewisse Formen zu gießen, und verlieren in eigner</Unicode>
                </TextEquiv>
            </TextLine>
            <TextLine id="r_126_tl_2" custom="readingOrder {index:1;}">
                <Coords points="1207,531 2046,527 2046,484 1994,482 1207,495"/>
                <Baseline points="1218,522 1245,522 1289,525 1334,525 1379,522 1424,522 1469,522 1513,522 1558,519 1603,519 1648,519 1693,519 1737,516 1782,516 1827,516 1872,513 1917,513 1961,516 2006,516 2051,516"/>
                <TextEquiv>
                    <Unicode>Einfalt so bald sie über den Rand derselben gerathen.</Unicode>
                </TextEquiv>
            </TextLine>
            <TextLine id="r_126_tl_3" custom="readingOrder {index:2;}">
                <Coords points="1209,574 1829,581 2046,566 2048,523 1211,529"/>
                <Baseline points="1221,567 1245,564 1289,564 1334,567 1379,564 1424,564 1469,561 1513,561 1558,561 1603,561 1648,561 1693,561 1737,558 1782,558 1827,558 1872,555 1917,555 1961,555 2006,555 2051,555"/>
                <TextEquiv>
                    <Unicode>Freundschaftsbriefe muß das Herz diktiren, in Ge¬</Unicode>
                </TextEquiv>
            </TextLine>
            <TextLine id="r_126_tl_4" custom="readingOrder {index:3;}">
                <Coords points="1203,620 2046,609 2044,566 1981,555 1831,581 1203,574"/>
                <Baseline points="1215,609 1245,606 1289,606 1334,606 1379,606 1424,606 1469,603 1513,603 1558,603 1603,603 1648,603 1693,600 1737,600 1782,600 1827,600 1872,597 1917,597 1961,597 2006,594 2051,597"/>
                <TextEquiv>
                    <Unicode>schäften lernt man durch Erfahrung gut schreiben,</Unicode>
                </TextEquiv>
            </TextLine>
            <TextLine id="r_126_tl_5" custom="readingOrder {index:4;}">
                <Coords points="1200,652 2052,654 2031,602 1200,620"/>
                <Baseline points="1212,647 1251,644 1295,647 1340,644 1385,644 1430,647 1475,644 1519,644 1564,644 1609,644 1654,642 1699,642 1743,642 1788,642 1833,639 1878,642 1923,642 1967,636 2012,636 2057,636"/>
                <TextEquiv>
                    <Unicode>und über witzige und gelehrte Materien folgt man</Unicode>
                </TextEquiv>
            </TextLine>
            <TextLine id="r_126_tl_6" custom="readingOrder {index:5;}">
                <Coords points="1200,697 1936,699 2052,688 2054,652 1200,654"/>
                <Baseline points="1212,689 1251,686 1295,686 1340,686 1385,686 1430,686 1475,686 1519,683 1564,683 1609,683 1654,683 1699,680 1743,680 1788,683 1833,680 1878,680 1923,680 1967,680 2012,677 2057,677"/>
                <TextEquiv>
                    <Unicode>seinem Genie. Die dieser Briefsammlung ange¬</Unicode>
                </TextEquiv>
            </TextLine>
            <TextLine id="r_126_tl_7" custom="readingOrder {index:6;}">
                <Coords points="1200,738 2048,731 2048,680 1200,695"/>
                <Baseline points="1212,731 1245,728 1289,728 1334,728 1379,725 1424,725 1469,725 1513,725 1558,725 1603,725 1648,725 1693,725 1737,725 1782,722 1827,722 1872,722 1917,719 1961,719 2006,719 2051,719"/>
                <TextEquiv>
                    <Unicode>hängte Erinnerungen sind so elend und so bekannt,</Unicode>
                </TextEquiv>
            </TextLine>
            <TextLine id="r_126_tl_8" custom="readingOrder {index:7;}">
                <Coords points="1196,815 2044,826 2044,766 1639,772 1609,796 1196,779"/>
                <Baseline points="1209,809 1242,809 1286,809 1331,809 1376,809 1421,809 1466,809 1510,809 1555,809 1600,812 1645,809 1690,809 1734,809 1779,809 1824,806 1869,806 1914,806 1958,806 2003,806 2048,803"/>
                <TextEquiv>
                    <Unicode>mit Geduld lesen kann. Kostet in den Kanterschen</Unicode>
                </TextEquiv>
            </TextLine>
            <TextLine id="r_126_tl_9" custom="readingOrder {index:8;}">
                <Coords points="1194,860 1306,873 1377,856 1405,869 1594,869 1594,830 1558,813 1476,830 1194,815"/>
                <Baseline points="1206,854 1251,851 1295,851 1340,851 1385,851 1430,851 1475,851 1519,851 1564,856 1600,856"/>
                <TextEquiv>
                    <Unicode>Buchhandlungen 1 fl.</Unicode>
                </TextEquiv>
            </TextLine>
            <TextEquiv>
                <Unicode></Unicode>
            </TextEquiv>
        </TextRegion>
        <TextRegion id="r_113" custom="readingOrder {index:2;}">
            <Coords points="306,949 1190,949 1155,2645 294,2640"/>
            <TextLine id="r_113_tl_1" custom="readingOrder {index:0;}">
                <Coords points="525,1000 964,996 964,949 923,955 897,938 824,962 794,949 725,949 703,966 525,955"/>
                <Baseline points="537,988 582,991 627,991 671,991 716,991 761,991 806,991 851,991 895,991 940,988 970,988"/>
                <TextEquiv>
                    <Unicode>Berlin, den 52. Jan.</Unicode>
                </TextEquiv>
            </TextLine>
            <TextLine id="r_113_tl_2" custom="readingOrder {index:1;}">
                <Coords points="346,1116 1179,1116 1166,1073 346,1073"/>
                <Baseline points="358,1110 379,1110 424,1110 468,1113 513,1113 558,1113 603,1113 647,1113 692,1113 737,1113 782,1113 827,1110 871,1110 916,1110 961,1107 1006,1107 1051,1107 1095,1107 1140,1107 1185,1107"/>
                <TextEquiv>
                    <Unicode>siteur bey das Generalauditoriat mit einer ansehnli=</Unicode>
                </TextEquiv>
            </TextLine>
            <TextLine id="r_113_tl_3" custom="readingOrder {index:2;}">
                <Coords points="333,1164 1175,1164 1175,1116 1142,1114 333,1116"/>
                <Baseline points="346,1149 391,1149 435,1152 480,1155 525,1155 570,1155 615,1155 659,1152 704,1152 749,1155 794,1152 839,1152 883,1152 928,1152 973,1149 1018,1149 1063,1149 1107,1149 1152,1149 1179,1149"/>
                <TextEquiv>
                    <Unicode>chen Vermehrung seines Gehalts, zu ernennen ge¬</Unicode>
                </TextEquiv>
            </TextLine>
            <TextLine id="r_113_tl_4" custom="readingOrder {index:3;}">
                <Coords points="346,1325 1168,1321 1149,1280 346,1280"/>
                <Baseline points="358,1313 403,1313 447,1313 492,1316 537,1316 582,1316 627,1316 671,1316 716,1316 761,1316 806,1316 851,1316 895,1316 940,1313 985,1313 1030,1313 1074,1313 1119,1313 1164,1313 1173,1313"/>
                <TextEquiv>
                    <Unicode>Hegenswünschen aller getreuen Unterthanen, in das</Unicode>
                </TextEquiv>
            </TextLine>
            <TextLine id="r_113_tl_5" custom="readingOrder {index:4;}">
                <Coords points="346,1372 1172,1366 1172,1325 1134,1319 346,1325"/>
                <Baseline points="358,1355 370,1355 415,1355 459,1355 504,1355 549,1355 594,1355 639,1355 683,1355 728,1358 773,1358 818,1358 862,1358 907,1355 952,1355 997,1352 1042,1352 1086,1352 1131,1352 1176,1352"/>
                <TextEquiv>
                    <Unicode>5ste Jahr Dero glorreichen Alters traten, erschie¬</Unicode>
                </TextEquiv>
            </TextLine>
            <TextLine id="r_113_tl_6" custom="readingOrder {index:5;}">
                <Coords points="344,1446 1162,1450 1162,1403 344,1403"/>
                <Baseline points="355,1433 400,1433 444,1433 489,1436 534,1436 579,1436 624,1439 668,1439 713,1439 758,1439 803,1442 848,1442 892,1439 937,1439 982,1436 1027,1436 1071,1436 1116,1439 1161,1436 1167,1436"/>
                <TextEquiv>
                    <Unicode>Prinzen von Braunschweig, die hier gegenwärtigen</Unicode>
                </TextEquiv>
            </TextLine>
            <TextLine id="r_113_tl_7" custom="readingOrder {index:6;}">
                <Coords points="346,1487 1162,1489 1162,1448 1134,1443 346,1446"/>
                <Baseline points="358,1475 403,1475 447,1475 492,1478 537,1478 582,1481 627,1481 671,1484 716,1481 761,1484 806,1484 851,1481 895,1478 940,1481 985,1478 1030,1478 1074,1478 1119,1478 1164,1478 1167,1478"/>
                <TextEquiv>
                    <Unicode>ohen fremden Standespersonen, die Hohen des Ho=</Unicode>
                </TextEquiv>
            </TextLine>
            <TextLine id="r_113_tl_8" custom="readingOrder {index:7;}">
                <Coords points="346,1659 1162,1652 1140,1609 346,1609"/>
                <Baseline points="358,1642 403,1642 447,1645 492,1645 537,1645 582,1645 627,1645 671,1645 716,1645 761,1645 806,1645 851,1645 895,1645 940,1645 985,1645 1030,1645 1074,1645 1119,1642 1164,1645 1167,1645"/>
                <TextEquiv>
                    <Unicode>espersonen, in prächtigster und glänzender Galla</Unicode>
                </TextEquiv>
            </TextLine>
            <TextLine id="r_113_tl_9" custom="readingOrder {index:8;}">
                <Coords points="346,1816 1155,1809 1155,1766 346,1775"/>
                <Baseline points="358,1803 400,1803 444,1806 489,1806 534,1809 579,1809 624,1809 668,1812 713,1809 758,1809 803,1806 848,1806 892,1806 937,1806 982,1803 1027,1800 1071,1800 1116,1803 1161,1800"/>
                <TextEquiv>
                    <Unicode>de Königin, das sämtliche hier befindliche Königl.</Unicode>
                </TextEquiv>
            </TextLine>
            <TextLine id="r_113_tl_10" custom="readingOrder {index:9;}">
                <Coords points="346,1897 1155,1895 1155,1852 1119,1848 635,1874 346,1852"/>
                <Baseline points="358,1887 400,1884 444,1884 489,1887 534,1887 579,1890 624,1890 668,1890 713,1893 758,1893 803,1893 848,1893 892,1890 937,1890 982,1887 1027,1884 1071,1884 1116,1884 1161,1884"/>
                <TextEquiv>
                    <Unicode>semden Prinzen, die innländischen Herren Mini</Unicode>
                </TextEquiv>
            </TextLine>
            <TextLine id="r_113_tl_11" custom="readingOrder {index:10;}">
                <Coords points="355,1936 1160,1936 1160,1893 1119,1889 863,1917 355,1893"/>
                <Baseline points="367,1928 412,1928 456,1928 501,1928 546,1928 591,1928 636,1931 680,1931 725,1931 770,1931 815,1931 859,1931 904,1931 949,1928 994,1926 1039,1926 1083,1926 1128,1926 1164,1928"/>
                <TextEquiv>
                    <Unicode>ers, die Herren Generals und viele Standesper</Unicode>
                </TextEquiv>
            </TextLine>
            <TextLine id="r_113_tl_12" custom="readingOrder {index:11;}">
                <Coords points="361,1977 1155,1977 1155,1938 1123,1930 361,1938"/>
                <Baseline points="373,1967 418,1967 462,1970 507,1970 552,1970 597,1970 642,1970 686,1973 731,1973 776,1973 821,1973 865,1973 910,1970 955,1973 1000,1967 1045,1967 1089,1967 1134,1967 1161,1967"/>
                <TextEquiv>
                    <Unicode>nen beyderley Geschlechts, nach dem Palais Sr.</Unicode>
                </TextEquiv>
            </TextLine>
            <TextLine id="r_113_tl_13" custom="readingOrder {index:12;}">
                <Coords points="349,2018 940,2035 1160,2014 1160,1979 1099,1971 985,1992 349,1975"/>
                <Baseline points="361,2009 406,2012 450,2012 495,2012 540,2012 585,2012 630,2012 674,2012 719,2012 764,2012 809,2015 854,2012 898,2012 943,2015 988,2012 1033,2009 1077,2009 1122,2009 1164,2009"/>
                <TextEquiv>
                    <Unicode>önigl. Hoheit, des Prinzen Heinrichs, allwo Se.</Unicode>
                </TextEquiv>
            </TextLine>
            <TextLine id="r_113_tl_14" custom="readingOrder {index:13;}">
                <Coords points="357,2110 1153,2100 1129,2057 357,2059"/>
                <Baseline points="370,2093 415,2096 459,2096 504,2096 549,2096 594,2096 639,2096 683,2096 728,2096 773,2096 818,2096 862,2096 907,2093 952,2096 997,2093 1042,2090 1086,2090 1131,2090 1158,2093"/>
                <TextEquiv>
                    <Unicode>stöar servirten tafeln gaben. Des Abends wurd¬</Unicode>
                </TextEquiv>
            </TextLine>
            <TextLine id="r_113_tl_15" custom="readingOrder {index:14;}">
                <Coords points="361,2140 1149,2138 1149,2097 361,2110"/>
                <Baseline points="373,2135 418,2135 462,2138 507,2138 552,2138 597,2138 642,2135 686,2138 731,2138 776,2141 821,2138 865,2135 910,2135 955,2135 1000,2135 1045,2135 1089,2132 1134,2132 1155,2135"/>
                <TextEquiv>
                    <Unicode>Opernhause das Singespiel, Lucius Papirius</Unicode>
                </TextEquiv>
            </TextLine>
            <TextLine id="r_113_tl_16" custom="readingOrder {index:15;}">
                <Coords points="349,2184 1149,2186 1127,2136 349,2140"/>
                <Baseline points="361,2176 394,2176 438,2176 483,2179 528,2179 573,2179 618,2179 662,2179 707,2179 752,2179 797,2179 842,2179 886,2176 931,2176 976,2173 1021,2173 1066,2173 1110,2170 1155,2170"/>
                <TextEquiv>
                    <Unicode>ifgeführet. Nach geendigter Opera geruhten mehr</Unicode>
                </TextEquiv>
            </TextLine>
            <TextLine id="r_113_tl_17" custom="readingOrder {index:16;}">
                <Coords points="349,2220 1149,2218 1149,2184 1108,2177 349,2184"/>
                <Baseline points="361,2215 394,2215 438,2218 483,2218 528,2221 573,2221 618,2221 662,2221 707,2221 752,2221 797,2221 842,2218 886,2218 931,2215 976,2215 1021,2215 1066,2212 1110,2212 1155,2212"/>
                <TextEquiv>
                    <Unicode>wahnte Höchste Königl. und hohe Personen, in den</Unicode>
                </TextEquiv>
            </TextLine>
            <TextLine id="r_113_tl_18" custom="readingOrder {index:17;}">
                <Coords points="357,2274 1089,2265 1147,2261 1149,2220 357,2224"/>
                <Baseline points="370,2257 391,2260 435,2260 480,2260 525,2263 570,2260 615,2260 659,2263 704,2260 749,2260 794,2260 839,2260 883,2260 928,2257 973,2257 1018,2254 1063,2254 1107,2254 1152,2254"/>
                <TextEquiv>
                    <Unicode>ächtig erleuchteten Zimmern Sr. Königl. Hoheit,</Unicode>
                </TextEquiv>
            </TextLine>
            <TextLine id="r_113_tl_19" custom="readingOrder {index:18;}">
                <Coords points="346,2306 1144,2302 1132,2259 346,2267"/>
                <Baseline points="358,2296 403,2299 447,2302 492,2302 537,2305 582,2302 627,2302 671,2302 716,2302 761,2302 806,2302 851,2299 895,2299 940,2299 985,2296 1030,2296 1074,2296 1119,2293 1149,2296"/>
                <TextEquiv>
                    <Unicode>Prinzen Heinrichs, dem großen öffentlichen Ball</Unicode>
                </TextEquiv>
            </TextLine>
            <TextLine id="r_113_tl_20" custom="readingOrder {index:19;}">
                <Coords points="344,2356 1144,2343 1144,2302 1078,2295 904,2319 346,2308"/>
                <Baseline points="358,2341 388,2341 432,2344 477,2344 522,2344 567,2344 612,2344 656,2344 701,2344 746,2344 791,2344 836,2344 880,2341 925,2341 970,2344 1015,2338 1060,2338 1104,2335 1149,2332"/>
                <TextEquiv>
                    <Unicode>masque beyzuwohnen, zu welchem auf gnädige Er=</Unicode>
                </TextEquiv>
            </TextLine>
            <TextLine id="r_113_tl_21" custom="readingOrder {index:20;}">
                <Coords points="346,2388 1132,2392 1134,2341 349,2353"/>
                <Baseline points="358,2379 403,2382 447,2382 492,2385 537,2385 582,2385 627,2385 671,2385 716,2385 761,2385 806,2385 851,2382 895,2382 940,2382 985,2379 1030,2379 1074,2379 1119,2379 1140,2379"/>
                <TextEquiv>
                    <Unicode>übniß Sr. Königl. Hoheit, auch eine große Anzah</Unicode>
                </TextEquiv>
            </TextLine>
            <TextLine id="r_113_tl_22" custom="readingOrder {index:21;}">
                <Coords points="346,2427 1140,2431 1140,2390 1104,2388 346,2388"/>
                <Baseline points="358,2421 403,2424 447,2424 492,2424 537,2427 582,2427 627,2427 671,2424 716,2424 761,2424 806,2424 851,2424 895,2421 940,2421 985,2418 1030,2418 1074,2421 1119,2421 1143,2421"/>
                <TextEquiv>
                    <Unicode>Lasquen von verschiedener Condition, waren zuge¬</Unicode>
                </TextEquiv>
            </TextLine>
            <TextLine id="r_113_tl_23" custom="readingOrder {index:22;}">
                <Coords points="346,2511 1134,2508 1134,2474 1082,2465 346,2478"/>
                <Baseline points="358,2502 403,2505 447,2505 492,2505 537,2508 582,2508 627,2508 671,2508 716,2508 761,2508 806,2505 851,2505 895,2502 940,2502 985,2502 1030,2502 1074,2502 1119,2502 1140,2502"/>
                <TextEquiv>
                    <Unicode>omack herrschten hkebey überall, und die Erfrischun</Unicode>
                </TextEquiv>
            </TextLine>
            <TextLine id="r_113_tl_24" custom="readingOrder {index:23;}">
                <Coords points="349,2551 1138,2556 1138,2515 1091,2506 349,2511"/>
                <Baseline points="361,2544 406,2544 450,2547 495,2547 540,2547 585,2550 630,2550 674,2547 719,2547 764,2547 809,2547 854,2547 898,2544 943,2544 988,2544 1033,2544 1077,2544 1122,2544 1143,2544"/>
                <TextEquiv>
                    <Unicode>nwu den an die zahlreiche Anwesende im Ueber¬</Unicode>
                </TextEquiv>
            </TextLine>
            <TextLine id="r_113_tl_25" custom="readingOrder {index:24;}">
                <Coords points="346,2620 1134,2605 1110,2549 346,2549"/>
                <Baseline points="358,2585 403,2588 447,2588 492,2588 537,2591 582,2591 627,2591 671,2594 716,2591 761,2588 806,2591 851,2588 895,2588 940,2588 985,2588 1030,2588 1074,2588 1119,2588 1140,2585"/>
                <TextEquiv>
                    <Unicode>iß ausgetheilet: so daß sich dieser Ball erst mit vie¬</Unicode>
                </TextEquiv>
            </TextLine>
            <TextEquiv>
                <Unicode></Unicode>
            </TextEquiv>
        </TextRegion>
        <TextRegion id="r_114" custom="readingOrder {index:3;}">
            <Coords points="1190,949 2078,949 2054,2649 1161,2645"/>
            <TextLine id="r_114_tl_1" custom="readingOrder {index:0;}">
                <Coords points="1194,998 2044,992 2044,951 1994,944 1194,944"/>
                <Baseline points="1206,985 1242,985 1286,982 1331,985 1376,982 1421,982 1466,982 1510,982 1555,985 1600,985 1645,985 1690,982 1734,985 1779,985 1824,985 1869,982 1914,982 1958,982 2003,982 2048,982"/>
                <TextEquiv>
                    <Unicode>lem Vergnügen sehr spät in der Nacht endigte. Des</Unicode>
                </TextEquiv>
            </TextLine>
            <TextLine id="r_114_tl_2" custom="readingOrder {index:1;}">
                <Coords points="357,1028 2039,1039 2007,987 357,985"/>
                <Baseline points="370,1024 415,1027 459,1030 504,1030 549,1033 594,1033 639,1033 683,1033 728,1033 773,1033 818,1033 862,1030 907,1030 952,1030 997,1027 1042,1027 1086,1027 1131,1027 1176,1027 1182,1024 1206,1024 1251,1027 1295,1027 1340,1024 1385,1024 1430,1024 1475,1024 1519,1024 1564,1024 1609,1024 1654,1024 1699,1024 1743,1024 1788,1024 1833,1024 1878,1024 1923,1021 1967,1024 2012,1027 2045,1024"/>
                <TextEquiv>
                    <Unicode>Se. Königl. Majestät haben den hiesigen Garni= regierenden Fürsten von Anhalt=Cöthen Durchlaucht.</Unicode>
                </TextEquiv>
            </TextLine>
            <TextLine id="r_114_tl_3" custom="readingOrder {index:2;}">
                <Coords points="346,1076 2029,1097 2029,1035 346,1033"/>
                <Baseline points="358,1069 379,1069 424,1069 468,1071 513,1074 558,1071 603,1071 647,1071 692,1071 737,1071 782,1074 827,1074 871,1071 916,1071 961,1071 1006,1069 1051,1066 1095,1066 1140,1066 1185,1066 1206,1071 1227,1069 1272,1069 1316,1069 1361,1069 1406,1066 1451,1063 1496,1063 1540,1066 1585,1066 1630,1066 1675,1066 1719,1066 1764,1066 1809,1066 1854,1066 1899,1066 1943,1066 1988,1066 2033,1069"/>
                <TextEquiv>
                    <Unicode>on Auditeur, Herrn Weyde, zugleich zum Oberau= sind aus Dero Residenz Cöthen, allhier angelanget,</Unicode>
                </TextEquiv>
            </TextLine>
            <TextLine id="r_114_tl_4" custom="readingOrder {index:3;}">
                <Coords points="1424,1112 1822,1112 1822,1073 1708,1082 1687,1069 1654,1080 1594,1067 1566,1084 1547,1071 1424,1067"/>
                <Baseline points="1436,1107 1469,1104 1513,1107 1558,1107 1603,1104 1648,1104 1693,1107 1737,1107 1782,1104 1827,1104"/>
                <TextEquiv>
                    <Unicode>Wien, den 8. Jan.</Unicode>
                </TextEquiv>
            </TextLine>
            <TextLine id="r_114_tl_5" custom="readingOrder {index:4;}">
                <Coords points="1233,1153 2037,1162 2037,1119 2001,1108 1233,1108"/>
                <Baseline points="1245,1146 1289,1146 1334,1149 1379,1149 1424,1149 1469,1146 1513,1146 1558,1146 1603,1146 1648,1146 1693,1146 1737,1146 1782,1146 1827,1146 1872,1146 1917,1143 1961,1143 2006,1143 2042,1149"/>
                <TextEquiv>
                    <Unicode>Die Installation des Prinzen Albert zu Sachsen,</Unicode>
                </TextEquiv>
            </TextLine>
            <TextLine id="r_114_tl_6" custom="readingOrder {index:5;}">
                <Coords points="338,1200 2039,1196 2039,1157 1895,1149 338,1164"/>
                <Baseline points="349,1191 394,1191 438,1191 483,1194 528,1197 573,1197 618,1194 662,1194 707,1194 752,1194 797,1194 842,1194 886,1194 931,1191 976,1191 1021,1188 1066,1188 1110,1188 1155,1191 1185,1191 1200,1191 1239,1188 1284,1191 1328,1191 1373,1191 1418,1191 1463,1191 1507,1188 1552,1185 1597,1188 1642,1188 1687,1188 1731,1185 1776,1185 1821,1188 1866,1185 1911,1185 1955,1185 2000,1185 2045,1185"/>
                <TextEquiv>
                    <Unicode>ruhet. Gestern, als an dem höchsterfreulichen Ge= Königl. Hoheit, zum Statthalter im Königreich Un¬</Unicode>
                </TextEquiv>
            </TextLine>
            <TextLine id="r_114_tl_7" custom="readingOrder {index:6;}">
                <Coords points="346,1237 2033,1237 1994,1192 346,1200"/>
                <Baseline points="358,1233 403,1233 447,1233 492,1233 537,1236 582,1236 627,1236 671,1236 716,1236 761,1236 806,1236 851,1236 895,1233 940,1233 985,1233 1030,1230 1074,1230 1119,1233 1164,1233 1179,1233 1203,1233 1233,1230 1278,1233 1322,1233 1367,1230 1412,1230 1457,1230 1501,1230 1546,1230 1591,1230 1636,1230 1681,1230 1725,1227 1770,1227 1815,1227 1860,1227 1905,1227 1949,1227 1994,1227 2039,1227"/>
                <TextEquiv>
                    <Unicode>urtsfeste Sr. Majestät, des Königes, unsers großen garn, ist zwar den 7ten dieses zu Presburg vor sich</Unicode>
                </TextEquiv>
            </TextLine>
            <TextLine id="r_114_tl_8" custom="readingOrder {index:7;}">
                <Coords points="349,1278 2039,1280 2003,1235 349,1239"/>
                <Baseline points="361,1272 406,1275 450,1275 495,1275 540,1275 585,1275 630,1278 674,1278 719,1278 764,1278 809,1278 854,1275 898,1275 943,1275 988,1272 1033,1272 1077,1272 1122,1275 1167,1275 1179,1275 1200,1275 1239,1272 1284,1272 1328,1272 1373,1272 1418,1275 1463,1272 1507,1272 1552,1272 1597,1269 1642,1272 1687,1269 1731,1269 1776,1269 1821,1269 1866,1269 1911,1269 1955,1269 2000,1269 2045,1266"/>
                <TextEquiv>
                    <Unicode>Nonarchen, da Höchstdieselben, unter unzähligen gegangen, es sind aber, weder Se. Majestät der Kay¬</Unicode>
                </TextEquiv>
            </TextLine>
            <TextLine id="r_114_tl_9" custom="readingOrder {index:8;}">
                <Coords points="1187,1321 2039,1325 2039,1280 1996,1274 1187,1284"/>
                <Baseline points="1200,1313 1239,1310 1284,1310 1328,1310 1373,1310 1418,1313 1463,1313 1507,1313 1552,1313 1597,1313 1642,1313 1687,1313 1731,1310 1776,1310 1821,1310 1866,1310 1911,1313 1955,1310 2000,1310 2045,1310"/>
                <TextEquiv>
                    <Unicode>ser, noch des Höchstgedachten Prinzen Königl. Ho¬</Unicode>
                </TextEquiv>
            </TextLine>
            <TextLine id="r_114_tl_10" custom="readingOrder {index:9;}">
                <Coords points="1192,1366 2029,1364 2029,1319 1964,1310 1192,1321"/>
                <Baseline points="1203,1352 1227,1352 1272,1352 1316,1352 1361,1355 1406,1355 1451,1352 1496,1352 1540,1352 1585,1352 1630,1352 1675,1352 1719,1352 1764,1352 1809,1352 1854,1352 1899,1352 1943,1349 1988,1349 2033,1349"/>
                <TextEquiv>
                    <Unicode>heit, dabey zugegen gewesen. Der Ungarische Herr</Unicode>
                </TextEquiv>
            </TextLine>
            <TextLine id="r_114_tl_11" custom="readingOrder {index:10;}">
                <Coords points="344,1403 2031,1398 1994,1355 344,1372"/>
                <Baseline points="355,1394 400,1394 444,1394 489,1394 534,1397 579,1397 624,1397 668,1397 713,1400 758,1400 803,1400 848,1397 892,1397 937,1397 982,1394 1027,1394 1071,1394 1116,1394 1161,1394 1176,1394 1197,1394 1230,1394 1275,1394 1319,1394 1364,1394 1409,1394 1454,1394 1499,1394 1543,1394 1588,1394 1633,1394 1678,1394 1722,1394 1767,1391 1812,1394 1857,1394 1902,1391 1946,1391 1991,1391 2036,1388"/>
                <TextEquiv>
                    <Unicode>den gegen Mittag die Königl. Prinzen, die beyden Hofkanzler, Graf von Esterhazy, hat solche bloß da¬</Unicode>
                </TextEquiv>
            </TextLine>
            <TextLine id="r_114_tl_12" custom="readingOrder {index:11;}">
                <Coords points="1192,1446 2033,1443 2033,1398 2007,1396 1788,1418 1495,1398 1471,1422 1192,1400"/>
                <Baseline points="1203,1439 1233,1436 1278,1436 1322,1436 1367,1436 1412,1436 1457,1436 1501,1436 1546,1436 1591,1436 1636,1436 1681,1436 1725,1433 1770,1433 1815,1433 1860,1436 1905,1433 1949,1433 1994,1433 2039,1436"/>
                <TextEquiv>
                    <Unicode>selbst publiciret. Man wil zugleich versichern, daß</Unicode>
                </TextEquiv>
            </TextLine>
            <TextLine id="r_114_tl_13" custom="readingOrder {index:12;}">
                <Coords points="1187,1478 2035,1482 2035,1448 1999,1439 1187,1448"/>
                <Baseline points="1200,1472 1245,1478 1289,1475 1334,1478 1379,1478 1424,1481 1469,1478 1513,1478 1558,1478 1603,1475 1648,1475 1693,1478 1737,1478 1782,1475 1827,1475 1872,1475 1917,1475 1961,1472 2006,1472 2039,1475"/>
                <TextEquiv>
                    <Unicode>Se. Königl. Hoheit nicht eher, als nach vollzogener</Unicode>
                </TextEquiv>
            </TextLine>
            <TextLine id="r_114_tl_14" custom="readingOrder {index:13;}">
                <Coords points="340,1523 2029,1527 2003,1478 340,1482"/>
                <Baseline points="352,1516 397,1516 441,1516 486,1519 531,1519 576,1522 621,1522 665,1522 710,1522 755,1525 800,1522 845,1519 889,1519 934,1519 979,1519 1024,1519 1069,1519 1113,1519 1158,1519 1179,1519 1197,1516 1242,1516 1286,1516 1331,1516 1376,1519 1421,1516 1466,1519 1510,1519 1555,1516 1600,1516 1645,1516 1690,1516 1734,1516 1779,1516 1824,1516 1869,1516 1914,1516 1958,1516 2003,1513 2033,1516"/>
                <TextEquiv>
                    <Unicode>es, die inn= und ausländischen Ministers, die hohe Vermählung mit Ihro Königl. Hoheit. der Erzher¬</Unicode>
                </TextEquiv>
            </TextLine>
            <TextLine id="r_114_tl_15" custom="readingOrder {index:14;}">
                <Coords points="346,1564 2033,1564 1990,1517 346,1523"/>
                <Baseline points="358,1558 403,1558 447,1561 492,1561 537,1561 582,1564 627,1564 671,1564 716,1564 761,1564 806,1561 851,1561 895,1561 940,1561 985,1561 1030,1561 1074,1561 1119,1561 1164,1561 1170,1561 1188,1561 1233,1558 1278,1555 1322,1561 1367,1561 1412,1558 1457,1558 1501,1558 1546,1561 1591,1558 1636,1558 1681,1558 1725,1561 1770,1555 1815,1555 1860,1558 1905,1555 1949,1555 1994,1555 2039,1552"/>
                <TextEquiv>
                    <Unicode>Heneralität und sämtliche Herren Staabsofficiers zogin Christina, nach gedachten Presburg abgehen</Unicode>
                </TextEquiv>
            </TextLine>
            <TextLine id="r_114_tl_16" custom="readingOrder {index:15;}">
                <Coords points="346,1607 2029,1605 2029,1562 346,1564"/>
                <Baseline points="358,1600 403,1600 447,1603 492,1603 537,1606 582,1606 627,1606 671,1606 716,1606 761,1606 806,1603 851,1603 895,1603 940,1603 985,1603 1030,1603 1074,1603 1119,1603 1164,1603 1176,1603 1188,1597 1227,1597 1272,1597 1316,1600 1361,1603 1406,1603 1451,1600 1496,1600 1540,1600 1585,1597 1630,1597 1675,1597 1719,1597 1764,1597 1809,1597 1854,1597 1899,1597 1943,1597 1988,1597 2033,1594"/>
                <TextEquiv>
                    <Unicode>er hiesigen Garnison, und sehr viele andere Stan= werden. Indessen wird an der Einrichtung des</Unicode>
                </TextEquiv>
            </TextLine>
            <TextLine id="r_114_tl_17" custom="readingOrder {index:16;}">
                <Coords points="1185,1652 2029,1650 2029,1605 2003,1603 1185,1607"/>
                <Baseline points="1197,1642 1227,1639 1272,1639 1316,1639 1361,1639 1406,1639 1451,1642 1496,1642 1540,1642 1585,1639 1630,1639 1675,1639 1719,1639 1764,1639 1809,1639 1854,1639 1899,1639 1943,1636 1988,1636 2033,1636"/>
                <TextEquiv>
                    <Unicode>Hofstaats nur gedachten hohen Brautpaars, noch</Unicode>
                </TextEquiv>
            </TextLine>
            <TextLine id="r_114_tl_18" custom="readingOrder {index:17;}">
                <Coords points="346,1687 2029,1689 2005,1641 346,1659"/>
                <Baseline points="358,1681 403,1681 447,1684 492,1687 537,1687 582,1687 627,1687 671,1687 716,1687 761,1687 806,1687 851,1684 895,1684 940,1684 985,1684 1030,1684 1074,1684 1119,1684 1164,1684 1167,1681 1191,1678 1236,1678 1281,1681 1325,1678 1370,1681 1415,1681 1460,1681 1504,1681 1549,1681 1594,1681 1639,1681 1684,1681 1728,1678 1773,1681 1818,1681 1863,1681 1908,1678 1952,1678 1997,1678 2033,1681"/>
                <TextEquiv>
                    <Unicode>ey Hofe, und statteten bey Höchstdenenselben diege= eifrig gearbeitet, es soll selbiger in Ansehung der</Unicode>
                </TextEquiv>
            </TextLine>
            <TextLine id="r_114_tl_19" custom="readingOrder {index:18;}">
                <Coords points="333,1734 2031,1732 2011,1680 333,1693"/>
                <Baseline points="346,1722 367,1722 412,1725 456,1725 501,1725 546,1725 591,1728 636,1725 680,1725 725,1728 770,1728 815,1731 859,1725 904,1722 949,1722 994,1722 1039,1722 1083,1722 1128,1722 1173,1719 1197,1719 1230,1716 1275,1716 1319,1716 1364,1719 1409,1719 1454,1719 1499,1719 1543,1719 1588,1716 1633,1716 1678,1716 1722,1716 1767,1716 1812,1719 1857,1719 1902,1716 1946,1716 1991,1716 2036,1716"/>
                <TextEquiv>
                    <Unicode>wöhnlichen Glückwünsche ab. Des Mittags bega= Unterbedienten, aus 10 Leiblaquayen, 14 Heyducken,</Unicode>
                </TextEquiv>
            </TextLine>
            <TextLine id="r_114_tl_20" custom="readingOrder {index:19;}">
                <Coords points="349,1775 2031,1766 2031,1734 1891,1723 349,1736"/>
                <Baseline points="361,1764 406,1764 450,1767 495,1767 540,1767 585,1770 630,1767 674,1767 719,1767 764,1767 809,1767 854,1767 898,1764 943,1764 988,1764 1033,1761 1077,1761 1122,1758 1164,1764 1188,1758 1230,1758 1275,1758 1319,1758 1364,1758 1409,1758 1454,1758 1499,1758 1543,1758 1588,1758 1633,1758 1678,1758 1722,1755 1767,1755 1812,1755 1857,1755 1902,1758 1946,1758 1991,1755 2036,1755"/>
                <TextEquiv>
                    <Unicode>sen Sich Se. Majestät, der König, Khro Majestät, 4 Laufern, 3 Kammerthürhütern und 3 Kammer¬</Unicode>
                </TextEquiv>
            </TextLine>
            <TextLine id="r_114_tl_21" custom="readingOrder {index:20;}">
                <Coords points="1177,1805 2024,1805 2024,1762 1177,1766"/>
                <Baseline points="1188,1797 1233,1797 1278,1797 1322,1797 1367,1797 1412,1797 1457,1800 1501,1803 1546,1797 1591,1797 1636,1800 1681,1797 1725,1797 1770,1797 1815,1797 1860,1797 1905,1800 1949,1797 1994,1797 2030,1797"/>
                <TextEquiv>
                    <Unicode>dienern, ohne das Frauenzimmer, bestehen. Des</Unicode>
                </TextEquiv>
            </TextLine>
            <TextLine id="r_114_tl_22" custom="readingOrder {index:21;}">
                <Coords points="349,1859 2029,1854 2014,1807 349,1816"/>
                <Baseline points="361,1842 406,1845 450,1845 495,1848 540,1848 585,1848 630,1851 674,1851 719,1851 764,1851 809,1851 854,1848 898,1848 943,1848 988,1845 1033,1845 1077,1845 1122,1842 1167,1845 1191,1842 1236,1842 1281,1842 1325,1839 1370,1842 1415,1839 1460,1842 1504,1842 1549,1839 1594,1842 1639,1842 1684,1842 1728,1839 1773,1842 1818,1842 1863,1842 1908,1842 1952,1839 1997,1839 2033,1842"/>
                <TextEquiv>
                    <Unicode>daus, die beyden Braunschweigischen Prinzen, die Prinzen Alberts, Königl. Hoheit, haben zugleich</Unicode>
                </TextEquiv>
            </TextLine>
            <TextLine id="r_114_tl_23" custom="readingOrder {index:22;}">
                <Coords points="1179,1891 2029,1893 2029,1852 1977,1846 1179,1859"/>
                <Baseline points="1191,1884 1236,1884 1281,1884 1325,1884 1370,1881 1415,1884 1460,1881 1504,1884 1549,1884 1594,1884 1639,1884 1684,1881 1728,1881 1773,1881 1818,1881 1863,1881 1908,1881 1952,1881 1997,1881 2033,1884"/>
                <TextEquiv>
                    <Unicode>auf Ansinnen des allerhöchsten Hofes, Dero bishe¬</Unicode>
                </TextEquiv>
            </TextLine>
            <TextLine id="r_114_tl_24" custom="readingOrder {index:23;}">
                <Coords points="1185,1932 2024,1938 2024,1897 1966,1889 1185,1893"/>
                <Baseline points="1197,1926 1242,1926 1286,1926 1331,1926 1376,1926 1421,1926 1466,1926 1510,1923 1555,1926 1600,1926 1645,1926 1690,1923 1734,1926 1779,1923 1824,1926 1869,1926 1914,1926 1958,1926 2003,1923 2030,1926"/>
                <TextEquiv>
                    <Unicode>rige protestantische Bediente, unter andern einen</Unicode>
                </TextEquiv>
            </TextLine>
            <TextLine id="r_114_tl_25" custom="readingOrder {index:24;}">
                <Coords points="1177,1966 2024,1973 2024,1936 1938,1925 1177,1932"/>
                <Baseline points="1188,1964 1233,1967 1278,1967 1322,1967 1367,1967 1412,1967 1457,1967 1501,1967 1546,1967 1591,1967 1636,1967 1681,1964 1725,1964 1770,1964 1815,1964 1860,1967 1905,1967 1949,1967 1994,1964 2027,1964"/>
                <TextEquiv>
                    <Unicode>Büchsenspanner, und einen Wundarzt, abzuschaffen</Unicode>
                </TextEquiv>
            </TextLine>
            <TextLine id="r_114_tl_26" custom="readingOrder {index:25;}">
                <Coords points="1179,2011 2022,2014 2022,1973 1994,1971 1179,1968"/>
                <Baseline points="1191,2009 1221,2006 1266,2009 1310,2009 1355,2009 1400,2009 1445,2009 1490,2009 1534,2009 1579,2009 1624,2009 1669,2006 1713,2006 1758,2006 1803,2006 1848,2006 1893,2006 1937,2009 1982,2006 2027,2006"/>
                <TextEquiv>
                    <Unicode>vor gut gefunden. Ueber das bevorstehende große</Unicode>
                </TextEquiv>
            </TextLine>
            <TextLine id="r_114_tl_27" custom="readingOrder {index:26;}">
                <Coords points="357,2059 2022,2054 2005,2011 357,2022"/>
                <Baseline points="370,2054 397,2054 441,2054 486,2054 531,2054 576,2054 621,2054 665,2054 710,2057 755,2054 800,2054 845,2054 889,2054 934,2054 979,2054 1024,2054 1069,2048 1113,2048 1158,2051 1182,2048 1227,2048 1272,2048 1316,2051 1361,2051 1406,2048 1451,2048 1496,2048 1540,2048 1585,2048 1630,2051 1675,2048 1719,2048 1764,2045 1809,2048 1854,2048 1899,2048 1943,2048 1988,2048 2027,2051"/>
                <TextEquiv>
                    <Unicode>önigl. Hoheit ein großes Dinee an verschiedenen Campement in Böhmen, haben Se. Kayserl.</Unicode>
                </TextEquiv>
            </TextLine>
            <TextLine id="r_114_tl_28" custom="readingOrder {index:27;}">
                <Coords points="1177,2097 2018,2100 2018,2052 1177,2057"/>
                <Baseline points="1188,2087 1233,2087 1278,2093 1322,2090 1367,2090 1412,2090 1457,2090 1501,2093 1546,2093 1591,2093 1636,2090 1681,2090 1725,2090 1770,2090 1815,2090 1860,2090 1905,2090 1949,2090 1994,2090 2024,2090"/>
                <TextEquiv>
                    <Unicode>Majest. dem General Laudon das Commando auf¬</Unicode>
                </TextEquiv>
            </TextLine>
            <TextLine id="r_114_tl_29" custom="readingOrder {index:28;}">
                <Coords points="1170,2156 1248,2132 1276,2145 1299,2134 1338,2147 1368,2134 1411,2149 1426,2136 1463,2140 1463,2102 1411,2095 1375,2106 1353,2095 1314,2104 1213,2095 1170,2108"/>
                <Baseline points="1182,2135 1200,2132 1245,2129 1289,2132 1334,2135 1379,2132 1424,2132 1469,2132"/>
                <TextEquiv>
                    <Unicode>zutragen geruhet.</Unicode>
                </TextEquiv>
            </TextLine>
            <TextLine id="r_114_tl_30" custom="readingOrder {index:29;}">
                <Coords points="1215,2179 2024,2177 2024,2140 1859,2117 1773,2145 1510,2119 1413,2149 1215,2136"/>
                <Baseline points="1227,2170 1272,2170 1316,2173 1361,2173 1406,2173 1451,2173 1496,2170 1540,2170 1585,2170 1630,2170 1675,2170 1719,2173 1764,2170 1809,2170 1854,2170 1899,2170 1943,2170 1988,2167 2030,2170"/>
                <TextEquiv>
                    <Unicode>Dieser Tage ist die Schmückung des Frauenzim¬</Unicode>
                </TextEquiv>
            </TextLine>
            <TextLine id="r_114_tl_31" custom="readingOrder {index:30;}">
                <Coords points="1177,2216 2016,2224 2016,2177 1177,2175"/>
                <Baseline points="1188,2209 1233,2212 1278,2212 1322,2212 1367,2212 1412,2215 1457,2212 1501,2212 1546,2212 1591,2212 1636,2212 1681,2212 1725,2212 1770,2212 1815,2212 1860,2212 1905,2209 1949,2212 1994,2212 2021,2212"/>
                <TextEquiv>
                    <Unicode>mers mit Verfärbung oder Anstrich des Angesichts,</Unicode>
                </TextEquiv>
            </TextLine>
            <TextLine id="r_114_tl_32" custom="readingOrder {index:31;}">
                <Coords points="1170,2252 2018,2263 2003,2220 1170,2224"/>
                <Baseline points="1182,2251 1227,2251 1272,2254 1316,2254 1361,2254 1406,2254 1451,2254 1496,2254 1540,2251 1585,2254 1630,2254 1675,2254 1719,2251 1764,2254 1809,2254 1854,2254 1899,2251 1943,2251 1988,2251 2024,2254"/>
                <TextEquiv>
                    <Unicode>durch ein öffentlich Patent aufs schärfste verboten</Unicode>
                </TextEquiv>
            </TextLine>
            <TextLine id="r_114_tl_33" custom="readingOrder {index:32;}">
                <Coords points="1170,2302 2014,2306 2014,2265 1983,2257 1170,2252"/>
                <Baseline points="1182,2293 1227,2293 1272,2296 1316,2296 1361,2299 1406,2296 1451,2296 1496,2296 1540,2296 1585,2293 1630,2293 1675,2293 1719,2293 1764,2293 1809,2293 1854,2293 1899,2293 1943,2293 1988,2293 2018,2293"/>
                <TextEquiv>
                    <Unicode>worden. Am Dienstage geruheten Se. Majestät,</Unicode>
                </TextEquiv>
            </TextLine>
            <TextLine id="r_114_tl_34" custom="readingOrder {index:33;}">
                <Coords points="1170,2338 2022,2343 2022,2306 1981,2302 1170,2302"/>
                <Baseline points="1182,2335 1221,2335 1266,2338 1310,2338 1355,2338 1400,2338 1445,2338 1490,2338 1534,2335 1579,2335 1624,2335 1669,2335 1713,2338 1758,2335 1803,2335 1848,2335 1893,2332 1937,2332 1982,2332 2027,2329"/>
                <TextEquiv>
                    <Unicode>der Kayser, Mittags nach 12 Uhr, eine Schlitten¬</Unicode>
                </TextEquiv>
            </TextLine>
            <TextLine id="r_114_tl_35" custom="readingOrder {index:34;}">
                <Coords points="1177,2384 2018,2379 1999,2338 1177,2341"/>
                <Baseline points="1188,2373 1233,2376 1278,2376 1322,2379 1367,2379 1412,2379 1457,2379 1501,2376 1546,2376 1591,2376 1636,2376 1681,2376 1725,2376 1770,2376 1815,2376 1860,2376 1905,2373 1949,2373 1994,2373 2024,2373"/>
                <TextEquiv>
                    <Unicode>fahrt in Rennschlitten aus Dero Gartenpalais in der</Unicode>
                </TextEquiv>
            </TextLine>
            <TextLine id="r_114_tl_36" custom="readingOrder {index:35;}">
                <Coords points="1164,2433 2016,2420 2003,2377 1164,2384"/>
                <Baseline points="1176,2421 1215,2418 1260,2418 1304,2418 1349,2418 1394,2418 1439,2418 1484,2418 1528,2418 1573,2418 1618,2418 1663,2415 1708,2415 1752,2418 1797,2415 1842,2415 1887,2415 1931,2412 1976,2412 2021,2409"/>
                <TextEquiv>
                    <Unicode>Josephstadt vor die Linie nach Schönbrunn, und</Unicode>
                </TextEquiv>
            </TextLine>
            <TextLine id="r_114_tl_37" custom="readingOrder {index:36;}">
                <Coords points="349,2476 1762,2474 2018,2465 2020,2420 349,2427"/>
                <Baseline points="361,2463 406,2463 450,2463 495,2466 540,2469 585,2466 630,2466 674,2466 719,2466 764,2466 809,2463 854,2463 898,2463 943,2460 988,2460 1033,2460 1077,2460 1122,2460 1152,2463 1176,2460 1218,2457 1263,2457 1307,2460 1352,2460 1397,2460 1442,2460 1487,2457 1531,2460 1576,2460 1621,2457 1666,2457 1711,2457 1755,2457 1800,2457 1845,2457 1890,2454 1934,2454 1979,2451 2024,2451"/>
                <TextEquiv>
                    <Unicode>ssen worden. Pracht, Ordnung und guter Ge= von da nach St. Veit zu halten, wo ebenfalls Ihro</Unicode>
                </TextEquiv>
            </TextLine>
            <TextLine id="r_114_tl_38" custom="readingOrder {index:37;}">
                <Coords points="1164,2511 2018,2502 2018,2465 1960,2457 1166,2461"/>
                <Baseline points="1176,2502 1218,2502 1263,2502 1307,2502 1352,2499 1397,2502 1442,2502 1487,2502 1531,2499 1576,2499 1621,2499 1666,2499 1711,2499 1755,2499 1800,2496 1845,2493 1890,2493 1934,2493 1979,2493 2024,2493"/>
                <TextEquiv>
                    <Unicode>Majestät, die Kayserin, nebst den 4 ältesten Erzher=</Unicode>
                </TextEquiv>
            </TextLine>
            <TextLine id="r_114_tl_39" custom="readingOrder {index:38;}">
                <Coords points="1157,2558 2022,2547 2022,2508 1990,2500 1157,2498"/>
                <Baseline points="1170,2547 1176,2547 1221,2544 1266,2541 1310,2541 1355,2541 1400,2544 1445,2544 1490,2541 1534,2541 1579,2538 1624,2538 1669,2538 1713,2538 1758,2538 1803,2535 1848,2535 1893,2535 1937,2535 1982,2535 2027,2538"/>
                <TextEquiv>
                    <Unicode>zoginnen Königl. Hoheiten, und einigen Cavalliers,</Unicode>
                </TextEquiv>
            </TextLine>
            <TextLine id="r_114_tl_40" custom="readingOrder {index:39;}">
                <Coords points="1155,2594 1254,2620 1433,2586 1575,2618 2016,2584 2016,2545 1822,2534 1155,2558"/>
                <Baseline points="1167,2594 1170,2591 1215,2588 1260,2585 1304,2585 1349,2585 1394,2585 1439,2585 1484,2585 1528,2585 1573,2582 1618,2585 1663,2582 1708,2582 1752,2579 1797,2579 1842,2576 1887,2576 1931,2573 1976,2576 2021,2576"/>
                <TextEquiv>
                    <Unicode>zugegen waren. Die höchsten Herrschaften speiseten</Unicode>
                </TextEquiv>
            </TextLine>
            <TextLine id="r_114_tl_41" custom="readingOrder {index:40;}">
                <Coords points="1917,2644 1930,2644 1940,2652 1947,2646 1955,2650 1964,2642 1977,2646 1988,2644 1992,2648 2014,2644 2011,2586 1994,2588 1983,2582 1962,2579 1936,2582 1932,2586 1915,2584"/>
                <Baseline points="1928,2618 1973,2618 2018,2621"/>
                <TextEquiv>
                    <Unicode>Mit=</Unicode>
                </TextEquiv>
            </TextLine>
            <TextEquiv>
                <Unicode></Unicode>
            </TextEquiv>
        </TextRegion>
    </Page>
</PcGts>
