2479 3213
704 1450 1644 1549 11tes Stück. Freitag, den 7. Februar 1766.
647 1573 810 1636 Berlin.
361 1590 2021 1670 Des Abtes Trüblet Versuche über verschiedene höchstens unter gewisse Klassen von Gegenständen,
338 1644 2019 1712 Gegenstände der Sittenlehre und Gelehrsamkeit, im übrigen ist man vor Wiederholungen nicht sicher
338 1678 2021 1754 3ter und 4ter Thel. Bey Mylius 1766, nebst und auch nicht bange. Wir vergeben dieses gleich¬
334 1738 1112 1799 2 Titelblättern zu den vorigen beyden Theilen.
370 1750 2025 1828 Was man von den Characteren des Bruyere zu tik, der Litteratur und der Moral herumirren, nur
328 1790 2025 1866 urtheilen pflegt, es wären Perlen die nicht aufgefa- wünschten wir auch besonders bey französischen
332 1845 2027 1919 delt worden, das kann man auch von den Gedanken Schriftstellern, die Essais oder Pensees schreiben da¬
328 1877 2019 1947 eines mehr witzigen als philosophischen Trüblets durch nicht überdrüßig zu werden, wenn wir sie lau¬
334 1921 2027 1997 sagen. Kein System, aber doch viel Quintessenz ter bunte Sommervögel fangen sehen, wenn sie bloß
334 1968 2027 2036 scharffinniger Beobachtungen und sinnreicher Einfalle. eine Coquetterie des Witzes zeigen, und ihre Gedan¬
338 2004 2033 2076 Wir sehen diese neuerliche Theile theils als Supple= ken so distilliren und verfeinern, daß sie den Schat¬
340 2040 2027 2118 mente theils als eine Fortsetzung mancher Artikel der ten der Verstorbenen bey den Alten ähnlicher schei¬
340 2090 2033 2162 porigen beiden Theile an, welche schon 1744 von nen, als lebenden Körpern, die Fleisch und Bein
334 2122 2025 2203 einem unsrer deutschen gelehrten Frauenzimmer, der haben. Ein gewisser Lakonismus in solchen Einfäl¬
338 2169 2029 2241 Mad. von Steinwehr, übersetzt ans Licht getre= len zupft den Verstand alle Augenblicke, wie die
332 2207 2033 2287 ten. Der Herr Abt hat inzwischen Vorrath zu den Strahlen von Sentenzen in einem Seneka; aber
347 2253 2033 2327 folgenden Theilen gesammlet, und er glaubt in sei, der Verstand wird wie das Auge bey einem heftigen
338 2291 2029 2367 ner Vorerinnerung auf dieser Laufbahn noch lange Farbenspiel endlich müde. Zu viel Ambra benimt
340 2334 2027 2405 aushalten zu können. Allein er befürchtet auch, den Kopf und man kann uns auch auf die Galeeren
338 2372 2031 2450 daß so viele abgesonderte Gedanken, solche zerstreu- des Witzes oder des schönen Geistes schicken, wie
340 2405 2033 2488 te Maximen das Schicksal der Auszüge haben möch= Trüblet selbst diesen neckischen Ausdruck von ei¬
347 2452 2033 2532 ten, die man unter den esprit de Fontenelle und der nem Schloße anführt, wo man über dem zu vielen
349 2490 2040 2570 gleichen hat. In der Lage unsers Schriftstellers ist Geist des Umganges ermüdete. (*) Montagne,
347 2534 2031 2646 man freilich ohne Zwang; man hascht die guten Ger jener Altvater von Versuchen dachte von den seinigen,
1177 1551 2025 1615 danken so wie sie uns vorschweben; man bringt sie
1179 1716 2017 1776 fals, und mögen gerne auf allerhand Felder der Kri¬
