2663 3213
798 420 1663 495 an, um, wie Se. Maj. nach entbotenen Kammern,
808 488 1672 537 sich ausdrückten, die Antwort auf die Vorstellungen
804 529 1670 574 dieses höchsten Gerichts wegen desjenigen, was zu
804 569 1668 618 Pau und in Bretagne vorgegangen, selbst zu über
793 612 1670 663 bringen. In dieser Antwort, welche verlesen wer¬
798 653 1670 702 den muste, wurde dem Parlament ein strenger Ver¬
804 697 1672 749 weis darüber gegeben, daß es gemeinsame Sache mit
804 736 1672 787 dem Parlamentern der vorgedachten Orte gemacht,
800 780 1672 823 da sie doch allerseits Sr. Maj. Bediente wären, die
804 823 1668 868 ihnen nichts vorschreiben könten. Alles muste proto¬
800 862 1672 906 colliret, und das letzte Decret des Parlaments in die=
804 898 1668 957 ser Sache getilget werden. Beym Zurückkehren des
806 938 1672 992 Königes nach Versailles begegnete Sr. Maj. auf dem
808 987 1663 1041 schmutzigen Platze des Pont Neuf das heil. Sacra¬
800 1028 1674 1079 ment, welches ein Priester zu einem Kranken brachte.
800 1073 1672 1115 Höchstdieselben stiegen, sobald sie dessen gewahr wur¬
800 1113 1668 1160 den, aus, und knieten mitten in der Unreinigkeit nie¬
804 1149 1665 1203 der; welches Merkmal Dero Gottesfurcht bey dem
804 1192 1661 1269 versammleten Volk ein öfteres: Es lebe der König!
804 1239 930 1290 erregte.
844 1248 1663 1324 Aus Rennes meldet man uns, daß, da die dortigen
793 1320 1668 1369 Advocaten der von dem Präsidenten des Parlaments
804 1358 1670 1405 an sie gethanen Vorstellungen ohnerachtet, sich nicht
793 1401 1665 1446 beqvemen wollen ihre bisherige Functionen wiederum
804 1444 1665 1497 zu übernehmen: Se. Majest. dem Herzoge von Aiguil¬
804 1484 1668 1540 lon den Befehl zukommen lassen, alle Advocaten, wel¬
793 1525 1668 1572 che nicht aus einem andern Grunde von Kriegesdien¬
798 1567 1661 1623 sten befreyet sind, hiezu anzuwenden, und diejenigen,
798 1606 1661 1657 welche das Loos träfe, sogleich unter die Battallions
793 1648 1657 1704 zu vertheilen, die übrigen aber der gemeinen Stadt
798 1695 1179 1761 Guarde einzuverleiben.
1007 1708 1442 1789 Thorn, den 22. März.
840 1766 1659 1819 Am vergangenen Mittwoche des Abends wurden
793 1813 1657 1868 auf der hiesigen Vorstadt einige Juden arretiret,
798 1855 1661 1911 welche sich wegen des, in der Nacht von 8ten bis
798 1881 2504 1949 zum 9ten dieses Monats in Danzig, bey dem dasigen ren: man hoffet nun auch die innerliche Mißhellig
798 1941 1653 1990 Bürger und Uhrmacher, Joh. Simon Betzmeyer,
789 1968 2499 2030 begangenen importanten und über 25000 Fl. sich be= Aufnahme derselben und der löblichen Kaufman
787 2013 2201 2079 laufenden Diebstahls zum höchsten verdächtig gema= schaft, bald geendiget zu sehen.
789 2071 1783 2130 chet hatten. Man hat würklich verschiedene von den
789 2109 1657 2162 gestohlnen Sachen, besonders an Uhren, wie auch
789 2152 1657 2207 goldenen und silbernen Medaillen, bey ihnen ange¬
791 2188 1657 2241 troffen, und sie werden in dem hiesigen Stockhause
791 2233 1657 2286 in genauem Gewahrsam, bis zu weiterer Verfügung
793 2271 1655 2333 und Untersuchung, aufbehalten. Die von Sr. Kö=
785 2314 1657 2371 nigl. Maj. allergnädigste verordnete Münz=Commis¬
791 2363 1657 2414 sion, hat der von der Republik verordneten Kron¬
789 2399 1657 2450 Schatz=Commißion, bereits den 10ten Dec. des ver¬
791 2442 1657 2495 wichenen Jahres den Plan zur Ausmünzung des
783 2482 1275 2553 Silbers also angegeben: daß
868 2506 1648 2582 die harten Thaler dreyzehnlöthig und sechs
1857 416 2523 505 seyn, und aus einer Cöllnischen Markse
1860 486 2305 546 nen Silbers, zehen Stück,
1776 505 2525 595 die halben Thaler von eben dem Gehalt wie die
1851 561 2521 627 ganze Thaler, und aus der bemeldeten
1860 601 2521 689 Mark eben dergleichen Silbers, zwanzy
1860 659 1979 723 Stück,
1768 672 2516 770 die ein viertel Thaler zehnlöthig, vierzig Stück
1776 740 2523 812 die Viergutegroschen Stücke, welche so viel als
1860 783 2521 855 ein achtel Thaler ausmachen, und den Na=
1855 830 2514 889 men der silbernen Viergroschen=Stücke füy
1855 879 2514 938 ren, und gegen die neue Kupfermünze 9
1857 917 2518 981 rechnet, dreyßig Groschen enthalten wer=
1851 953 2516 1017 den, achtlöthig und zwölf Grän, achtz
1855 1007 1977 1064 Stück,
1768 1034 2518 1126 die silbernen Zweygroschenstücke siebenlöthig, hun
1845 1107 2231 1164 dert und sechzig Stück,
1774 1132 2514 1220 die silbernen einfachen Groschen fünflöthig, sech
1849 1184 2514 1245 zehen Gräne, drey hundert und zwanzl
1849 1226 2512 1292 Stück aus einer Mark Cöllnisch fein Si=
1855 1269 2514 1331 ber sollen ausgemünzet; und dergestalt auf
1855 1309 2514 1373 einen holländischen Ducaten zween hat=
1855 1352 2508 1414 Thaler und drey silberne Groschen, ode
1838 1395 2508 1465 welches einerley, sieben und sechszig ein
1855 1435 2508 1518 zele silberne Groschen, gerechnet werde
1855 1484 1962 1540 sollen.
1883 1516 2341 1610 Elbing, den 10. März.
1719 1589 2497 1651 Es haben Sr. Königl. Maj. von Pohlen aus ga=
1678 1640 2495 1685 vorzüglicher Gnade gegen die Stadt Elbing allergn
1685 1676 2497 1729 digst geruhet, den alten würdigsten Kaufmann S
1676 1715 2508 1770 Hochedl. und Gestr. Herrl. Hrn. Christian Schmid=
1680 1761 2499 1815 ältesten Rathsverwandten allhier, zu Allerhöchstde
1680 1806 2493 1853 Königl. Burggrafen zu ernennen. Es ist diese gro
1680 1842 2504 1898 Gnade in langer Zeit dieser Stadt nicht wiederfag
1680 1928 2506 1994 keiten in dieser guten Stadt, zum Vergnügen un
1680 2135 2491 2218 Wechsel-Cours & Species d. 3. April 170
1676 2201 2469 2273 Amsterdam 41 Tage 308gr. 71 Tage 306½gr.
1683 2254 2056 2324 Hamburg 3 W. 130 gr.
2124 2252 2380 2316 6 W. 129½ gr.
1676 2297 1791 2350 Berlin
2077 2278 2423 2356 Dantzig 28 pr. Cto.
1678 2324 2081 2403 Ducaten neue 9 fl. 5 gr.
2158 2335 2467 2391 Alberts Taler 137
2051 2367 2455 2448 Alt Polnisch Geld 144 pr.
1678 2378 1924 2442 Rubel 117 gr.
1723 2455 2506 2538 Da ein neu Quartal angegangen, so werden die
1672 2508 2504 2582 resp. Herren Interessenten dieser Zeitung gütigst de
953 2565 2465 2623 Grän, nach dem Reichsconventions=Fuß lieben die Pränumeration mit 2 fl. zu entrichten.
