2663 3213
763 438 1628 523 nach Beschäftigung. Alle Menschen werden die
771 513 1630 562 Langeweile des Zustandes, wo man nicht Kraft an
765 555 1628 602 was zu denken hat, oder die Qual desjenigen, wo
771 596 1626 641 man wider seinen Willen an zu vieles denkt, ohne
775 637 1621 684 sich nach eigner Wahl auf einen Gegenstand ein
773 681 1630 731 schränken zu können, empfunden haben, und weni-
771 718 1628 771 ge sind nur so glücklich sie selten zu fühlen, und
775 767 1628 816 sich selbst gute Gesellschafter zu seyn. Nur eine
771 808 2482 854 kleine Anzahl versteht die Kunst zu erlernen, die Erfahrung kennen. Die Unruhe der Geschäfte
767 842 2484 891 nach Horazens Ausdruck sie sich selbst zu Freun- und die Bewegungen, die dazu erfordert werden,
771 889 2482 934 den macht. Um hiezu fähig zu seyn, muß man können den Menschen unmöglich an und für sich
767 929 2476 981 eine gewisse gemäßigte Mischung der Lebenssäfte selbst gefallen. Die Leidenschaften die ihnen die
771 970 2472 1019 haben, für welche diejenige, denen sie angeboren lebhaftesten Freuden bringen, verursachen ihne
767 1006 1626 1057 ist, der Vorsicht so danken sollten, wie die Söhne
767 1047 1621 1115 regierender Herren für die Erstgeburt. Ueberdem
765 1096 1617 1145 muß man sich auch von Jugend an aufs Studi-
771 1130 1615 1181 ren, und auf Geschäfte die viel Nachdenken erfor=
765 1177 2476 1226 dern, gelegt haben. Der Geist lernt dabey seine schaften eine Veränderung die sie thätig erhält
765 1222 2446 1284 Ideen in Ordnung bringen und über das Gele- Die Wallungen, die diese wirken, wachen auch
773 1256 1626 1312 sene nachdenken. Denn das Lesen wobey der
767 1305 2455 1359 Geist nicht thätig ist, und das er nicht durch eigne Menschen sich mit sich allein (tére à tête) und
767 1339 1617 1391 Betrachtungen unterstützt, wird eben bald langwei=
761 1382 1788 1433 lig. Man bändigt die Einbildungskraft wenn befinden.
756 1423 1611 1472 man sie übt, und hat man sie einmal gelehrig ge
758 1472 1613 1521 macht, so thut sie, was man von ihr verlangt.
761 1512 1609 1553 Durch das öftre Nachdenken erwirbt man sich ei=
761 1549 1609 1598 ne Fertigkeit seine Gedanken nach eigenem Gefalt
758 1592 1606 1636 len bald auf diesen bald aus jenen Gegenstand zu
761 1636 1606 1700 richten, oder mit selbigen auf einem stehen zu
752 1673 901 1728 bleiben.
756 1767 1613 1824 die ihn verstehen vor dieser elenden Mattigkeit
752 1816 1609 1865 und Unlust von der wir oben geredet haben. Aber
752 1859 1609 1906 wie selten sind die Sterbliche, die ein Blut ohne
752 1895 1609 1948 Schärfe, und Lebenssäfte ohne Gift zu einem in¬
756 1946 2457 1995 nerlich so sanften Leben berufen? Die Lage ihrer macht eine zu große Musse daß sie die Zeit be¬
752 1989 1600 2034 Seelen ist dem größten Haufen ganz unbekannt,
750 2021 1604 2076 die nach dem was sie selbst von der Einsamkeit
746 2068 2412 2130 ausstehen, auch das, was andre eben dabey leiden, wenn man sie einer Arglist beschuldigt, sind
743 2108 1912 2166 beurtheilen, und die Einsamkeit für ein Uebel hal- nur unbeständig.
746 2147 1455 2217 ten, so aller Welt schmerzhaft seyn muß.
790 2192 1600 2271 Die erste Art sich zu beschäftigen, nemlich mit
746 2258 1604 2303 dem Eindruck der äussern Gegenstände ist viel
743 2294 1598 2356 leichter, und die Zuflucht der meisten Menschen ge-
741 2337 1594 2393 gen die Langeweile, ja selbst diejenige, die sich auf
743 2373 1600 2431 eine andre Art zu beschaftigen wissen, sind, um
735 2416 1592 2482 nicht in die Mattigkeit zu fallen die die Folge des
743 2461 1589 2512 Einerieys ist, genöthigt sich zu den Arbeiten und
735 2504 1594 2564 Vergnügungen des größten Haufens zu bequemen.
735 2544 1592 2596 Die Abänderung der Geschäfte und Ergötzungen
735 2587 1598 2660 bringt die Geister wieder in Bewegung, die schwer¬
1649 455 2493 521 fällig zu werden anfangen, und scheint der erschöpfen
1651 519 2487 564 ten Einbildungskraft neues Vermögen zu geben,
1651 553 2487 600 Dieses ist auch die Ursache warum sich die Men=
1651 598 2487 656 schen mit so viel kindischen Bemühungen, und un=
1651 634 2487 690 nützen Geschäften abgeben, dieses bewegt sie mit
1658 681 2484 733 so vieler Hitze nach dem was sie ihr Vergnügen
1651 731 2487 790 nennen, zu laufen, und sich Leidenschaften zu erge=
1651 763 2487 833 ben, deren üble Folgen sie oft schon aus eigner
1645 1017 2482 1055 auch schmerzhafte und anhaltende Leiden, allein die
1645 1055 2476 1107 Menschen fürchten doch die Langeweile der Untha
1645 1098 2470 1147 tigkeit noch mehr, und finden in den Bewegungen
1639 1143 2476 1192 der Geschäfte und in der Trunkenheit der Leiden
1645 1265 2457 1312 der Einsamkeit wieder auf, und verhindern d
1645 1346 2446 1427 schäftigt, das ist, schwermüthig oder langweilig
1681 1408 2442 1502 Wenn Leute aus sogenanntem Ekel vor der We
1643 1487 2455 1540 sie verlassen, so können sie es selten aushalte
1645 1534 2455 1579 So bald sie die Unthätigkeit kennen, so bald
1639 1574 2448 1621 den Tummel der Geschäfte, und die Unruhe die
1645 1615 2437 1664 Leidenschaften mit der Langenweile der schläfrig
1636 1658 2440 1705 Unempfindlichkeit verglichen haben, so bereuen
1636 1694 2446 1752 den unruhigen Zustand dessen sie so überdrief
795 1737 2442 1803 Dieser Umgang mit sich selbst schützt diejenige, waren. Man beschuldigt sie oft unrecht, daß
1634 1784 2444 1846 mit einer falschen Maßigung geprahlt hätten,
1634 1824 2463 1871 sie sich der Welt entzogen: sie meynten es damal
1630 1854 2452 1918 recht ehrlich, aber so wie die ausnehmende Bewe-
1632 1908 2423 1959 gung sie eine gänzliche Ruhe wünschen ließ,
1628 1985 2442 2038 reuen, in der sie beständig beschäftigt waren. D
1626 2029 2455 2079 Menschen sind leichtsinniger als verstellt, und o
1666 2151 2448 2222 Gewiß, die Bewegung in der uns die Leiden
1628 2211 2455 2269 schaften selbst in der Einsamkeit erhalten, ist s
1624 2260 2465 2303 lebhaft, daß jeder andre Zustand schlafrig zu seyn
1621 2301 2463 2350 scheint. Aus einem natürlichen Hange laufen wir
1624 2341 2457 2388 nach allem was sie erregt, solten die Eindrucke da
1624 2386 2448 2440 von uns gleich unruhige Nächte und traurige Ta-
1619 2418 2457 2502 ge kosten, weil wir uberhaupt mehr ohne als mit
1621 2459 2185 2536 Leidenschaften auszustehen haben.
1771 2523 2296 2630 (Der Beschluß folgt künftig.)
