2479 3213
317 444 1156 523 wird gelesen haben. Es fehlt ihm ganz die Erfin=
317 502 1152 560 dung, und die Idyllensprache, statt derer er sich oft
323 541 1152 593 des märkschen Dialekts bedient, der wohl nicht für
315 582 722 644 Schriftsteller gemacht ist
825 586 1146 648 Lose zu seyn glück
309 619 1152 681 ihm gar nicht, wer hätte je in einer Idylle folgende
317 667 1152 716 Stelle gesucht: p. 28. Bachus erzählt dem Amor
309 706 1152 780 wie er manche Schöne den Schäfern bezwingen ge=
317 743 442 798 holfen:
350 759 1144 850 Aber ich half dem Hirten und gab ihm reife Trau=
346 825 1144 881 ben, die er dem Mädchen zu essen gab, so roth
344 866 1146 934 wie des Mädchens Wangen, und das gute Kind
346 907 1146 994 ward trunken, sie siel dem Schäfer um den Hals,
1206 451 2023 521 und biß ihm für Freuden in die Lip¬
1212 504 1309 558 pen.
1177 516 2018 595 In andern sind für die partliche Idylle eben so un¬
1177 580 2020 634 anständige Stellen wie die angeführte. Seinen
1177 625 2012 677 Schäferinnen fährt sanftes Entzücken in die Glie¬
1179 667 2016 716 der — und ihm lag gewiß ein kaltes Fieber in
1173 706 2016 753 den Gliedern da er Idyllen schrieb — der Verfasser
1177 753 2018 807 hat gewiß gedacht daß die Jdyllen einen stilum scuriae
1177 792 2018 844 haben — 21 Idyllen sind keine Kleinigkeit, in die¬
1173 833 2010 885 ser Sammlung möchten sies aber seyn. Kosten in
1171 876 1872 938 den Kanterschen Buchhandlungen 15 gr.
508 1018 934 1095 Berlin, den 28. Jan.
335 1051 1144 1130 Von Sr. Königl. Majestät ist dem Hofrath und
302 1103 1150 1169 Postmeister, Herrn Voß, zu Duisburg, die wegen
300 1154 1138 1214 seiner schwächlichen Gesundheitsumstände gesucht¬
298 1193 1140 1249 Dimißion nicht nur in Gnaden ertheilet, sondern auch
296 1232 1140 1292 demselben in Betracht seiner mit unermüdetem Fleiß
302 1278 1138 1335 Eifer und Treue geleisteten Dienste allergnädigst er
296 1309 1140 1366 laubet worden, obiges Postamt an seinen Bruder
292 1352 1136 1407 abtreten zu dürfen, welchen Höchstgedachte Se. Kö=
302 1395 1130 1457 nigl. Majestät zugleich mit dem Charakter als Hof
296 1436 852 1502 rath zu begnadigen geruhet haben.
387 1494 1037 1578 Aus einem Schreiben von Berlin,
582 1535 829 1605 vom 18 Jan.
329 1562 1125 1660 Einer meiner Nachbaren, ein ehrlicher Mann,
290 1615 1125 1697 hatte vor einiger Zeit eine Fuhre Tannenholz, zur
290 1669 1119 1720 Feurung bekommen. Zur Ersparung der Kosten
286 1704 1128 1778 machte er dasselbe nach und nach, wie es ihm bequem
290 1741 1504 1827 war, selbst kurz. Es war ihm noch ein dickes und gen angestellet werden.
292 1782 1125 1839 rnotigtes Stück übrig, das er um deswillen bis auf
290 1825 1121 1897 die letzt zurück geleget hatte. Da er nun dieser Ta¬
286 1870 1119 1938 gen sich daran machte, und selbiges mit vieler Mühe
286 1918 1117 1959 in zwey Stücke auseinander spaltete, so fielen, zu sei
286 1959 1111 2027 ner großen Verwunderung, neun Goldstücke heraus
292 1988 1115 2060 die er aufsammlete. Er hat mir diesen kleinen
290 2027 1117 2092 Schatz sofort gezeiget, und, nachdem ich dieselben
302 2076 1113 2140 untersucht, und von den Unreinigkeiten, mit welchen
292 2109 1113 2167 selbige zum Theil bedeckt waren, gesäubert hatte, so
292 2152 1107 2214 ist es mir nicht schwer gewesen, sie für Medaillen zu
298 2195 1121 2255 errennen, die auf das erste hundertjährige Jubiläum
296 2230 1113 2296 der lutherischen Reformation geschlagen worden sind.
292 2267 1105 2348 Auf der einen Seite ist das Bildniß Friedrichs der
302 2309 1115 2381 Dritten, Churfürsten von Sachsen, mit der Um=
292 2350 1105 2420 schrift: Seculum Lutheranum, 1517 (d. i. Das Lu
288 2395 1113 2467 therische Jahrhundert von 1517); und auf der an=
288 2430 1107 2510 dern Seite das Bildniß von dem Churfürsten Jo¬
300 2471 1113 2545 hann Georg, mit der Inschrift: Verbum Domini
296 2522 1107 2601 Manet in aeternum, A. 1617. (d. i. Das Wort des
1173 1010 2014 1082 sind viel größer, als die Ducaten; nachdem ich sie
1169 1070 2006 1121 aber nach einander gegen einen gerändeten holländi¬
1173 1111 2002 1171 schen Ducaten gewogen, so habe sie genau eben so
1179 1150 2012 1206 schwer gefunden. Ich überlasse andern, die mehrere
1165 1195 2008 1251 Zeit als ich, zu verlieren haben, zu untersuchen, wie
1165 1237 2006 1286 diese Medaillen an einen solchen Ort gekommen seyn
1165 1276 2008 1329 mögen; finde aber die Sache sonderbar genug dar¬
1160 1321 1990 1391 zu, daß sie bekannt gemacht zu werden verdiene rc.
1234 1358 1938 1409 Frankfurt am Mayn, vom 14. Jan.
1222 1387 2000 1453 Der alte Prätendent von England befindet sich
1150 1420 1994 1500 nun zu Rom in so mislichen Gesundheitsumständen,
1152 1477 1998 1545 daß zu dessen Wiederaufkommen keine Hofnung mehr
1156 1516 1309 1584 übrig ist.
1374 1531 1759 1611 Haag, den 17. Jan.
1197 1584 1994 1658 Mittelst einer im Druck herausgekommenen Ver¬
1150 1619 1996 1693 ordnung, sollen auf den 8ten des künftigen Monats
1152 1679 1994 1732 Merz, als dem Tage, da der Prinz Stadthalter zur
1150 1718 1996 1792 Großjährigkeit gelangen wird, öffentliche Erleuchtun¬
1329 1784 1817 1866 Stock holm, den 3. Jan.
1181 1815 1994 1909 Se. Königl. Maj. haben den General und Com¬
1144 1862 1988 1940 mandeur des Schwerdtordens, Grafen Gustav Da¬
1144 1928 1985 1998 vid Hamilton, zu Dero General Feldmarschall, aller¬
1142 1961 1615 2037 gnädigst zu ernennen geruhet.
1344 2020 1778 2080 Florenz, den 30. Dec.
1210 2049 1983 2130 Se. Königl. Hoheit unser Großherzog haben
1136 2109 1983 2173 verschiedene Herren ernannt, welche Dero Ankunft
1136 2156 1979 2210 allhier den Höfen von England, Frankreich, Spanien
1140 2191 1981 2245 und Neapolis, wie nicht weniger dem Herzoge von
1146 2230 1973 2288 Parma förmlich bekannt machen sollen. Des Köni¬
1134 2282 1979 2331 ges von Spanien Maj. haben unserer gnädigsten
1132 2317 1971 2372 Großherzogin, als Dero Durchlauchtigsten Tochter,
1134 2354 1975 2405 ein in Form eines Tischbrodts gegossenes ungemein
1140 2399 1965 2477 schweres Stück Gold zum Geschenk zu übermachen
1132 2434 1269 2502 geruhet.
1333 2471 1761 2553 London, vom 7. Jan.
1173 2514 1965 2586 Zu Thørncombe, in der Grafschaft Devonshire,
311 2560 1965 2656 dErrn bleibet in Ewigkeit, 1617. Diese Medaillen lebet eine Frau, Namens Maria Allen, Witwe von
1829 2619 1977 2704 weilanz
