2663 3213
714 437 1576 519 eingestehen, da wir unter der Schuldenlast von 140
724 502 1576 558 Millionen gedruckt liegen, und jährlich 10 Millionen
729 549 1581 599 von Auflagen entrichten; die Amerikaner aber eine
722 595 2457 640 Stempelauflage und einige andere Abgaben von Zu= chin, als auch nachhero Sr. Kayserl. Hoheit, dem
729 631 2461 686 ckersyrup zu zahlen ausschlagen, die doch zum höch- Großfürsten, den ersten Band ihrer gesammleten
737 670 1585 729 sten nicht mehr als 80000 Pfund jährlich beybrin=
731 711 1589 770 gen würden; diese Einkünfte auch bloß zur Verthei¬
729 761 2461 809 digung und Aufrechthaltung derjenigen, welche solche sellschaft zur Aufmunterung des Ackerbaues und der
720 800 1585 859 abzutragen sich verweigerten, verwendet werden sol¬
737 837 1585 887 len. Wegen der nahen Hemmung der Kornausfüh¬
731 882 1589 930 rung, ist hier itzo diese Ausführung stärker als jemals.
733 921 1596 973 Man rechnet, daß in ganz kurzer Zeit auf 8000 Quar=
737 962 1589 1012 ters Waitzen für auswärtige Rechnung sind aufge¬
729 999 1592 1060 kauft worden, die auch schon meisten Theils abgegan¬
740 1042 1592 1101 gen, oder doch eingeschiffet sind. Bey Gelegenheit
737 1086 1592 1135 dessen, was gegenwärtig im Parlemente, des Korns
733 1127 1585 1176 wegen, verhandelt wird, siehet man folgende Berech
737 1170 1592 1217 nung: Es giebt in Engelland ungefehr. 5000000
737 1211 1585 1261 Acker angebaueter Ländereyen, welche jährlich 14
733 1256 1598 1300 Millionen Quarters allerley Korns eintragen, wovon
740 1295 1592 1345 bloß die Hälfte in Waitzen besteht, 7000000 Quart.
746 1343 1544 1397 Davon werden jährl. im Lande verzeh. 5500000 —
744 1380 1592 1447 Also können wir jährlich ausführen 1500000 Quart.
744 1434 1598 1494 In London werden jede Woche ungefehr 14000 Sä¬
740 1477 1598 1527 cke Mehl, und 6 bis 7000 Quarters Haber ver¬
748 1518 1600 1570 braucht. Der neue Rußische Minister an unserm
740 1559 1605 1611 Hofe Hr. Moußin Puschkin, welcher bisher als Re¬
755 1600 1607 1654 sident in Hamburg gestanden, wird mit dem ehsten
753 1646 982 1713 hier erwartet.
941 1693 1421 1760 Neapolis, den 13: Jan.
785 1736 1605 1797 Der Vesuvius fährt noch beständig fort, Feuer
746 1784 2463 1842 auszuwerfen, und dadurch die ganze umliegende Ge= ten haben. Von den Talenten seines Nachfolgers
740 1825 1458 1886 gend in Furcht und Schrecken zu erhalten.
932 1873 1440 1927 Petersburg, den 6. Jan.
794 1914 1607 1977 Den 3ten dieses hielte die hiesige Academie der
753 1951 1607 2011 schönen Künste ihre alle 4 Monat gewöhnliche Ver¬
755 1990 1607 2054 sammlung. Se. Kayserl. Hoheit der Großfürst ge¬
755 2037 1607 2087 ruheten als Amateur Honoraire dieser Versamm¬
753 2082 1605 2134 lung mit beyzuwohnen. Die von den Eleven ge¬
753 2126 1607 2175 machte Zeichnungen wurden hierauf geprüfet, und
755 2165 1607 2214 verschiedenen davon silberne Medaillen zuerkannt.
761 2206 1605 2260 Ihro Kayserl. Maj. haben zugleich allergnädigst ge¬
761 2249 1602 2294 ruhet, die ohngefehr vor einem halben Jahre zur
761 2286 1605 2336 Aufnahme des Ackerbaues, und der Landwirthschaft
755 2331 1607 2379 in Rußland gestiftete Societät in höchst Dero Schutz
761 2374 1605 2428 zu nehmen, die vorgelegten Statuten zu bestätigen,
761 2411 1613 2463 und solche zu Erreichung ihrer gemeinnützigen Ab¬
763 2450 1607 2504 sichten, mit einer ansehnlichen Summe Geldes zu
759 2472 2467 2541 beschenken. Den 3ten dieses hatten die Glieder Diese Gelehrte und Politische Zeitung wird des Montagt
753 2534 1607 2593 derselben das Glück unter Anführung ihres auf das
755 2578 1613 2660 gegenwärtige Januar=Tertial neuerwählten Präsi¬
1602 448 2454 513 denten, Sr. Erlaucht, des Hrn. General=Feldzeug¬
1600 508 2454 562 meisters und Ritters, Grafen von Orlow, sowohl
1607 547 2459 599 Ihro Kayserl. Maj. unserer allergnädigsten Monar¬
1611 677 2457 724 Schriften für das September=Tertial unter dem Ti=
1609 716 2457 761 tel: Ausarbeitungen der freyen Oeconomischen Ge=
1607 802 2459 846 Landwirthschaft in Rußland, allerunterthänigst zu
1607 841 2463 884 überreichen. Ihro Kayserl. Maj. und Sr. Kay¬
1618 880 2461 926 serl. Hoheit geruheten die erste Probe des patrioti¬
1615 923 2461 973 schen Eifers der Gesellschaft nicht nur sehr gnädig an¬
1611 971 2465 1019 zunehmen, sondern auch alle Mitglieder zum Hand¬
1611 999 1840 1073 kuß zu lassen.
1799 1044 2279 1116 Mantua, vom 16. Jan.
1646 1088 2457 1155 Das Leichenbegängniß des alten Prätendenten soll
1611 1153 2463 1211 der Päbstlichen Kammer reichlich 20000 Scudi
1607 1192 1855 1261 gekostet haben.
1821 1213 2266 1302 Mitau, vom 30. Jan.
1656 1263 2461 1341 Man will wissen, daß des Herrn Erbherzogs von
1615 1323 2463 1380 Curland, Frau Gemahlin Hochfürstl. Durchlauchten,
1624 1378 2461 1427 in gesegneten Leibesumständen sich befinden. Bey
1620 1419 2463 1470 Hofe ist die seit 6 Wochen über das Absterben der
1624 1455 2470 1503 Frau Marggräfin von Schwedt, Königl. Hoheit, ge¬
1618 1505 2448 1555 tragene Trauer nunmehro wieder abgelegt worden.
1749 1538 2353 1620 Constantinopel, den 14. Dec.
1661 1592 2470 1667 Die Unruhen in Georgien sind noch nicht ge¬
1624 1646 2465 1713 dämpft. Der daselbst das Commando gehabte Aga
1618 1702 2470 1752 oder General ist zurück beruffen worden, und dürfte
1624 1743 2472 1786 vermuthlich eine schwere Verantwortung zu gewar¬
1626 1827 2470 1875 verspricht man sich ungemein gute Folgen. Die
1626 1864 2470 1909 Türkische Armee in Georgien soll mit 15000 Mann
1624 1905 2470 1957 verstärket werden. Zu Abholung des neuen Preus¬
1631 1951 2461 1996 sischen Ministers Hr. Major von Zegelin, von der
1633 1994 2463 2046 Pohlnischen Gränze ist bereits von der Pforte ein
1624 2035 2141 2102 Commißarius ernannt worden.
1631 2162 2472 2232 Wechsel-Cours & Species d. 20. Febr. 1766.
2121 2217 2424 2303 71 Tage 307½gr.
1631 2217 2072 2294 Amsterdam 41 Tage 309 gr.
2074 2251 2312 2331 6 W. 130½ gr.
1626 2271 2002 2338 Hamburg 3 W. 131 gr.
1624 2310 1739 2361 Berlin
2002 2305 2361 2359 Dantzig 26½/ pr. Cto.
1631 2323 2015 2422 Ducaten neue 9 fl. 5 gr.
2087 2331 2454 2413 Alberts Taler 133 ½/ gr.
2000 2364 2470 2457 Alt Polnisch Geld 134 pr. Cto-
1631 2396 1873 2450 Rubel 116 gr.
1676 2528 2441 2591 und des Freytags Vormittags um 10 Uhr in dem
1780 2578 2340 2643 Kanterschen Buchladen ausgegeben.
