2663 3213
747 424 1594 503 Alten versäumen darf, weil die Originale noch aus
747 494 1592 546 vielen andern Ursachen selten sind, und weil es höchst
740 533 1594 584 ungereimt wäre, die Beyhülfe der Alten zu verlassen,
740 578 1586 629 um ohne Rinde in dem Ocean zu ertrinken. Wenn
747 661 1586 713 puerorum aetas improvide ludificetur, wie Horaz
743 743 1586 794 zu seyn, zurückzuhalten. Wolte ein Genie, wie
738 822 1586 875 Originalwerken schreiben: so müste er untersu¬
738 907 1577 959 seyn könnten und musten: was die Römer von ih
738 987 1584 1036 Bahnen eröfnet. Man müste den Unterschied der
734 1025 1579 1079 griechischen wilden und natürlichen Dichterzeiten,
728 1070 1581 1126 von den unsrigen bestimmen: und untersuchen, wie
725 1111 1584 1168 weit denn uns Originale nützlich, schädlich und un¬
732 1149 1575 1203 entbehrlich wären — ein Plan, der etwas mehr,
728 1183 1573 1267 als ein Schulprogramm fodert. Kostet in den
725 1226 1314 1308 Kanterschen Buchhandlungen 9 gr.
1004 1419 1280 1498 Anzeige
719 1481 1569 1573 von der deutschen Uebersetzung des Abbé Velly hi¬
984 1545 1284 1620 stoire de France.
758 1601 1558 1656 Die vornehmsten Verfassere, welche bisher zu der
710 1654 1564 1699 Erkenntniß der vollständigern Geschichte von Frank¬
706 1697 1549 1744 reich Anweisung gegeben haben, sind Mezeray und
710 1733 1549 1789 Daniel. Beyde erzehlten guten Theils eine Men
713 1783 1558 1825 ge eben so entbehrlicher als zweifelhafter und beson¬
706 1817 1556 1864 derer Begebenheiten, übergehn die Ursachen derer
704 1862 1549 1909 merklich wichtigern häufig, und setzen die natürliche
706 1902 1549 1943 Ordnung aus den Augen: vornemlich gewinnet Da¬
702 1941 1549 1992 niel das Ansehen, als ob seine Bemühungen bloß
710 1984 1543 2031 dem Soldatenstande gewidmet wären, indem sein
698 2022 1543 2074 vornehmstes Geschäfte zu seyn scheinet, den Leser
698 2065 1543 2112 mit der Erzehlung einer Menge von Schlachten
698 2097 1547 2151 nebst deren geringen und zweifelhaften Nebenum¬
708 2144 1543 2198 standen, bis zu der Ungeduld, zu unterhalten; das
704 2189 1541 2266 aber, was auch hier zu wissen am nöthigsten ist, weg
702 2221 845 2303 zulassen.
740 2296 1543 2367 Weil man in den neuern Zeiten aufgehöret hat, zu
702 2358 1547 2403 glauben, daß der Ednzweck der Geschichte der Zeit¬
696 2399 1543 2440 vertreib sey, sondern von derselben einen wirklichen
689 2427 1541 2482 Nutzen erfordert, welcher in der Einsicht in den
691 2476 2412 2551 Zusammenhang merkwurdiger Begebenheiten, aus Verlust erlitten, der im October in einem hohen Al¬
689 2519 2024 2598 welchem das Verhalten in ähnlichen Fällen erweis¬ ter mit Tode abgegangen ist.
1622 424 2457 511 lich seyn soll, billig gesetzet wird; so hat der gelehrte
1611 507 2455 548 Abbee Velly einen gänz andern Entwurf als seine
1611 537 2455 591 Vorganger erwehlet. Seine Geschichte enthalt die
1611 571 2455 629 innere Beschaffenheit von Frankreich, sowohl was
747 625 2448 674 wir Youngs Ausspruch billigen: so ists nicht: ur die Staats als Kirchenverfassung nebst allen dahin
1607 663 2452 721 gehörigen Gesetzen und deren Veranlassung betrift,
740 702 2452 753 sagt, sondern um uns von der Sucht, ein Original wie auch die Verhaltniß gegen andere, besonders die
1609 743 2446 796 benachbarten Staaten. Aus diesen mit unleugbaren
747 779 2448 839 Young, ein Supplement zu Youngs Gedanken von Zeugnissen bestätigten Hauptquellen leitet er die fol¬
1607 832 2446 882 genden Kirchen= und Staatsveränderungen dergestalt
740 869 2446 918 chen wie weit die Griechen in jedem Fach Originale aneinanderhangend und pragmatisch her, daß seine
1609 910 2446 967 Geschichte eine wissenschaftliche Gestalt erhält, die
738 950 2442 1002 nen geborgt: und in welchen Stücken wir eigne Neubegierde reitzet, den Verstand überzeugt und,
1607 989 2442 1068 wegen der vortreflichen Schreibart, den Witz belu¬
1609 1027 1703 1094 stiget.
1637 1081 2440 1149 Weil nächst diesem die vorgetragenen Sachen mit
1592 1132 2440 1203 der größesten Ueberlegung ausgesucht sind und bloß
1603 1183 2440 1237 die merkwürdigen Begebenheiten, welche die Kirche,
1601 1222 2433 1278 den Staat, die Regierungsverfassung, Oeconomie,
1596 1269 2440 1314 Handlung und das Kriegswesen nebst den vornehm¬
1592 1303 2433 1355 sten Veranderungen in diesen Stücken enthalten,
1592 1346 2440 1400 auch über dieses noch in dem Werke ein so gründli¬
1586 1389 2440 1442 ches als freyes Urtheil dergestalt herrscht, daß man,
1588 1423 2435 1483 bey der Ausgabe der ersten Theile, an der Folge de¬
1588 1472 2435 1517 rer übrigen billig zweifelte; so sind die Ursachen
1592 1509 2437 1564 leicht einzusehen, weswegen dieses vortrefliche Werk
1581 1547 2427 1599 in den Handen der Gelehrten, Staatsklugen, Oeco¬
1581 1592 2435 1665 nomen, vornehmer Officiere und Handelsverstandi¬
1579 1629 2183 1703 gen gleich nützlich und angenehm ist.
1624 1686 2427 1772 Dieser so allgemeine und billige Beyfall hat einen
1579 1729 2425 1813 vollkommenen Sprachkundigen bewogen, eine so ge¬
1579 1793 2425 1847 naue deutsche Uebersetzung dieser Geschichte zu veran¬
1586 1834 2422 1885 stalten, als es die Würde eines Werkes von so vielen
1579 1879 2422 1924 Vorzügen erfordert. Derselbe wird demnach dahin be¬
1577 1917 2420 1969 dacht seyn, daß jegliche halbe Jahre, drey bis vier klei¬
1569 1954 2416 2009 ne Bände des Originals in einen mäßigen Quartband
1579 1997 2412 2050 gebracht werden. Der sächsische Historiograph und
1573 2046 2416 2110 ordentlicher Lehrer der Geschichte auf der Universi¬
1573 2082 2412 2138 tät Leipzig, Herr Johann Gottlob Böhme,
1573 2125 2412 2172 wird die deutsche Uebersetzung mit einer Vorrede be¬
1571 2166 2410 2251 gleiten, und selbiger sonst allen möglichen Vorschub
1571 2206 1661 2268 thun.
1913 2326 2076 2420 Paris.
1603 2380 2408 2465 Die Alterthümer, und zumahl die Egyptischen,
1564 2444 2403 2500 haben an Hrn. Grafen von Caylus einen großen
