2479 3508
717 1587 1625 1659 1tes Stück. Freitag, den 3. Jenner 1766.
334 1745 1189 1819 Die Neujahrsluft hat etwas so ansteckendes, daß
334 1793 1196 1859 wir unsern Lesern nicht beschreiben können wie viel
349 1834 1191 1902 Mühe es uns kostet, die in diesen Tagen abkompli¬
338 1876 1194 1955 mentirte und abgepredigte Glückwünsche nicht fort¬
347 1932 489 2000 zusetzen.
381 1940 1183 2032 Wir haben uns einmal wider die Wünsche erklärt
340 2008 1185 2074 und schmeicheln uns, daß das Publikum aus Er=
349 2045 1185 2117 kenntlichkeit eine Zeitung fleißiger lesen werde, die
345 2089 1177 2164 vielleicht die einzige deutsche ohne Neujahrswunsch
353 2128 1400 2198 ist. Wir leben in Zeiten da der Grundpseiler der vermehren.
355 2183 1191 2238 Meral die Menschlichkeit nicht eben durch die
353 2213 1185 2279 Erfahrung bewiesen wird, mit desto emsigerer Ap¬
349 2259 1189 2334 plikatur aber sieht man auf die Nutzbarkeit, und
355 2287 1185 2362 eben diese güldne Nutzbarkeit hat uns von der Un
353 2334 1185 2398 nützlichkeit der Glückwünsche überzeugt. Wir ta
355 2379 1194 2449 deln indessen hiemit nicht die ehrliebenden Haußvä=
355 2415 1189 2485 ter die ihren Kindern erlauben alle Unarten zu trei¬
355 2459 1189 2521 ben, wenn sie sie nur mit einem leberreimartigen
362 2496 1191 2572 Festwunsche auftreten sehen und dem kleinen Affen
353 2540 1196 2615 ein o das charmante Kind — wie güt er
353 2587 874 2662 das macht, verdienen können.
385 2606 1732 2696 Die Wünsche sind eine Art Contrebande und Ju= chen Abbruch verursachen wolle.
362 2687 1202 2744 piters Zöllner sind unbestechlich. Sie gleichen hierin
355 2702 2066 2806 den Condolenzcomplimenten, die ein trauriges Herz gen — o meine Herren wir lassen ihnen ihr Mono¬
1213 1691 2053 1772 so wenig trösten als ein Hochzeitgedicht eine Ehe
1219 1747 1581 1821 glücklich machen kann.
1272 1768 2047 1851 Wir wollen das neue Jahr ohne Wunsch und
1215 1840 2053 1891 Dissonanz anfangen, und wagen es unser erstes
1213 1883 2055 1932 Stück dem schönen Geschlechte zu widmen. Die
1213 1917 2047 1972 deutsche Zuschriften richten zwar selten etwas aus
1213 1957 2055 2008 vielleicht aber machen sie auf die Damenherzen mehr
1219 2006 2057 2055 Eindruck. Wenn wir ein Gedicht schrieben, so wür¬
1206 2047 2051 2091 den wir die Citelkeit statt der Muse anrufen, und die
1213 2089 2051 2153 Zahl unsrer Leserinnen würde sich gewiß ansehnlich
1274 2151 2051 2227 Die Festtage sind geendigt, und wir hoffen daß
1213 2204 2051 2262 die Schönen uns heut die Augenblicke schenken wer¬
1213 2259 2051 2306 den, die sie bisher auf die Kirchen-Frisur haben ver
1213 2300 2051 2351 wenden müssen. Gönnen Sie uns ihren Beyfall
1213 2340 2051 2389 wenn wir von ihren eignen Vortheilen mit ihnen
1219 2383 2051 2425 reden, wir wollen Ihnen dagegen ohnerachtet unsers
1221 2425 2055 2470 Gelübdes wünschen, daß der Pudergott seinen geschick=
1213 2464 2051 2513 ten Dienern ein langes Leben, und gute Gesundheit
1215 2506 2055 2555 verleihen, und die Damen in diesem neuen Jahre
1215 2540 2059 2593 durch keinen Todesfall in seinem Reiche wie im vor
1219 2583 2057 2638 rigen heimsuchen, oder ihren Verdiensten so merkli¬
1257 2642 2066 2732 Vor= und Anrede genug werden unsre Orbile sa=
1942 2759 2072 2830 polium
