2663 3213
797 435 1522 514 sollen, und thun beede große Wirkungen.
1574 452 1659 510 Sie
797 499 1649 547 blitzen und donnern, und erreichen fast immer den
787 545 1646 592 vorgesetzten Zweck. Ist es nicht wunderlich, daß
787 581 1651 643 ein so einfältiges Ding, als eine Stückkugel ist,
793 622 1651 673 mit dem weiblichen Geschlecht so vieles gemein
789 654 1646 722 hat? Es findet aber auch zwischen ihnen ein
791 707 1649 763 wahrer, und zugleich lustiger Unterschied statt;
787 742 1646 806 nemlich der Mann zündet das Stück an, hinge¬
791 791 1649 847 gen setzet das Weibsvolk die Mannsleute ins
791 832 1651 881 Feuer" — *Ein schönes Frauenzimmer ist der
793 870 1651 924 Sonne gleich, die Niemand, ohne Gefahr blind
789 920 1649 969 zu werden in der Nähe anschauen darf. Sie ist
791 960 1640 1023 den Augen ein Paradies, der Seele eine Hölle,
787 1001 1644 1057 dem Leibe ein früher Tod, und dem Beutel ein
787 1042 1646 1091 Fegfeuer" — — »Ein gelehrtes Frauenzimmer
791 1089 1640 1138 gleicht einem Cabinetsstücke, welches man nur we¬
791 1130 1638 1183 nig neugierigen Leuten sehen läßt, und sonst zu
791 1160 1646 1222 nichts dient, oder den Schulpferden, die alle Uebun¬
791 1209 1649 1276 gen zu machen wissen, und doch weder in den
782 1250 1430 1314 Krieg noch auf die Jagd taugen" rc.
834 1291 1640 1378 Kann man solchen Schriftstellern zu viel thun?
782 1327 1634 1406 Er ist nach pag. 172 noch unverheyrathet, und
789 1400 1636 1445 wir zweifeln daß er je eine andre Frau bekommen
785 1432 1638 1492 werde, als die ihr Geschlecht an ihm zu nähen Lust
785 1477 1636 1533 hat — wenigstens wünschen wir sie ihm, so wie
782 1522 1634 1580 beständig eben denselben Uebersetzer, der seiner sehr
787 1561 1634 1625 würdig ist. Kostet in den Kanterschen Buch=
778 1601 1080 1661 handlungen 1 fl.
1059 1756 1359 1852 Leipzig 1766.
810 1809 1636 1912 Briefe der Emerentia an Lucien von der Frau
770 1878 1269 1944 von Beaumont. 2. Bände.
836 1944 1629 2009 Die Schriftstellerin unter deren Namen diese
776 1972 1634 2054 Geschichte erschienen, hat sich durch ihre Magazi¬
770 2037 1627 2097 ne bekannt und beliebt geaug gemacht, und die
1687 431 2515 527 Welt hat ihre Feenmärchen zur Erziehung sehr
1679 499 2512 549 dienlich gefunden, ob man gleich wider selbig
1674 542 2512 592 aus dem System der Madame Beaumont selbst
1685 594 2395 645 unbeantwortliche Einwürfe machen kann.
1743 637 2502 733 Gegenwärtige Briefsammlung soll nach der
1679 703 2493 782 Vorbericht jungen Leuten, welche in die gros
1679 755 2508 800 Welt treten, nutzlich werden. Emerentia ist du
1685 797 2500 864 Hauptheldin dieses Romans, ihrer Geschichte n
1679 832 2502 885 dem Marquis von Sainville sind Luciens, Viett
1681 883 2442 937 riens rc. Begebenheiten nur untergeordnet,
1679 920 2502 986 diese geben zu verschiednen artigen moralischen Be
1672 963 2500 1014 trachtungen, die aber oft etwas lang sind, Gel¬
1674 1003 2502 1063 genheit; die Verfasserin hat den Leser das Ver
1672 1048 2491 1102 gnügen verschiedner ungemein rührender Situati
1672 1091 2500 1160 nen, die das härteste Herz erschüttern werden
1672 1128 2495 1179 nicht umsonst genießen lassen wollen. Manch
1679 1175 2493 1224 sehr romantische Vorfälle muß man um vieler al
1672 1213 2506 1263 dern Schönheiten willen verzeihen; sie hätten füg
1674 1258 2500 1308 lich wegbleiben, oder wahrscheinlicher gemach
2028 1297 2500 1357 Die hin und wieder vorkom
1666 1303 1947 1355 werden können.
1670 1342 2497 1406 menden Schutzreden für das Klosterleben und di
1666 1378 2500 1426 Liebe zur römischen Kirche, die wohl die Ursach
1670 1426 2500 1473 ist warum die Helfte der Helden nach der Schluß
1670 1466 2500 1533 nachricht als Nonnen oder Mönche sterben, wer
1666 1505 2500 1556 den den protestantischen Leserinnen wohl nich
1679 1550 2493 1599 schaden, weil wir in unsern Zeiten wenig Exen
1666 1591 2500 1644 pel von Schönen haben die den Catechismus pru
1666 1636 2491 1687 fen, oder ein scrupelvolles Gewissen wie Luch
1659 1676 2493 1745 äussern. Da wir das Original nicht gesehen,
1659 1721 2493 1762 können wir von der Uebersetzung nicht urtheilen
1659 1756 2500 1807 die uns aber doch bisweilen nicht ganz gut zu
1670 1799 2500 1841 seyn scheint. Wir glauben nicht daß man diesen
1659 1844 2497 1886 Roman so langweilig wie gewöhnlich die in Brie
1659 1884 2487 1932 fen sind, finden werde, und empfehlen ihn dahe
1664 1927 2482 2000 zum Zeitvertreib und Unterricht besonders der
1657 1966 1977 2041 schönen Geschlecht.
1689 2032 2472 2114 Kostet in den Kanterschen Buchhandlungen 3 fl.
965 2127 1428 2214 Berlin, den 29. März.
767 2230 2487 2302 der Capitain, Herr von Restorf, eine vacante Com= Königl. Preuß. Oberster und Chef eines Garnison
765 2285 1627 2350 pagnie erhalten. Bey dem Bernerschen Infanterie¬
765 2326 1623 2392 regimente hat der Staabscapitain, Herr von Ilow,
770 2365 2485 2448 eine vacante Compagnie erhalten: der Secondelieu= ländischen geboren, trat 1711 in Preußische Dienste,
767 2412 1619 2470 tenant, Herr Kietze, ist zum Premierlieutenant avan¬
759 2452 1610 2515 cirt. Dieser Tagen ist eines hiesigen Schutzjudens,
761 2489 1619 2549 Namens Simon Würzburger, Ehefraumit 3 gesun¬
759 2530 2120 2633 dem lebendigen Töchtern in die Wochen gekommen, den erhielt, sich harvorgethan.
1649 2150 2493 2214 Den 13ten dieses starb zu Aacken an der Saale
812 2178 2493 2260 Bey dem Hessencasselschen Infanterieregimente hat Herr Franz Ernst Friedrich, Freyherr von Plotho¬
1651 2296 2495 2358 bataillons, auch Ritter des Ordens pour le merite¬
1646 2335 2485 2397 Er war den 30sten April 1698 zu Beßin im Haven
1636 2420 2476 2470 und hat sowohl in der Belagerung von Stralsund
1644 2463 2489 2527 als in den drey Schlesischen Kriegen, besonders in
1634 2508 2482 2583 der Schlacht bey Chotusitz, nach welcher er den Du=
2362 2570 2489 2665 Beant
