2663 3213
785 431 1634 496 lichen Processes zu verfahren, welcher auf Sr. Maj.
788 485 1631 532 Ordre wider die Herren Caredeuc, Vater und Sohn,
788 525 1628 573 Ploquet die Montreuil, Charette de la Gacherie und
787 566 1631 612 Charette de la Coliniere angefangen worden. Die Gesell=
797 607 1634 662 schaft hat beschlossen, daß, in Betracht der Beweg¬
791 648 1632 697 gründe der Weigerung eines großen Theils ihrer
791 689 1637 737 Mitglieder, welche sie für gültig anerkennet, und wo¬
791 728 1632 774 durch sie außer Stand gesetzt wird, von dem Proceß
788 771 1639 815 Kenntniß zu nehmen, Se. Maj. ersuchet werden, ge¬
791 809 1637 865 dachte offene Briefe zurück zu nehmen. Drey Tage
788 854 1624 902 porher hatten die Staatsräthe und Requetmeister,
791 891 1627 943 welche deputirt waren, das Parlament von Bretagne
791 932 1632 984 zu halten, die offenen Briefe registrirt, worin die
791 969 1634 1039 Gewalt, welche ihnen zu dem Ende ertheilet war,
785 1018 1215 1060 wieder aufgehoben wurde.
830 1037 1636 1100 Die Rhone ist so stark zugefroren, daß man mit
782 1094 1636 1146 Wagen und Pferden über das Eiß fähret. Seit
791 1134 1612 1194 1709 hat man hier keinen so strengen Frost gehabt.
1000 1178 1430 1230 Madrit, den 15. Jan.
828 1212 1627 1273 Seit 8 bis 10 Tagen haben wir in diesem König=
785 1266 1634 1317 reiche eine so ungewöhnliche als heftige Kälte. Die
794 1308 1631 1353 Gewässer bey Buentretiro sind so stark zugefroren,
791 1344 1627 1395 daß man mit Schrittschuen auf denselben läuft. Alle
794 1386 1631 1433 Gebirge sind mit Schnee bedeckt, und verschiedene
782 1432 1631 1478 Reisende hat man auf den Landstraßen todtgefroren
781 1468 950 1529 gefunden.
992 1501 1428 1559 London, den 7. Febr.
824 1518 1627 1599 Se. Maj. der König, welche sich seit einiger Zeit
785 1590 1626 1636 unpäßlich befunden, erscheinen noch nicht öffentlich.
785 1625 1627 1678 Von höchst Denenselben ist der Vice=Admiral Cor=
782 1671 1622 1716 nish, zum Baronet von Großbrittännien für sich und
791 1705 1627 1763 seine männliche Nachkommen erhoben worden. Den
791 1752 1624 1805 3ten diees war das Oberhauß wegen der Amerika=
782 1791 1634 1844 nischen Unvuhen bis 3 Uhr Morgens beysammen,
782 1831 1631 1885 und es wurde neulich festgesetzet, daß die Amerikani¬
791 1870 1627 1921 sche Colonien denen von den Großbrittannischen
788 1911 1628 1964 Parlament gemachten Gesetzen und Veordnungen
788 1952 1624 1995 auf das vollkommenste nachzukommen gehalten wä=
782 1989 1624 2046 ren, und daß der König die Ungehorsamen durch die
782 2035 1624 2091 gesetzmäßige Auctorität hiezu anzuhalten vollkom¬
785 2080 1620 2118 men berechtiget sey. Die Gemeinen sind dieser
785 2121 1627 2162 Meynung gleichfalls beygetreten, und haben zugleich
785 2159 1625 2207 festgesetzet, daß diejenigen Personen, welche bey Ge¬
780 2199 1627 2252 legenheit der in besagten Colonien vorgewesenen tu¬
780 2244 1621 2283 multuarischen Auftritten einigen Verlust erlitten, von
776 2278 1624 2336 eben gedachten Colonien schadloß gehalten werden
782 2321 1619 2372 sollen. Durch verschiedene aus Neuyorck eingelang=
780 2362 1620 2416 te Briefe haben wir die Nachricht erhalten, daß so
776 2408 1624 2458 wohl die Provinz Canada als Neuschottland, im=
776 2444 1619 2496 gleichen die Insel Barbados sich ohne Wiederrede
773 2491 1624 2536 der Stempel=Aete unterworfen. Nach einem ge¬
780 2523 1625 2570 machten Verzeichniß befinden sich in unsern Amerika=
776 2566 1617 2631 nischen Provinzen über 800000 Menschen, sowohl
1660 419 2488 482 weiße als schwarze, welche im Stande sind die Wal¬
1672 478 2488 531 fen zu tragen. Seitdem Hr. Pitt im Parlament die
1664 522 2485 563 aufsätzigen Amerikaner so sehr zu vertheidigen 9o
1669 564 2485 613 sucht, ist sein Ansehen um ein merkliches gefallen,
1666 599 2488 657 und es ist sehr wahrscheinlich, daß er selbiges bals
1672 644 2030 693 völlig verlieren werde.
1842 685 2321 735 Warschau, den 13. Febr.
1702 723 2490 769 Mit dem gestrigen Morgen haben die Redouten
1664 765 2488 815 und Lustbarkeiten ihr Ende genommen. Der Herr
1669 806 2490 852 Cammerherr Loyko, ist nicht wie wir neulich gesagt
1669 848 2490 908 als Resident an den französischen Hof abgegangen,
1666 882 2490 936 sondern als außerordentlicher Gesandter mit der An
1660 927 2485 993 meldung der Wahl und Krönung unsers allergnädig
1669 965 2490 1031 sten Königes. Der Königl. Geheimde Rath und
1666 1002 2490 1058 Ritter des St. Annen=Orden, Hr. von Medem, der
1666 1046 2488 1101 sonsten als Delegirter so wohl von Sr. Durchl. dem
1659 1085 2489 1147 Herzog Ernst Johann von Curland, als auch zugleich
1669 1131 2488 1177 von dem dortigen Adel sich hier befunden, seit der
1660 1166 2490 1222 Krönung aber unsers allergnädigsten Herrn lediglich
1666 1207 2485 1259 als herzoglicher Gesandter an diesem Hofe sich auf
1657 1256 2486 1325 gehalten hat, ist nunmehro abgerufen worden, und
1666 1296 2488 1343 schon nach Curland abgereiset. Es ist anjetzo Hr.
1660 1333 2490 1383 Ryßewski, der sonsten so wohl hier als in Danzis
1660 1377 2493 1433 und auch noch zuletzt hieselbst Rußischkayserl. Residen
1660 1409 2488 1474 gewesen, welche Stelle jetzt der Hr. Baron von Asch
1660 1455 2485 1503 allhier bekleidet, in Herzoglich=Curländische Dienst=
1664 1500 2483 1570 getreten und als Resident des mehrgedachten He=
1660 1539 2488 1595 zogs an hiesigem Hofe accreditiret worden. Man
1669 1579 2490 1641 siehet hier jetzo das Verzeichniß dererjenigen Herren
1666 1618 2488 1662 von der Curschen Ritterschaft, welche wegen ihrer
1666 1655 2485 1725 bis dato verweigerten Huldigung, und anderer gesetzwi=
1660 1700 2488 1750 drigen Handlungen von dem Durchlauchtigsten Her=
1664 1744 2488 1795 zoge vor die nächste Relationsgerichte gladen wer¬
1664 1784 2483 1830 den. Es sind solches die Herren von Fock, Bistram,
1660 1822 2481 1865 Brüggen, Schoppinck, Medem, Sacken, Hahn
1669 1868 2485 1905 Brincken, Howen, Mirbach, Nolde, Vietinghoff rc.
1656 1906 2478 1954 Insbesondere aber werden die Hrn. von Nolden Vie
1654 1948 2478 1995 tinghoff und Schoppinck, als Verbreiter der wiede
1657 1986 2472 2047 den Herzog abgefaßten ehrenrührigen Schriften an
1654 2029 2475 2081 geklagt; und letzterer noch vornehmlich beschuldiget
1649 2069 2479 2118 daß er einen Justiz=Bedienten, der ihm dieserhalb
1656 2109 2457 2172 eine Ladung hat zustellen sollen, gefänglich ei
1651 2156 1867 2211 gezogen hat.
1664 2228 2475 2282 Wechsel-Cours & Species d. 27. Febr. 1766.
2160 2280 2434 2345 71 Tage 306½ gr.
1654 2287 2096 2333 Amsterdam 41 Tage 308 gr.
2113 2312 2342 2383 6 W. 130 gr.
1660 2328 2043 2383 Hamburg 3 W. 1304 gr.
1654 2369 1762 2425 Berlin
2018 2358 2376 2424 Dantzig 27½/pr. Cto.
2069 2408 2452 2465 Alberts Taler 133 gr.
1657 2404 2030 2462 Ducaten neue 9 fl. 5 gr.
2018 2439 2472 2495 Alt Polnisch Geld 134 pr. Cto.
1649 2444 1894 2493 Rubel 116 gr.
1649 2479 2472 2552 Diese Gelehrte und Politische Zeitung wird des Montag
1699 2537 2450 2583 und des Freytags Vormittags um 10 Uhr in dem
1800 2570 2347 2639 Kanterschen Buchladen ausgegeben.
