2479 3213
350 406 1162 493 Alsdenn erläutert der V. hieraus die Möglichkeit
314 446 1158 526 und Seltenheit der Geisterscheinungen, unsere dop
318 515 1162 573 pelte Persönlichkeit im Schlaf und Wachen, die
316 562 1156 622 Art, die Vortheile und Nachtheile solcher Visionen.
361 602 1156 649 (Diese neue Geisterwelt, zu der der V. und viel¬
318 726 1149 778 einer schöpferischen philosophischen Einbildungskraft
316 767 1162 818 die auf der Erde eine so systematische Verbindung
323 805 1156 852 unsichtbarer Dinge entwirft, als sie vormals am
318 846 1160 906 Himmel sand: sie zeigt von dem Scharfsinn, und
316 880 1158 936 der Aufmerksamkeit ihres Urhebers, sein System auf
316 925 1154 991 allen Seiten zu zeigen. Allein worauf beruhet es
314 959 1158 1023 darauf, daß die Geister, vielleicht auch unmit
316 1019 1154 1068 telbar eine Gemeinschaft haben; möchte nicht aber
316 1047 1160 1111 eine organische Gemeinschaft gnug seyn, wenn es
323 1083 1164 1145 keine mehr als Seelen giebt, und wer weiß von
323 1134 1164 1188 mehrern? — Die moralische Einheit, und das un¬
323 1179 1158 1241 eigennützige Gefühl dörfte ja zu seinem Mittelpunkte
318 1209 1160 1263 der Anziehung nicht eben eine Geisterwelt, sondern
325 1252 1156 1320 blos die Welt des Lebendigen haben, und über
323 1339 1156 1412 wie eine Synthese betrachtet; als sie haben dörfte
327 1378 884 1440 wenn sie immer bey Datis bliebe.
359 1395 1158 1468 Drittes Hauptstück. Ein Fragment der ge
323 1453 1156 1530 heimen Philosophie, die Gemeinschaft mit der Gei
323 1495 645 1562 sterwelt aufzuheben.
374 1517 1154 1609 Hier theilen sich die Träumer in Träumer der
325 1557 1156 1643 Vernunft, und der Ewpfindung; unter die letztern
323 1613 1158 1681 zahlet er auch die Geisterseher, die er als wirkliche
323 1664 1156 1730 Kranken behandelt, zeigt ihren Unterschied von der
323 1700 1156 1765 Wachenden Träumern, und streuet über die Art der
1181 414 2027 483 Empfindung, über die Krankheit des Wahnwitzes,
1177 470 1722 534 merkwürdige Beobachtungen hin.
1224 513 2036 570 (Dieses Stück schrankt das vorige in der Anwen¬
1181 549 2029 605 dung völlig ein; es nimmt mit dem vorigen einen
1181 592 2027 649 entgegengesetzten Weg, und wenn wir beide gegen
320 630 2036 686 reicht einige ausser- und überordentliche Genies den einander abwiegen: so möchten wir vielleicht eben
325 671 2025 761 Schlüßel haben möchten, ist allerdings ein Gebäude auf dem Punkt seyn, der uns ohne Metaphysik der
1186 722 1389 786 sicherste ist.)
1245 752 2021 833 Das vierte Stück im ersten, und das
1188 810 2029 869 letzte im andern Theil enthalten allgemeine
1186 854 2029 908 Betrachtungen über die Geisterlehre und Metaphy¬
1192 895 2025 953 sik und das letzte insonderheit enthält einige große
1186 938 2029 1008 Züge zu einem Plane, den der Verfasser, am besten
1186 978 1720 1051 ausführen und anwenden könnte.
1222 1004 2029 1079 Das Ganze der Schrift dörfte nicht gnug Einheit.
1181 1068 2027 1117 und ein Theil nicht gnug Beziehung auf den andern
1192 1100 2027 1160 haben. Der Verfasser trägt die Wahrheiten von
1181 1139 2027 1201 beyden Seiten vor, und sagt wie jener Römer; ei¬
1181 1175 2027 1241 ner sagt nein! der andre: ja! ihr Römer, wem
1179 1222 2027 1282 glaubt ihr? Indessen schärft dies die Aufmerksam¬
1188 1265 2029 1320 keit desto mehr, und man sieht allenthalben, daß der
325 1288 2036 1348 Jaupt hat die ganze Hypothese mehr Schönheit Verf. den Genius der Philosophie so zu seinem
1188 1346 2032 1408 Freunde habe, als Sokrates sich mit seinem Dä¬
1186 1389 2027 1446 mon auch in heiligen Träumen besprach. Kurz!
1188 1433 2032 1487 wenn das moralische Buch das beste ist, was mir
1186 1468 2027 1523 die stärksten Eindrücke auf die Empfingungen zurück
1186 1512 2027 1568 läßt: so ist das philosophische ohne Zweifel das
1186 1553 2032 1611 beste, das mich zu einer Reihe von Gedanken Gele¬
1177 1594 2029 1653 genheit giebt, und alsdenn hat das gegenwärtige
1177 1634 1592 1709 darauf großen Anspruch.
1211 1690 2006 1745 Kostet in den Kanterschen Buchhandlungen 21 gr.
534 1790 981 1854 Berlin, den 25. Febr.
340 2237 1164 2316 deber des Herrn Lausons, aus Königsberg in Preus.
346 2363 1649 2440 deeeren, folgete, und der Beschluß mit einem neuen gehört, genau zu bestimmen.
346 2403 1171 2480 Daulet, das der Balletmeister dieser Gesellschaft,
348 2440 1361 2525 eert Jacquemain, verfertiget, gemacht wurde. Die frage aus:
344 2487 1169 2572 Anzahl der Zuschauer war sehr groß, und der Bey¬
344 2525 564 2585 fall allgemein.
365 2551 1166 2630 Der Hauptendzweck der beyden bis hieher von
344 2604 1171 2707 dem Gieneraldirectorio aufgegebenen Preisfragen hat
1177 1773 2032 1839 die Ersparung des Holzes zum Gegenstand. Ge¬
365 1818 2029 1882 Gestern Nachmittage geschahe die siebenund dreyßig= dachtes Directorium verspricht demjenigen, welcher
338 1867 2034 1931 ste offentliche Ziehung der Königl. Preuß. Lotterie ein gründliches, practicables, und in diesem Lande
338 1918 2025 1967 auf dem Berlinischen Rathhause. Die funf Num= nicht gebräuchliches Mittel, das Holz zu ersparen,
333 1959 2029 2029 mern, welche herausgezogen wurden und gewonnen auf was für eine Art es immer seyn mag, ausfindig
333 1995 2032 2051 haden, sind folgende: 10. 66. 78. 86. 68. An macht; einen Preis von hundert Thalern, wohl zu
338 2042 2025 2089 eben dem Tage, des Nachmittags, eröfnete die Kö= verstehen, daß diese Ersparung auf keiner Art der
331 2081 2027 2134 digl. generalprivilegirte Schuchische Gesellschaft deut= Vollkommenheit des Werks schade, und daß die Aka¬
338 2115 2025 2168 scher Schauspieler ihren hier neu erbaueten eigenen demie solches Mittel approbiret. Die hierüber ein¬
340 2158 2032 2237 Schauplatz in der Bärenstraße, mit einem Vorspiel: zuschickende Schriften sind an den beständigen Sekre=
344 2198 2025 2273 dentelt: die Hofnung glücklicher Epochen, aus der taire der Akademie, den Herrn Professor Formey, zu
1186 2254 2027 2294 addreßiren. Es wird wegen ihrer Einsendung kein
340 2279 2032 2356 sen, worauf das aus dem Italienischen des Herrn Termin festgesetzt, weil es nicht möglich ist, die Zeit,
346 2320 2027 2395 Solooni übersetzte-Lustspiel: der Diener zweyer welche zu denen hierzu erforderlichen Erfahrungen.
1218 2390 2027 2487 Das Generaldirectorium setzt auch folgende Preis¬
1220 2472 2027 2546 Durch neue und im Großen angestellte und be¬
1258 2534 2027 2589 währt gefundene Versuche zu zeigen, wie mit
1263 2574 2029 2643 der möglichsten Ersparung des Holzes, der Zeit
1263 2632 2032 2690 und Kosten, das Salz auf den Salzcocturen.
1916 2664 2027 2724 derge.
