2663 3213
746 442 1592 500 Anlage dieses Tisches in Goldarbeit ist von dem Kö¬
743 498 1596 540 nigl. Bildschnitzer, Hrn. Caffieri, dem Aelteren.
746 536 1594 587 Der Geschmack, das Zierliche und das Neue leuch¬
741 575 1594 632 ten aus allen Theilen dieses prächtigen Stückes her¬
750 620 1592 662 vor. Die Figuren stellen kleine Liebesgötter vor,
750 660 1594 703 die allein von ausgehauener Arbeit sind, und mit
756 699 1583 748 Blumen, Kränzen und andern Zierrathen den Tisch
746 737 1594 786 überall ausschmücken, insonderheit aber den köstlichen
746 784 1592 831 Spiegel, unter welchem man den Gott der Liebe auf
746 822 1600 872 einem Gewölke, in dem Wagen seiner Mutter sieht,
750 861 1598 904 woher er einen seiner Pfeile auf die Schönheit ab¬
754 901 1598 955 schiesset; ein Sinnbild, dessen Auslegung nicht
752 946 1598 991 schwer ist. Man hat noch nie eine schönere Anlage,
743 983 1598 1028 noch eine bessere Ausführung, gesehen. Die Farben
758 1030 1357 1075 sind daran so glänzend, als vielfach.
1389 1021 1598 1072 Dieser herr¬
752 1068 1598 1113 liche Tisch ist kürzlich nach Madrit abgeschickt wor¬
750 1107 1598 1149 den, um hochgedachter Prinzeßin an ihrem Geburts¬
750 1145 1188 1211 tage übergeben zu werden.
976 1183 1382 1250 London, den 3. Jan.
797 1233 1598 1290 Am Neujahrstage empfing der König, die Köni¬
746 1271 1594 1342 gin und die gesammte Königl. Familie die Condolenz¬
746 1327 1598 1380 complimente wegen des Absterben des Prinzen Fri¬
752 1363 1594 1421 derich Wilhelms. Den 26ten haben Se. Königl.
756 1408 1598 1463 Maj. Capitel vom Hosenbande gehalten, und darin¬
752 1448 1598 1495 nen Se. Königl. Hoheit den Prinzen von Wallis,
752 1489 1600 1538 des Erbprinzen von Braunschweig Hochfürstl. Durch¬
756 1530 1598 1581 laucht, und den Grafen von Albemarle, zu Rittern
756 1570 1598 1628 gedachten hohen Ordens allergnädigst zu ernennen
758 1613 1600 1664 geruhet. Der Marquis von St. Croix, welcher all¬
758 1653 1600 1705 hier angekommen war, und einige, die Handlung
761 1694 1604 1739 Sr. Maj. Unterthanen mit den Spaniern in der
761 1735 1602 1786 Bay von Honduras, betreffende Umstände, mit den
752 1775 1598 1831 Königl. Ministern zu reguliren, wird unverzüglich
756 1818 1598 1865 nach Madrid zurückgehen, und sich von da nach dem
761 1854 1602 1910 Ihm von Sr. Catholischen Maj. verliehenen Gou¬
752 1895 1598 1946 vernement von Mexico zu begeben. Die Sache
756 1935 1592 1993 wegen Bezahlung der Manillischen Ranzions=Gelder
752 1974 1594 2034 und Canadischen Billets ist noch nicht völlig geendiget
788 2008 1598 2074 Capitain Glaß, welcher nebst seiner Familie und
758 2051 1594 2108 vielen Schätzen auf der Rückreise von Senegal be¬
752 2100 1598 2151 griffen war, hat das Unglück gehabt, den 30sten No¬
756 2143 1594 2188 vember vorigen Jahres, auf der Seite von Irrland
752 2217 1585 2269 dem diese Mörder das übrige Schiffvolk gleichfals
752 2258 1594 2320 aus dem Wege geräumet, haben sie das Schiff ge¬
756 2348 1587 2401 rettet. Sie sind aber bereits in Jerland ertappt,
752 2386 1585 2444 und stehen im Begrif zu ihrer gerechten Bestrafung
750 2429 1585 2478 anhero gebracht zu werden. Die Gemalin und Kin¬
746 2470 1589 2514 der obgedachten Capitains, haben sie, nachdem sie
752 2510 1589 2561 letzteren die Hände abgehauen, ins Meer geworfen.
752 2549 1594 2604 Seit dem 11ten Dec. 1764. bis zu eben demselben
752 2591 1585 2645 1765. sind allhier 23230 Personen gestorben, und
746 2638 2014 2715 16374 geboren worden. Dieser große Unterscheid kann abgeholet werden.
1613 455 2461 513 entsteht daher, weil von den vielen Fremden; imglei
1621 502 2470 558 chen von den Quäckern und andern Sectirern, die
1621 540 2470 598 Verstorbene zwar aufgezeichnet werden, die Ge¬
1619 583 2463 632 borne aber gar nicht in den Registern der hiesigen
1626 624 2066 679 Gemeinden befindlich sind.
1807 662 2288 722 Warschau, den 15. Jan.
1658 701 2472 758 Sr. Königl. Maj. sind am vorigen Sonntage von
1624 748 2467 795 der Jagd allhier glücklich retourniret. Die jüdische
1619 786 2463 842 Gemeine in Koßienlc hat Sr. Maj. den König durch
1628 827 2470 880 einen Rabiner in einer langen Rede bewillkommet,
1621 872 2463 919 und Allerhöchst denenselben einen Ochsen mit vergül=
1624 910 2465 959 deten Hörnern und rothen Stiefeln verehret. Die
1624 946 2470 1006 Gemahlin des Castellans von Cracau, und die Grä¬
1628 991 2461 1047 sin Branitzka, sind allhier vorgestern arriviret, um
1621 1034 2467 1083 dem den Freytag einfallenden Geburtsfeste Sr.
1624 1077 2465 1122 Maj. beyzuwohnen. Der Woywod von Polock, und
1619 1111 2457 1164 Unter=Feldherr von Litthauen, Graf Sapiha, wir
1626 1156 2463 1205 ebenfalls auf gedachten Tag, nebst seiner Gemahlir
1619 1194 2463 1243 allhie erwartet. Die Schatz Commißion hat gestern
1621 1237 2463 1288 ein Universal publiciren lassen, wodurch die bisheri¬
1621 1284 2470 1329 ge Pohl. Schillinge bis  Groschen reduciret wor¬
1628 1320 2470 1367 den, dagegen ist mit Ausgebung der neuen in Cracau
1624 1363 2465 1406 geschlagenen Kupfermünze bereits der Anfang ge¬
1624 1399 2461 1453 macht worden. Der Prinz Kron=Kammerherr ist
1619 1436 2463 1491 gestern allhier angekommen, wie denn auch der Prinz
1619 1485 2457 1534 General ebenfalls aus Wien retourniret. Es wir
1624 1517 2461 1570 ehestens ein Kayserl. Cammerherr mit dem Orden
1624 1562 2465 1611 vom goldenen Fließ für Sr. Maj. erwartet. Die
1621 1596 2455 1681 Commißion boni ordinis hat ihre Sitzung wiede
1619 1641 1816 1688 angefangen.
1882 1666 2215 1775 AVERTISSEMENT
1662 1747 2463 1820 Es soll Montag, als den 27 Jan. um 2 Uhr Nach¬
1619 1790 2470 1856 mittage, in dem Altstädtschen Bauhofe eine drey¬
1621 1844 2467 1895 sitzige, recht wohl conditionirte, bequeme, mit Fen¬
1624 1888 2461 1940 stern versehene und blauem Tuch ausgeschlagene Rei¬
1628 1927 2470 1978 sekutsche; imgleichen ein noch neuer grün angestriche¬
1619 1967 2461 2049 ner leichter Trabeschlitten an den Meistbietenden ver¬
1621 2000 1869 2072 kaufet werden.
1837 2036 2237 2119 Eingekommene Fremde.
1765 2079 2311 2147 Vom 18ten bis zum 24ten Jan.
1658 2128 2457 2202 Herr von Adolphsen, ein Curscher von Adel, komm
746 2160 2463 2237 durch 4 seiner Leute, ermordet zu werden. Nach= von Dresden, geht nach Curland, log. bey Felgen¬
1613 2222 2461 2275 hauer auf dem Roßgarten. Herr Doctor Schwartz,
1611 2264 2455 2333 kommt on Danzig, log. bey Daniels im Kneiphof.
761 2303 2457 2358 plündert, und sich aufs feste Land mit der Flucht ge= Herr Major von Lutz, vom Malachowskyschen Hu
1619 2341 2457 2399 saren=Reg. kommt von Bischofswerder, log. bey Kon¬
1621 2384 2457 2442 Fnopatzky, auf dem Steindamm. Hr. Graf von
1611 2423 2457 2489 inck, kommt von Raudnitz, log. bey Felgenhauer
1613 2470 2455 2521 auf dem Roßgarten. Herr Regimentsquartiermeister
1613 2510 2457 2589 Stumpf, von Finckenst. Reg. kommt aus Morungen,
1613 2538 2305 2613 log. bey Felgenhauer auf dem Roßgarten.
1649 2589 2442 2679 Das Register zur Zeitung des vorigen Jahre
