2479 3213
332 403 1174 476 rig, in der Fortsetzung, die das Leben des berüchtig¬
328 470 1177 513 ten Julians entwerfen muß, zu sehen, aus was für
332 509 1181 558 einem Augenpunkte der Verf. diesen Kaiser beurthei¬
332 550 1181 601 len wird, über dessen Charakter Bletterie gearbeitet
1194 397 2069 470 und der Herr Marg. d'Argens genug feine Schmin¬
1633 450 2064 534 Kostet in den Kanterschen
1202 468 1552 524 ke aufgetragen hat.
1200 500 1586 571 Buchhandlungen 2 fl.
534 646 965 713 Berlin, den 15. Febr.
386 679 1177 735 Bey Sr. Majestät Garde du Corps hat der
332 707 1177 778 Staabsrittmeister, Freyherr von Mengden, eine
328 769 1177 834 dacante Esquadron erhalten; der Lieutenant, Herr
334 815 1174 858 von Byern, ist zum Staabsrittmeister, die Cornets,
328 851 1170 905 Herren von Bredow und Graf von Haack, sind zi
334 888 1177 959 Fieutenants und der Estandartenjunker, Herr Graf
340 944 931 989 von Henkel, ist zum Cornet avancirt.
481 972 1017 1032 Donaustrom, vom 3 Márz.
358 989 1170 1086 Der verstorbene Feldmarschall Daun hat in seinen
325 1047 1185 1125 mit eigener Hand durchaus geschriebenen Testament
332 1099 1174 1157 den von der Rußischen Kaiserin erhaltenen mit Bril=
336 1142 1179 1211 tanten reich besetzten goldenen Degen vor ein Ma¬
332 1183 1170 1235 soratgut erkläret. Der Hof hat zu Laxenburg den Pal
332 1231 1181 1274 last und die Gärten des gedachten Feldmarschalls für
334 1274 1177 1336 40000 Gulden gekauft, und gleich baar bezahlen las¬
334 1310 1179 1379 sen. Die Anzahl der Invaliden in den Kaiserl. Erb=
334 1396 1177 1461 Mann, der Generalkriegscommissarius, Graf Jo¬
328 1435 1177 1502 hann von Choteck, behält die Oberaufsicht über sie
328 1474 1179 1549 bey. Se. Majestät, der Kaiser, lassen noch immer
334 1519 1174 1595 die Besorgung der Landesangelegenheiten, und der
334 1560 1177 1612 weitläuftigen neuen Militaireinrichtung ein Werk
328 1605 1177 1655 Ihrer unermüdeten Sorgfalt seyn. Letztere ist Sr.
334 1646 1179 1711 Majestät von der verwitweten Kaiserinkönigin gänz¬
334 1685 1174 1756 lich und ohne alle Ausnahme überlassen worden.
334 1730 1179 1802 Wie verlautet, so wären der verwittweten Kaiserin
334 1769 1179 1834 Majestät entschlossen, im künftigen Frühjahr sich
332 1808 1181 1879 nach Innsbruck in dasiges Schloß, wo Allerhöchstde¬
336 1853 1177 1907 to Gemahl verblichen, zu begeben, um allda, von
336 1896 1177 1963 allen Regimentsgeschäften frey, Höchstdero Tage im
336 2058 1179 2131 Feldmarschall, Graf von Lascy, besorget nun nebst sei=
336 2110 1174 2159 ner hechansehnlichen Stelle auch das Kriegs
336 2144 2015 2211 kommissariat, derohalben der bisher gewesene Gene= brauche, die Uebertreter nach Befinden zu strafen.
336 2187 1170 2254 tattriegscommissarius, Herr Graf Johannes vor
343 2226 1181 2295 Chotec, diese Charge zu Füssen Ihro Kaiserl. Kö¬
340 2312 1179 2366 marschalle, Grafen von Aspremontlieden und Collo¬
336 2353 1174 2422 redo, haben ihre Stellen bey dem Conseß des Con¬
347 2392 1179 2465 mn Bellici resigniret, und behalten die halbe Feld¬
336 2437 1174 2502 marschallsgage von 6000 Fl. Dem Herrn General,
343 2558 1170 2631 santerieregimenter aufgetragen worden seyn. Das
1200 629 2064 694 der Stubentoorbastion bewohnte Quartier, so sonst
1200 681 2064 741 vor den Haus= Land= und Artilleriefeldzeugmeister
1202 726 2062 778 gewidmet, und, wie es vorhin geheissen, von dem
1200 763 2060 819 Fürsten Ulrich Kinski bezogen werden sollen, wird
1200 806 2064 864 nunmehro ebenfals wieder dem Herrn Hofkriegsprä¬
1209 851 2064 907 sidenten, Grafen von Lascy, zugeeignet, so wie denn
1200 890 2067 948 auch alle darinne befindliche Meublen vor dieselben
1198 933 2058 983 verbleiben. Kommenden 13ten März, als an demglor¬
1200 978 2062 1026 reichsten Geburtstage Sr. Maj. des Kaisers, werden
1202 1017 2060 1069 verschiedene andere Abänderungen und Promotiones
1209 1054 2054 1110 prophezeyet, wie denn auch der Herr Freyherr von
1200 1099 2062 1149 Laudon und mehrere Herren Feldzeugmeister anhero
1207 1138 2058 1222 sollen berufen seyn, und ersterer zum wirklichen Feld¬
1200 1183 1649 1241 marschall ernennet werden.
1420 1207 1830 1276 Cassel, den 1. März.
1246 1259 2060 1317 Se. Hochfürstl. Durchl. unser gnädigster Land¬
1202 1299 2062 1362 graf, haben, mittelst einer vom letztverwichenen 28ten
334 1347 2058 1396 landen erstrecket sich seit dem letzten Kriege auf 20000 Dec. dätirten Verordnung, nicht allein alle in Dero
1198 1381 2060 1448 Landen auf den Dörfern angelegte Coffeekräme, bey
1200 1429 2060 1483 einer Strafe von 5 Reichsthalern, und des Schutzver¬
1207 1472 2052 1526 lustes für die Juden, mit Confiscation des Coffee,
1207 1511 2067 1573 sondern auch allen weiteren Gebrauch des Coffee, als
1200 1558 2054 1610 eines Getränkes, durch dessen eingerissenen Mißbrauch
1202 1599 2064 1649 die Unterthanen, wie die Worte der Verordnung lau¬
1202 1640 2054 1694 ten, neben der Schwächung ihrer Gesundheit, in
1200 1681 2062 1733 merklichen Verfall ihrer Nahrung gerathen, überall auf
1200 1722 2060 1771 den Dörfern, den Bauern, Tagelöhnern und dem
1200 1767 2067 1817 Gesinde, bey zehn Reichsthaler Geld= oder 14tägiger
1202 1806 2058 1864 Gefängnißstrafe, verboten. Dieselbe Verordnung
1202 1847 2062 1905 verbietet auch den Handwerks=Gesellen, den Tagelöh¬
1198 1890 2062 1942 nern und dem Gesinde, in den Städten, das Coffee¬
336 1931 2067 1985 Gebet und Andachten zu beschließen; zu welchem En= trinken gänzlich, und befiehlt über dieses den Obrigkei¬
334 1972 2058 2024 de an dasiges Schloß noch ein neuer Flügel gebauet ten, auf die geringere und nicht vermögende Bürger
336 2017 2056 2067 werden sollte. Der neue Hofkriegsrathspräsident, genaue Obacht zu haben, sie von dem ihnen in allem
1200 2058 2060 2103 Betracht zum Verderben gereichenden Coffeegetränk
1194 2099 2054 2159 nachdrücklich abzumahnen, und, bey verspürtem Miß¬
1409 2183 1843 2241 London, den 5. März.
1237 2202 2067 2271 Am 27sten Febr. sandte der Hof ein ausserordentli¬
336 2267 2069 2314 nigl. Majestät niedergelegt hat. Die Herren Feld= ches Paquetboot mit der Zeitung wegen der Stempel¬
1202 2306 2054 2355 acte nach Amerika ab. Auch haben unsere Kaufleu¬
1194 2351 2058 2403 te etliche leichte Schiffe mit dieser angenehmen Nach¬
1202 2390 2062 2439 richt nach den Colonien abgefertiget. Alle Commis¬
1209 2431 2058 2489 siones aus Amerika werden nunmehro bewerkskelliges,
340 2472 2062 2521 seldwachtmeister, Grafen Joseph von Colloredo, soll und die abgedankten Arbeiter wieder angenommen.
340 2519 2064 2573 die Genevalinspection über alle Kayserl. Königl. In= Zu Bristol, Liverpool, Birmingham, und verschie¬
1198 2549 2060 2608 denen andern Orten, hat man öffentliche Freudenbe¬
340 2597 2060 2696 don dem sel. Feldmarschall, Grafen von Daun, auf zeigungen angestellet, sobald diese Zeitung daselbst
