2479 3213
322 612 1174 657 theil, weil er einen schlechten Gegner gehabt, und
322 651 1179 711 in einem kleinen Kriege mit vielem Lärm. In der
320 681 1179 753 Uebersetzung des Aelians ist Herr Formey der ge
324 770 1176 826 Nachrichten bey dieser Bibliothek enthalten eine
329 815 1170 891 Menge von kleinen Recensionen weniger merkwür-
324 859 1183 926 digen Schriften. Tellers Kritik über seines Bru-
329 897 1174 969 ders Lehrbuch verräth einen hämischen Geist und
322 947 1174 995 gar kein brüderlich Herz. (Das schlechteste dabey
331 984 1176 1036 ist, daß er sich dadurch Gönner machen wollen.) Es
971 1025 1159 1096 de la peine estime
554 1029 647 1094 Von
322 417 2057 484 schönste Latein wird vielleicht auf den Musenschulen scheinet uns, als wenn die theologische Artikel in
324 478 2054 532 noch weniger verstanden als das Küchenlatein. Der diesen Nachrichten zu vielen Raum einnehmen, und
331 517 2052 564 Herr Past. Götze sicht gegen die Meynung eines Un= diejenige aus andern Wissenschaften nur bloß citiret
324 556 2052 614 genannten in den hannöverschen Beiträgen mit Vor= werden, ausser in den schönen Wissenschaften, wo
1194 610 2052 657 mehr Urtheil in einem kurzen Zuge ist. Moses in
1207 644 2052 696 Madian, der anakreontisch singt ist ein allerdings
1200 694 2052 740 lächerlicher Marmouset. Die Verwandlungen, ein
324 727 2063 772 wöhnliche fruchtbare Autor für das Publikum. Die Hamburgisches Schauspiel, sind von der Höhe ge-
1209 763 2052 826 stürzt, darauf sie andre Zeitungen erhoben. Der
1202 813 2061 865 erste Band ist mit dem Kupfer eines' geistvollen
1202 852 2057 926 Ramlers gezieret. Es bleibt in diesem Stück bey
1200 891 1646 969 der mode des Verlegers.
1360 949 1877 1019 (Der Beschluß folgt künftig.)
1321 999 1812 1083 S.F.K.S.
525 1075 967 1140 Berlin, den 11. Febr.
363 1112 1174 1168 Das Publikum wird hiemit, in Gefolge der bei
335 1146 1166 1224 reits in denen Berlinischen Zeitungen vom 28. Dec.
322 1200 1166 1269 1765. bekannt gemachten vorläufigen Anzeige, ferner
329 1248 1170 1308 und zwar nunmehro, von Königl. Lotteriegerichts
329 1282 1166 1349 wegen, mithin auf das zuverläßigste, und denen des
331 1326 1172 1395 halb aufgenommenen Untersuchungsacten exactcon-
335 1371 1176 1436 formeste, pflichtmäßig versichert, daß nach der von
329 1410 1174 1477 Ort zu Ort angestellten genauesten Untersuchung, und
337 1451 1174 1516 nach denen hierauf erfolgten einmüthigen Geständ¬
322 1488 1174 1563 nisse und Bekänntnissen derer Complicen, vollkom-
329 1533 1174 1602 men ausgemittelt, wie der fameuse große Lotteriege-
331 1576 1172 1641 winuft einer Terne und Quaterne, zusammen von
333 1624 1161 1682 45000 Rthlr. dergestalt zu erhaschen gesuchet worden,
335 1656 1176 1728 daß der auswärtige Collecteur, welcher sich dessen ge=
335 1700 1168 1769 lüsten lassen, den Tag der 34sten Lotterieziehung,
335 1741 1176 1797 den 23sten Dec. 1765. allhier sich in der Stille auf=
340 1827 1170 1892 5 Nummern notiret, darauf nach der nächsten Post,
340 1860 1170 1933 station zu Pferde zurückgeeilet, daselbst dem dortigen
337 1907 1168 1972 Postmeister verschwiegen, daß er von Berlin zuruck
337 1948 1174 2018 komme; daß hier eine Lotterieziehung gewesen, und
340 1987 1174 2059 daß er die herausgekommene 5 Nummern wisse;
335 2033 1176 2102 vielmehr sich gestellet, als wenn er von vorwärts
340 2111 1176 2188 Postmeister dadurch desto ehender verleitet, den Brief-
340 2156 1174 2225 beutel, der Tages darauf, den 24sten Dec. daselbst
346 2199 1176 2268 angekommenen reitenden Post, zu eröfnen, und die=
337 2240 1168 2310 sem dabey zugegen gewesenem Collecteur zu erlauben,
337 2279 1179 2359 daß er die, in gedachtem Briefbeutel, gewesene, an
337 2318 1168 2396 das Lotterieamt zu Berlin, mit einer vorhin nach
335 2364 1176 2424 Gutdünken, und nach selbst erwählten Nummern,
340 2407 1174 2474 an dem eigentlichem Ort der Wohnung des Collecteurs,
333 2452 1176 2521 eingerichteten Liste, adreßirte Depeche, herausneh-
340 2485 1174 2552 men, ceßiren, und eine andere, nach denen, Ta=
337 2537 1174 2608 ges zuvor, herausgekommenen 5 Nummern, einge=
335 2569 1168 2645 richtete neue, mithin falsche Liste, worinnen ein jeder
340 2606 1174 2688 Satz mit 12 Gr. in altem Golde fingirt belegt wer=
335 2643 1174 2723 den wollen, hineinschieben dürfen, unter der, dem
335 2688 1174 2790 Postmeister gethanen Vorspiegelung, als ob diese
1198 1042 2054 1129 neue Liste, die von ihm, dem Collecteur, in der nächste
1202 1120 2054 1170 vorhergegangenen Nacht, geträumte, angeblich glück¬
1194 1163 2057 1217 liche, 5 Nummern enthalte, wodurch beyde mit ei-
1194 1207 2054 1250 nemmahl ihr Glück machen könnten, und es mithin
1198 1243 2057 1308 dabey auf eine noch erst in kurzem bevorstehende Lot-
1198 1289 1559 1345 terieziehung ankomme.
1230 1326 2052 1378 Wie nun hierauf der mehrerwehnte Collecteur
1202 1373 2048 1423 seine Dreistigkeit dahin fortgesetzet, daß er bey dem
1200 1416 2054 1460 von Sr. Königl. Majestät Allerhöchstbestalltem
1200 1455 2052 1505 Lotterierichter, den 1sten Februar c. seinen schriftli-
1194 1499 2052 1548 chen Klaglibellum gegen das Generallotteriepachtamt
1194 1535 2052 1592 eingereichet, mithin dasselbe in die Bezahlung des
1194 1583 2052 1628 vorgeblichen großen Lotteriegewinnstes zu condemni¬
1198 1620 2046 1667 ren gebeten; so ist endlich nach angestellter genauer
1194 1661 2057 1706 Untersuchung der Betrug dieses Collecteurs völlig ent¬
1198 1704 2054 1752 decket, und er nach gesetzmäßigen Beschluß der Unter-
1200 1745 2054 1795 suchungsacten und zufolge der von Sr. Majestät
335 1775 2052 1829 gehalten, die aus dem Glücksrade herausgekommene dem Könige allerhöchst approbirten Sentenz, nach der
1194 1829 2052 1879 Festung Spandau gebracht worden. Dem Postmei=
1202 1866 2054 1922 ster wird anjetzo der Proceß gemacht, und ist folglich
1198 1916 2050 1964 diese Sache zwar kurz, doch zugleich so gesetzmäßig
1200 1953 2048 2005 und so überzeugend, als möglich, geendiget, und da=
1194 1994 2046 2044 durch die Reputation der Exactitude und der Droi-
1198 2039 2052 2089 ture des Königl. Generallotteriepachtamts, als woran
335 2072 2048 2126 komme, und erst nach Berlin zu, reise, mithin den bishero ohnedem nicht das geringste auszusetzen, vor-
1198 2121 2044 2195 gekommen, auf das neue in Sicherheit gestellet worden.
1414 2160 1834 2217 Wien, den 19. Febr.
1241 2182 2054 2251 Vor einigen Tagen ließ sich eine Judengesellschaft
1198 2234 2046 2290 allhier gelüsten, des Abends eine solenne Schlitten-
1198 2290 2044 2340 fahrt, unter Vorleuchtung vieler Fackeln anzustellen;
1202 2329 2044 2403 sie sind aber davor zu einer nahmhaften Geldstrafe
1198 2368 1535 2444 condemniret worden.
1371 2390 1873 2463 Stockholm, den 21. Febr.
1246 2435 2048 2506 Se. Maj. der König haben unter dem 13ten die,
1198 2489 2050 2547 ses allergnädigst fest zusetzen geruhet, "daß, zu Hem-
1194 2534 2059 2584 "mung der in den sonst nützlichen Wechselhandel ein-
1215 2578 2050 2630 gerissenen Unordnung, der Wechsel-Cours für das
1217 2621 2044 2682 itzige 1766ste Jahr auf 70 Mark Kupfermünze für
1213 2656 2054 2710 einen Reichsthaler Hamburger Banco, und in Pro-
1217 2699 2054 2781 portion darnach für andre fremde Münzsorten, an=
1933 2740 2059 2813 gesetzet
