<?xml version="1.0" encoding="UTF-8" standalone="yes"?>
<PcGts xmlns="http://schema.primaresearch.org/PAGE/gts/pagecontent/2013-07-15" xmlns:xsi="http://www.w3.org/2001/XMLSchema-instance" xsi:schemaLocation="http://schema.primaresearch.org/PAGE/gts/pagecontent/2013-07-15 http://schema.primaresearch.org/PAGE/gts/pagecontent/2013-07-15/pagecontent.xsd">
    <Metadata>
        <Creator>prov=READ-COOP:name=PyLaia@TranskribusPlatform:version=2.15.0:model_id=39995:lm=none:date=31_07_2024_11:17</Creator>
        <Created>2024-07-31T09:12:02.969+02:00</Created>
        <LastChange>2024-07-31T11:17:27.576+02:00</LastChange>
        <TranskribusMetadata docId="3503597" pageId="75878302" pageNr="3" tsid="180222903" status="IN_PROGRESS" userId="222699" imgUrl="https://files.transkribus.eu/Get?id=ICBNROYHSJAGJCASNVHJRNQZ&amp;fileType=view" xmlUrl="https://files.transkribus.eu/Get?id=ZUNUPWIJEHTVECRKYQYRISSE" imageId="61601079"/>
    </Metadata>
    <Page imageFilename="75878302.jpg" imageWidth="2479" imageHeight="3213">
        <ReadingOrder>
            <OrderedGroup id="ro_1722417447576" caption="Regions reading order">
                <RegionRefIndexed index="0" regionRef="r_18"/>
                <RegionRefIndexed index="1" regionRef="r_19"/>
                <RegionRefIndexed index="2" regionRef="r_31"/>
                <RegionRefIndexed index="3" regionRef="r_30"/>
            </OrderedGroup>
        </ReadingOrder>
        <TextRegion id="r_18" custom="readingOrder {index:0;}">
            <Coords points="304,427 1190,427 1190,811 304,811"/>
            <TextLine id="r_18_tl_1" custom="readingOrder {index:0;}">
                <Coords points="322,465 960,497 990,469 1185,478 1185,435 320,413"/>
                <Baseline points="334,459 379,462 424,465 468,468 513,468 558,468 603,471 647,471 692,474 737,474 782,474 827,474 871,471 916,471 961,471 1006,471 1051,471 1095,471 1140,468 1185,468 1188,468"/>
                <TextEquiv>
                    <Unicode>Erzählungen von den Zeiten über deren Tiefen und</Unicode>
                </TextEquiv>
            </TextLine>
            <TextLine id="r_18_tl_2" custom="readingOrder {index:1;}">
                <Coords points="324,517 1183,521 1161,476 990,469 958,495 324,467"/>
                <Baseline points="337,504 382,507 427,510 471,510 516,510 561,513 606,513 650,513 695,516 740,516 785,516 830,516 874,516 919,516 964,516 1009,513 1054,513 1098,513 1143,513 1188,513"/>
                <TextEquiv>
                    <Unicode>undurchdringliche Finsternisse ruhen. Die Historie</Unicode>
                </TextEquiv>
            </TextLine>
            <TextLine id="r_18_tl_3" custom="readingOrder {index:2;}">
                <Coords points="329,551 1176,562 1155,519 703,541 329,515"/>
                <Baseline points="340,543 385,549 429,552 474,552 519,555 564,555 609,555 653,555 698,555 743,558 788,558 833,558 877,558 922,558 967,558 1012,555 1057,555 1101,558 1146,555 1182,552"/>
                <TextEquiv>
                    <Unicode>der Völkerschaften sind nach dem Einfluß den sie in</Unicode>
                </TextEquiv>
            </TextLine>
            <TextLine id="r_18_tl_4" custom="readingOrder {index:3;}">
                <Coords points="322,597 1179,603 1179,562 1135,556 727,577 322,545"/>
                <Baseline points="334,588 379,591 424,597 468,594 513,597 558,597 603,600 647,600 692,600 737,600 782,600 827,600 871,600 916,600 961,600 1006,597 1051,594 1095,597 1140,597 1185,594"/>
                <TextEquiv>
                    <Unicode>ihre Zeitpunkte gehabt, abgehandelt, und die Ge¬</Unicode>
                </TextEquiv>
            </TextLine>
            <TextLine id="r_18_tl_5" custom="readingOrder {index:4;}">
                <Coords points="324,642 1096,653 1166,647 1166,601 322,597"/>
                <Baseline points="337,633 382,633 427,636 471,639 516,642 561,639 606,639 650,639 695,642 740,642 785,642 830,642 874,642 919,642 964,642 1009,639 1054,639 1098,639 1143,639 1170,639"/>
                <TextEquiv>
                    <Unicode>schichte der Juden besonders pragmatisch abgefaßt</Unicode>
                </TextEquiv>
            </TextLine>
            <TextLine id="r_18_tl_6" custom="readingOrder {index:5;}">
                <Coords points="322,720 2039,722 2041,688 1948,673 324,690"/>
                <Baseline points="334,713 379,716 424,719 468,719 513,722 558,725 603,722 647,725 692,728 737,725 782,725 827,725 871,722 916,725 961,725 1006,722 1051,722 1095,719 1140,719 1176,719 1200,719 1239,719 1284,719 1328,719 1373,719 1418,716 1463,719 1507,716 1552,716 1597,716 1642,713 1687,713 1731,713 1776,713 1821,713 1866,710 1911,710 1955,710 2000,710 2045,710"/>
                <TextEquiv>
                    <Unicode>een Nutzen durch Eckel gemindert wird. Ueberdem te, das bisher so leer gewesen, ausgefüllt zu sehen.</Unicode>
                </TextEquiv>
            </TextLine>
            <TextLine id="r_18_tl_7" custom="readingOrder {index:6;}">
                <Coords points="322,791 1176,776 1176,731 1140,724 740,753 322,720"/>
                <Baseline points="334,758 379,761 424,764 468,764 513,767 558,767 603,767 647,770 692,770 737,770 782,767 827,767 871,767 916,767 961,767 1006,764 1051,764 1095,764 1140,761 1182,761"/>
                <TextEquiv>
                    <Unicode>ist der Stil körnigt, und scheint durch die Ueberse¬</Unicode>
                </TextEquiv>
            </TextLine>
            <TextEquiv>
                <Unicode></Unicode>
            </TextEquiv>
        </TextRegion>
        <TextRegion id="r_19" custom="readingOrder {index:1;}">
            <Coords points="1190,427 2117,427 2117,811 1190,811"/>
            <TextLine id="r_19_tl_1" custom="readingOrder {index:0;}">
                <Coords points="1202,476 2050,474 2070,426 1689,404 1202,432"/>
                <Baseline points="1215,471 1221,471 1266,468 1310,468 1355,468 1400,465 1445,465 1490,465 1534,465 1579,462 1624,465 1669,462 1713,462 1758,462 1803,459 1848,459 1893,459 1937,459 1982,459 2027,459 2072,462"/>
                <TextEquiv>
                    <Unicode>tzung nichts verloren zu haben. Herr Prof. Heyne</Unicode>
                </TextEquiv>
            </TextLine>
            <TextLine id="r_19_tl_2" custom="readingOrder {index:1;}">
                <Coords points="1207,519 2059,508 2059,474 1961,465 1207,478"/>
                <Baseline points="1218,510 1257,510 1301,510 1346,510 1391,510 1436,510 1481,510 1525,510 1570,507 1615,507 1660,504 1705,507 1749,504 1794,504 1839,501 1884,501 1928,501 1973,501 2018,501 2063,501"/>
                <TextEquiv>
                    <Unicode>hat dieses an sich schon sehr gute Werk durch seine</Unicode>
                </TextEquiv>
            </TextLine>
            <TextLine id="r_19_tl_3" custom="readingOrder {index:2;}">
                <Coords points="1207,560 2052,558 2052,506 1207,517"/>
                <Baseline points="1218,552 1251,552 1295,552 1340,552 1385,552 1430,552 1475,549 1519,549 1564,549 1609,549 1654,546 1699,546 1743,546 1788,546 1833,546 1878,546 1923,543 1967,543 2012,543 2057,546"/>
                <TextEquiv>
                    <Unicode>Berichtigungen und niemals leere Anmerkungen noch</Unicode>
                </TextEquiv>
            </TextLine>
            <TextLine id="r_19_tl_4" custom="readingOrder {index:3;}">
                <Coords points="1200,606 2031,601 2050,556 1200,554"/>
                <Baseline points="1212,594 1248,594 1292,594 1337,594 1382,594 1427,594 1472,594 1516,594 1561,594 1606,591 1651,588 1696,588 1740,588 1785,588 1830,588 1875,585 1920,585 1964,588 2009,585 2054,585"/>
                <TextEquiv>
                    <Unicode>brauchbarer gemacht. Wir wünschen daß die Folge</Unicode>
                </TextEquiv>
            </TextLine>
            <TextLine id="r_19_tl_5" custom="readingOrder {index:4;}">
                <Coords points="1198,647 2054,640 2054,599 2007,588 1198,599"/>
                <Baseline points="1209,639 1254,636 1298,636 1343,636 1388,636 1433,636 1478,633 1522,633 1567,630 1612,630 1657,630 1702,630 1746,630 1791,630 1836,627 1881,630 1926,627 1970,627 2015,627 2060,630"/>
                <TextEquiv>
                    <Unicode>dieses Werks durch eben diese Hände gehen möge,</Unicode>
                </TextEquiv>
            </TextLine>
            <TextLine id="r_19_tl_6" custom="readingOrder {index:5;}">
                <Coords points="322,690 2033,692 2059,644 324,640"/>
                <Baseline points="334,671 379,674 424,677 468,680 513,680 558,680 603,683 647,683 692,686 737,683 782,683 827,683 871,680 916,683 961,683 1006,680 1051,677 1095,680 1140,677 1182,677 1206,677 1212,677 1257,677 1301,674 1346,677 1391,674 1436,674 1481,677 1525,674 1570,671 1615,671 1660,671 1705,671 1749,671 1794,671 1839,668 1884,668 1928,668 1973,668 2018,668 2063,671"/>
                <TextEquiv>
                    <Unicode>der Leser trift hier nicht historische Gerippe an, de= und hoffen dadurch das wichtigste Fach der Geschich¬</Unicode>
                </TextEquiv>
            </TextLine>
            <TextLine id="r_19_tl_7" custom="readingOrder {index:6;}">
                <Coords points="1241,776 2024,781 2024,724 1990,716 1241,729"/>
                <Baseline points="1254,761 1269,761 1313,761 1358,761 1403,758 1448,758 1493,758 1537,758 1582,758 1627,758 1672,755 1716,755 1761,755 1806,755 1851,755 1896,755 1940,755 1985,755 2030,758"/>
                <TextEquiv>
                    <Unicode>Kostet in den Kanterschen Buchhandlungen 7 fl.</Unicode>
                </TextEquiv>
            </TextLine>
            <TextLine id="r_19_tl_8" custom="readingOrder {index:7;}">
                <Coords points="1367,826 1436,824 1445,833 1462,824 1607,828 1607,772 1581,768 1555,778 1499,766 1464,776 1451,766 1416,778 1403,768 1367,770"/>
                <Baseline points="1379,806 1409,806 1456,801 1456,801 1493,815 1520,808 1520,808 1567,803 1612,800"/>
                <TextEquiv>
                    <Unicode></Unicode>
                </TextEquiv>
            </TextLine>
            <TextEquiv>
                <Unicode></Unicode>
            </TextEquiv>
        </TextRegion>
        <TextRegion id="r_31" custom="readingOrder {index:2;}">
            <Coords points="1190,2733 304,2733 304,811 1190,811"/>
            <TextLine id="r_31_tl_1" custom="readingOrder {index:0;}">
                <Coords points="517,871 962,880 962,835 939,830 705,835 681,848 642,830 517,826"/>
                <Baseline points="528,865 573,865 618,868 662,868 707,868 752,865 797,868 842,868 886,865 931,865 967,868"/>
                <TextEquiv>
                    <Unicode>Berlin, den 18. März.</Unicode>
                </TextEquiv>
            </TextLine>
            <TextLine id="r_31_tl_2" custom="readingOrder {index:1;}">
                <Coords points="363,910 1172,915 1172,854 947,882 363,874"/>
                <Baseline points="376,901 421,904 465,907 510,907 555,907 600,910 644,910 689,910 734,910 779,910 824,910 868,907 913,904 958,907 1003,907 1048,907 1092,904 1137,907 1176,904"/>
                <TextEquiv>
                    <Unicode>Gestern, des Nachmittags, geschahe die acht und</Unicode>
                </TextEquiv>
            </TextLine>
            <TextLine id="r_31_tl_3" custom="readingOrder {index:2;}">
                <Coords points="324,947 456,975 495,952 1168,960 1168,913 324,910"/>
                <Baseline points="337,943 382,943 427,949 471,949 516,949 561,949 606,952 650,952 695,952 740,952 785,952 830,949 874,949 919,949 964,946 1009,949 1054,949 1098,946 1143,949 1173,949"/>
                <TextEquiv>
                    <Unicode>dreyßigste öffentliche Ziehung der Königl. Preuß.</Unicode>
                </TextEquiv>
            </TextLine>
            <TextLine id="r_31_tl_4" custom="readingOrder {index:3;}">
                <Coords points="329,993 1133,1006 1170,1001 1172,958 331,949"/>
                <Baseline points="340,982 385,988 429,991 474,991 519,994 564,994 609,994 653,994 698,994 743,994 788,991 833,991 877,991 922,988 967,991 1012,988 1057,988 1101,988 1146,988 1176,988"/>
                <TextEquiv>
                    <Unicode>Lotterie, auf dem Berlinischen Rathhause. Die fünf</Unicode>
                </TextEquiv>
            </TextLine>
            <TextLine id="r_31_tl_5" custom="readingOrder {index:4;}">
                <Coords points="329,1036 893,1060 1176,1038 1159,999 525,1014 329,990"/>
                <Baseline points="340,1027 385,1030 429,1033 474,1033 519,1033 564,1036 609,1036 653,1036 698,1036 743,1036 788,1036 833,1033 877,1033 922,1033 967,1033 1012,1030 1057,1030 1101,1033 1146,1030 1182,1030"/>
                <TextEquiv>
                    <Unicode>Nummern, welche herausgezogen wurden und ge¬</Unicode>
                </TextEquiv>
            </TextLine>
            <TextLine id="r_31_tl_6" custom="readingOrder {index:5;}">
                <Coords points="324,1101 893,1077 990,1109 1170,1103 1148,1038 891,1060 322,1036"/>
                <Baseline points="334,1066 379,1071 424,1074 468,1077 513,1077 558,1077 603,1077 647,1077 692,1077 737,1077 782,1077 827,1077 871,1074 916,1077 961,1077 1006,1080 1051,1077 1095,1074 1140,1074 1176,1074"/>
                <TextEquiv>
                    <Unicode>wonnen haben, sind folgende: 17. 46. 57. 40. 54.</Unicode>
                </TextEquiv>
            </TextLine>
            <TextLine id="r_31_tl_7" custom="readingOrder {index:6;}">
                <Coords points="525,1129 945,1127 945,1086 887,1075 807,1081 778,1103 753,1086 688,1086 664,1101 525,1083"/>
                <Baseline points="537,1119 582,1119 627,1119 671,1119 716,1119 761,1119 806,1116 851,1116 895,1116 940,1119 949,1119"/>
                <TextEquiv>
                    <Unicode>Wien, vom 4. März.</Unicode>
                </TextEquiv>
            </TextLine>
            <TextLine id="r_31_tl_8" custom="readingOrder {index:7;}">
                <Coords points="363,1159 461,1183 1172,1161 1172,1103 558,1137 487,1099 363,1094"/>
                <Baseline points="376,1152 421,1155 465,1158 510,1161 555,1161 600,1161 644,1161 689,1161 734,1158 779,1158 824,1158 868,1158 913,1158 958,1155 1003,1155 1048,1152 1092,1152 1137,1152 1176,1155"/>
                <TextEquiv>
                    <Unicode>Donnerstag, den 27sten, Abends, ist in dem Spi¬</Unicode>
                </TextEquiv>
            </TextLine>
            <TextLine id="r_31_tl_9" custom="readingOrder {index:8;}">
                <Coords points="331,1205 755,1228 1168,1207 1155,1161 331,1166"/>
                <Baseline points="343,1194 388,1197 432,1197 477,1203 522,1203 567,1203 612,1203 656,1203 701,1200 746,1200 791,1200 836,1200 880,1200 925,1200 970,1197 1015,1197 1060,1197 1104,1194 1149,1197 1173,1200"/>
                <TextEquiv>
                    <Unicode>tale St. Marx in der Vorstadt ausser dem Rennweg,</Unicode>
                </TextEquiv>
            </TextLine>
            <TextLine id="r_31_tl_10" custom="readingOrder {index:9;}">
                <Coords points="329,1241 657,1265 1170,1246 1170,1207 1114,1200 768,1226 329,1205"/>
                <Baseline points="340,1233 385,1236 429,1242 474,1242 519,1245 564,1245 609,1245 653,1245 698,1242 743,1242 788,1242 833,1242 877,1242 922,1242 967,1239 1012,1239 1057,1239 1101,1236 1146,1236 1176,1239"/>
                <TextEquiv>
                    <Unicode>der Stadt Wien gehörig, eine gefährliche Feuers¬</Unicode>
                </TextEquiv>
            </TextLine>
            <TextLine id="r_31_tl_11" custom="readingOrder {index:10;}">
                <Coords points="329,1287 1170,1289 1170,1243 660,1267 329,1241"/>
                <Baseline points="340,1275 385,1278 429,1281 474,1286 519,1286 564,1286 609,1286 653,1286 698,1284 743,1286 788,1284 833,1284 877,1284 922,1281 967,1281 1012,1281 1057,1278 1101,1278 1146,1278 1173,1278"/>
                <TextEquiv>
                    <Unicode>brunst ausgebrochen, welche in einer Scheune ent¬</Unicode>
                </TextEquiv>
            </TextLine>
            <TextLine id="r_31_tl_12" custom="readingOrder {index:11;}">
                <Coords points="329,1332 1086,1334 1163,1330 1166,1293 474,1313 331,1287"/>
                <Baseline points="343,1319 388,1322 432,1325 477,1328 522,1328 567,1328 612,1328 656,1328 701,1325 746,1325 791,1325 836,1325 880,1322 925,1322 970,1322 1015,1322 1060,1322 1104,1319 1149,1319 1170,1319"/>
                <TextEquiv>
                    <Unicode>standen. Diese ist mit noch einer andern Scheune</Unicode>
                </TextEquiv>
            </TextLine>
            <TextLine id="r_31_tl_13" custom="readingOrder {index:12;}">
                <Coords points="329,1362 631,1390 1174,1373 1153,1328 1012,1319 766,1349 329,1334"/>
                <Baseline points="340,1358 385,1364 429,1367 474,1370 519,1370 564,1370 609,1370 653,1370 698,1370 743,1367 788,1367 833,1367 877,1367 922,1367 967,1364 1012,1364 1057,1364 1101,1364 1146,1361 1179,1364"/>
                <TextEquiv>
                    <Unicode>und aller darin befindlichen noch ungedroschenen Feld¬</Unicode>
                </TextEquiv>
            </TextLine>
            <TextLine id="r_31_tl_14" custom="readingOrder {index:13;}">
                <Coords points="329,1416 1170,1412 1170,1371 1131,1367 631,1388 329,1367"/>
                <Baseline points="340,1403 385,1406 429,1409 474,1412 519,1412 564,1412 609,1412 653,1412 698,1412 743,1409 788,1412 833,1409 877,1409 922,1409 967,1412 1012,1406 1057,1406 1101,1403 1146,1403 1173,1403"/>
                <TextEquiv>
                    <Unicode>frucht und Stroh, in dem Rauch aufgegangen; die</Unicode>
                </TextEquiv>
            </TextLine>
            <TextLine id="r_31_tl_15" custom="readingOrder {index:14;}">
                <Coords points="329,1451 1170,1460 1170,1410 329,1419"/>
                <Baseline points="340,1442 385,1448 429,1451 474,1451 519,1454 564,1454 609,1454 653,1454 698,1451 743,1451 788,1451 833,1448 877,1451 922,1451 967,1448 1012,1448 1057,1448 1101,1445 1146,1445 1173,1442"/>
                <TextEquiv>
                    <Unicode>übrigen Gebäude aber dieses sehr weitläuftigen Spi¬</Unicode>
                </TextEquiv>
            </TextLine>
            <TextLine id="r_31_tl_16" custom="readingOrder {index:15;}">
                <Coords points="331,1492 543,1525 1168,1503 1168,1455 1122,1451 331,1453"/>
                <Baseline points="343,1484 388,1490 432,1493 477,1496 522,1496 567,1496 612,1496 656,1496 701,1493 746,1493 791,1493 836,1493 880,1493 925,1490 970,1490 1015,1490 1060,1490 1104,1490 1149,1487 1173,1487"/>
                <TextEquiv>
                    <Unicode>tals sind durch eilfertige Hülfsmittel, welchen die stete</Unicode>
                </TextEquiv>
            </TextLine>
            <TextLine id="r_31_tl_17" custom="readingOrder {index:16;}">
                <Coords points="329,1527 482,1555 1174,1542 1174,1492 549,1522 329,1494"/>
                <Baseline points="340,1525 385,1531 429,1534 474,1534 519,1537 564,1537 609,1537 653,1537 698,1537 743,1534 788,1534 833,1534 877,1534 922,1531 967,1534 1012,1531 1057,1531 1101,1528 1146,1531 1179,1531"/>
                <TextEquiv>
                    <Unicode>Anwesenheit, und eigene allerhöchste Aufmunterung</Unicode>
                </TextEquiv>
            </TextLine>
            <TextLine id="r_31_tl_18" custom="readingOrder {index:17;}">
                <Coords points="329,1570 474,1598 1170,1581 1170,1544 1099,1533 564,1555 329,1527"/>
                <Baseline points="340,1567 385,1573 429,1576 474,1579 519,1579 564,1579 609,1579 653,1579 698,1576 743,1579 788,1576 833,1576 877,1576 922,1573 967,1573 1012,1573 1057,1570 1101,1573 1146,1570 1176,1570"/>
                <TextEquiv>
                    <Unicode>Sr. Majestät, unsers für das gemeine Beste auch in</Unicode>
                </TextEquiv>
            </TextLine>
            <TextLine id="r_31_tl_19" custom="readingOrder {index:18;}">
                <Coords points="324,1622 1179,1620 1179,1579 1133,1576 625,1602 324,1570"/>
                <Baseline points="337,1615 382,1615 427,1618 471,1621 516,1621 561,1621 606,1621 650,1621 695,1618 740,1618 785,1618 830,1618 874,1615 919,1615 964,1615 1009,1615 1054,1615 1098,1615 1143,1612 1185,1615"/>
                <TextEquiv>
                    <Unicode>geringen Fällen Sorge tragenden allergnädigsten</Unicode>
                </TextEquiv>
            </TextLine>
            <TextLine id="r_31_tl_20" custom="readingOrder {index:19;}">
                <Coords points="329,1656 593,1680 1174,1661 1174,1620 329,1624"/>
                <Baseline points="340,1651 385,1657 429,1660 474,1663 519,1663 564,1663 609,1663 653,1663 698,1660 743,1660 788,1660 833,1660 877,1657 922,1657 967,1657 1012,1657 1057,1657 1101,1657 1146,1654 1179,1654"/>
                <TextEquiv>
                    <Unicode>Kaisers, der erst diesen Morgen von Altenburg aus</Unicode>
                </TextEquiv>
            </TextLine>
            <TextLine id="r_31_tl_21" custom="readingOrder {index:20;}">
                <Coords points="329,1706 1170,1704 1157,1659 525,1680 329,1656"/>
                <Baseline points="340,1690 385,1696 429,1699 474,1705 519,1705 564,1705 609,1705 653,1705 698,1702 743,1702 788,1702 833,1702 877,1699 922,1699 967,1699 1012,1696 1057,1696 1101,1696 1146,1696 1173,1693"/>
                <TextEquiv>
                    <Unicode>Hungarn zurück gekommen war, den meisten Nach¬</Unicode>
                </TextEquiv>
            </TextLine>
            <TextLine id="r_31_tl_22" custom="readingOrder {index:21;}">
                <Coords points="329,1743 428,1765 1176,1743 1176,1700 329,1706"/>
                <Baseline points="340,1734 385,1737 429,1743 474,1746 519,1746 564,1746 609,1746 653,1746 698,1743 743,1743 788,1743 833,1743 877,1740 922,1740 967,1740 1012,1737 1057,1737 1101,1734 1146,1734 1182,1734"/>
                <TextEquiv>
                    <Unicode>druck gab, noch errettet worden; wie denn auch nie¬</Unicode>
                </TextEquiv>
            </TextLine>
            <TextLine id="r_31_tl_23" custom="readingOrder {index:22;}">
                <Coords points="329,1778 679,1804 1170,1784 1170,1739 861,1767 329,1743"/>
                <Baseline points="340,1776 385,1779 429,1782 474,1785 519,1788 564,1788 609,1788 653,1788 698,1788 743,1785 788,1785 833,1785 877,1782 922,1782 967,1782 1012,1779 1057,1776 1101,1779 1146,1776 1173,1776"/>
                <TextEquiv>
                    <Unicode>mand weder von den preßhaften, noch den im Toll¬</Unicode>
                </TextEquiv>
            </TextLine>
            <TextLine id="r_31_tl_24" custom="readingOrder {index:23;}">
                <Coords points="329,1827 1140,1840 1170,1834 1172,1786 625,1804 331,1778"/>
                <Baseline points="340,1821 370,1821 415,1827 459,1830 504,1830 549,1830 594,1830 639,1830 683,1827 728,1827 773,1827 818,1827 862,1827 907,1824 952,1824 997,1824 1042,1821 1086,1821 1131,1821 1176,1818"/>
                <TextEquiv>
                    <Unicode>hause daselbst eingesperrten, oder andern zum Spi¬</Unicode>
                </TextEquiv>
            </TextLine>
            <TextLine id="r_31_tl_25" custom="readingOrder {index:24;}">
                <Coords points="329,1884 1094,1894 1079,1825 623,1847 329,1827"/>
                <Baseline points="340,1860 385,1866 429,1869 474,1869 519,1872 564,1869 609,1872 653,1869 698,1869 743,1869 788,1869 833,1866 877,1869 922,1866 967,1866 1012,1866 1057,1866 1098,1866"/>
                <TextEquiv>
                    <Unicode>tale gehörigen Personen dabey verunglücket ist.</Unicode>
                </TextEquiv>
            </TextLine>
            <TextLine id="r_31_tl_26" custom="readingOrder {index:25;}">
                <Coords points="465,1925 915,1927 962,1922 964,1884 467,1879"/>
                <Baseline points="477,1908 522,1914 567,1914 612,1914 656,1914 701,1911 746,1914 791,1914 836,1911 880,1911 925,1911 967,1911"/>
                <TextEquiv>
                    <Unicode>Dresden, den 18. März.</Unicode>
                </TextEquiv>
            </TextLine>
            <TextLine id="r_31_tl_27" custom="readingOrder {index:26;}">
                <Coords points="359,1951 458,1972 1174,1953 1174,1897 1148,1886 846,1927 359,1907"/>
                <Baseline points="370,1946 373,1946 418,1949 462,1952 507,1955 552,1955 597,1952 642,1952 686,1952 731,1952 776,1952 821,1949 865,1949 910,1949 955,1949 1000,1952 1045,1949 1089,1946 1134,1946 1179,1943"/>
                <TextEquiv>
                    <Unicode>Nachdem man Chursächsischer und Königl. Preußi¬</Unicode>
                </TextEquiv>
            </TextLine>
            <TextLine id="r_31_tl_28" custom="readingOrder {index:27;}">
                <Coords points="335,1998 1176,2002 1176,1953 538,1970 335,1933"/>
                <Baseline points="346,1985 391,1988 435,1994 480,1994 525,1997 570,1997 615,1997 659,1994 704,1994 749,1994 794,1994 839,1994 883,1991 928,1997 973,1991 1018,1991 1063,1988 1107,1988 1152,1988 1179,1985"/>
                <TextEquiv>
                    <Unicode>scher Seits dahin übereingekommen, zu Treffung ei=</Unicode>
                </TextEquiv>
            </TextLine>
            <TextLine id="r_31_tl_29" custom="readingOrder {index:28;}">
                <Coords points="329,2031 510,2057 1174,2039 1174,2002 1131,1992 614,2022 329,1996"/>
                <Baseline points="340,2024 385,2027 429,2033 474,2036 519,2039 564,2039 609,2039 653,2039 698,2039 743,2036 788,2033 833,2033 877,2033 922,2033 967,2033 1012,2033 1057,2030 1101,2030 1146,2030 1179,2027"/>
                <TextEquiv>
                    <Unicode>nes billigen und gemeinnützigen Commercialeinver¬</Unicode>
                </TextEquiv>
            </TextLine>
            <TextLine id="r_31_tl_30" custom="readingOrder {index:29;}">
                <Coords points="335,2080 1159,2078 1159,2035 508,2057 335,2031"/>
                <Baseline points="346,2069 391,2072 435,2078 480,2081 525,2081 570,2081 615,2081 659,2078 704,2078 749,2078 794,2078 839,2078 883,2078 928,2075 973,2075 1018,2075 1063,2072 1107,2075 1152,2072 1164,2069"/>
                <TextEquiv>
                    <Unicode>standnisses, dem 6ten Artikel des Hubertsburger Frie</Unicode>
                </TextEquiv>
            </TextLine>
            <TextLine id="r_31_tl_31" custom="readingOrder {index:30;}">
                <Coords points="335,2115 424,2137 1168,2126 1168,2078 335,2080"/>
                <Baseline points="346,2108 391,2114 435,2117 480,2120 525,2123 570,2123 615,2123 659,2123 704,2123 749,2120 794,2120 839,2120 883,2123 928,2117 973,2117 1018,2117 1063,2114 1107,2114 1152,2114 1173,2114"/>
                <TextEquiv>
                    <Unicode>dens gemäß, zusammen zu treten; so ist zu den dies¬</Unicode>
                </TextEquiv>
            </TextLine>
            <TextLine id="r_31_tl_32" custom="readingOrder {index:31;}">
                <Coords points="337,2160 430,2184 1168,2160 1142,2117 660,2141 337,2115"/>
                <Baseline points="349,2152 394,2155 438,2161 483,2161 528,2164 573,2164 618,2164 662,2161 707,2164 752,2164 797,2161 842,2158 886,2158 931,2158 976,2158 1021,2155 1066,2155 1110,2155 1155,2155 1173,2158"/>
                <TextEquiv>
                    <Unicode>falls zu haltenden Conferenzien die Stadt Halle be=</Unicode>
                </TextEquiv>
            </TextLine>
            <TextLine id="r_31_tl_33" custom="readingOrder {index:32;}">
                <Coords points="331,2195 543,2223 1176,2201 1163,2160 590,2182 331,2160"/>
                <Baseline points="343,2191 388,2194 432,2200 477,2203 522,2206 567,2206 612,2206 656,2206 701,2203 746,2203 791,2203 836,2200 880,2200 925,2200 970,2200 1015,2197 1060,2194 1104,2194 1149,2197 1182,2197"/>
                <TextEquiv>
                    <Unicode>liebet, auch Chursächsischer Seits der Herr General¬</Unicode>
                </TextEquiv>
            </TextLine>
            <TextLine id="r_31_tl_34" custom="readingOrder {index:33;}">
                <Coords points="346,2247 1168,2253 1168,2206 1129,2201 575,2223 346,2201"/>
                <Baseline points="358,2236 403,2239 447,2242 492,2245 537,2248 582,2248 627,2248 671,2248 716,2245 761,2245 806,2245 851,2242 895,2242 940,2242 985,2242 1030,2239 1074,2239 1119,2236 1164,2239 1173,2242"/>
                <TextEquiv>
                    <Unicode>kommissarius und geheime Kammerrath von Heynitz,</Unicode>
                </TextEquiv>
            </TextLine>
            <TextLine id="r_31_tl_35" custom="readingOrder {index:34;}">
                <Coords points="335,2284 1168,2286 1168,2251 1124,2245 647,2266 335,2240"/>
                <Baseline points="346,2275 391,2278 435,2284 480,2287 525,2287 570,2290 615,2290 659,2290 704,2287 749,2287 794,2287 839,2287 883,2284 928,2284 973,2284 1018,2281 1063,2281 1107,2281 1152,2281 1173,2278"/>
                <TextEquiv>
                    <Unicode>ingleichen der Stift Merseburgische Herr Kammer¬</Unicode>
                </TextEquiv>
            </TextLine>
            <TextLine id="r_31_tl_36" custom="readingOrder {index:35;}">
                <Coords points="337,2325 595,2348 1170,2329 1157,2288 337,2284"/>
                <Baseline points="349,2317 394,2323 438,2326 483,2329 528,2329 573,2332 618,2332 662,2329 707,2329 752,2329 797,2329 842,2326 886,2326 931,2326 976,2326 1021,2326 1066,2323 1110,2323 1155,2323 1176,2320"/>
                <TextEquiv>
                    <Unicode>rath Just, Königl. Preußischer Seits aber der Herr</Unicode>
                </TextEquiv>
            </TextLine>
            <TextLine id="r_31_tl_37" custom="readingOrder {index:36;}">
                <Coords points="337,2372 636,2398 1168,2368 1168,2329 753,2351 337,2325"/>
                <Baseline points="349,2361 394,2364 438,2367 483,2370 528,2370 573,2373 618,2373 662,2373 707,2370 752,2370 797,2370 842,2370 886,2367 931,2367 976,2367 1021,2367 1066,2364 1110,2364 1155,2364 1173,2361"/>
                <TextEquiv>
                    <Unicode>geheime Finanzrath Rose, und Herr geheime Krie¬</Unicode>
                </TextEquiv>
            </TextLine>
            <TextLine id="r_31_tl_38" custom="readingOrder {index:37;}">
                <Coords points="337,2409 597,2433 1170,2418 1155,2368 636,2400 337,2370"/>
                <Baseline points="349,2403 394,2403 438,2409 483,2412 528,2412 573,2415 618,2415 662,2415 707,2412 752,2412 797,2412 842,2412 886,2409 931,2409 976,2409 1021,2409 1066,2409 1110,2406 1155,2406 1176,2409"/>
                <TextEquiv>
                    <Unicode>gesrath Magusch, zu Commissarien ernennet, von</Unicode>
                </TextEquiv>
            </TextLine>
            <TextLine id="r_31_tl_39" custom="readingOrder {index:38;}">
                <Coords points="340,2448 746,2487 820,2459 1174,2459 1144,2411 815,2435 340,2409"/>
                <Baseline points="352,2439 397,2445 441,2448 486,2451 531,2451 576,2454 621,2457 665,2457 710,2457 755,2454 800,2454 845,2454 889,2454 934,2454 979,2451 1024,2451 1069,2451 1113,2451 1158,2448 1179,2448"/>
                <TextEquiv>
                    <Unicode>selbigen auch die Conferenzien wirklich den 3ten die=</Unicode>
                </TextEquiv>
            </TextLine>
            <TextLine id="r_31_tl_40" custom="readingOrder {index:39;}">
                <Coords points="337,2506 368,2506 387,2519 445,2511 474,2524 504,2500 638,2504 636,2467 608,2461 487,2467 465,2454 411,2465 357,2446 335,2450"/>
                <Baseline points="349,2487 394,2487 438,2493 483,2496 528,2493 573,2496 618,2499 642,2499"/>
                <TextEquiv>
                    <Unicode>ses eröfnet worden.</Unicode>
                </TextEquiv>
            </TextLine>
            <TextLine id="r_31_tl_41" custom="readingOrder {index:40;}">
                <Coords points="487,2541 616,2556 997,2547 997,2500 947,2483 865,2504 487,2502"/>
                <Baseline points="498,2538 510,2535 555,2538 600,2538 644,2538 689,2538 734,2535 779,2535 824,2535 868,2535 913,2535 958,2535 1003,2535"/>
                <TextEquiv>
                    <Unicode>Mainstrom, vom 8. März.</Unicode>
                </TextEquiv>
            </TextLine>
            <TextLine id="r_31_tl_42" custom="readingOrder {index:41;}">
                <Coords points="385,2578 560,2599 1172,2582 1155,2521 778,2558 385,2517"/>
                <Baseline points="397,2570 441,2573 486,2576 531,2576 576,2576 621,2576 665,2579 710,2579 755,2576 800,2576 845,2579 889,2576 934,2576 979,2573 1024,2573 1069,2576 1113,2573 1158,2573 1176,2573"/>
                <TextEquiv>
                    <Unicode>Da es die Franzosen in der Jouvelierkunst sehr</Unicode>
                </TextEquiv>
            </TextLine>
            <TextLine id="r_31_tl_43" custom="readingOrder {index:42;}">
                <Coords points="348,2614 435,2636 1174,2621 1174,2589 1101,2578 560,2599 348,2567"/>
                <Baseline points="361,2603 406,2612 450,2615 495,2618 540,2618 585,2618 630,2618 674,2621 719,2618 764,2618 809,2618 854,2618 898,2618 943,2618 988,2615 1033,2618 1077,2615 1122,2615 1167,2615 1179,2615"/>
                <TextEquiv>
                    <Unicode>weit gebracht, und das Gold unter ihrer Künstler</Unicode>
                </TextEquiv>
            </TextLine>
            <TextEquiv>
                <Unicode></Unicode>
            </TextEquiv>
        </TextRegion>
        <TextRegion id="r_30" custom="readingOrder {index:3;}">
            <Coords points="2117,811 2117,2733 1190,2733 1190,811"/>
            <TextLine id="r_30_tl_1" custom="readingOrder {index:0;}">
                <Coords points="1202,871 2054,869 2041,809 1202,830"/>
                <Baseline points="1215,865 1254,862 1298,862 1343,859 1388,859 1433,856 1478,856 1522,856 1567,859 1612,859 1657,859 1702,859 1746,856 1791,856 1836,856 1881,856 1926,856 1970,856 2015,854 2060,854"/>
                <TextEquiv>
                    <Unicode>dieses etwas besonders, daß Herr Tiron von Nante¬</Unicode>
                </TextEquiv>
            </TextLine>
            <TextLine id="r_30_tl_2" custom="readingOrder {index:1;}">
                <Coords points="1202,917 2054,908 2054,871 2009,861 1202,869"/>
                <Baseline points="1215,907 1254,904 1298,904 1343,904 1388,901 1433,901 1478,901 1522,898 1567,898 1612,898 1657,898 1702,898 1746,898 1791,898 1836,898 1881,898 1926,898 1970,898 2015,898 2060,898"/>
                <TextEquiv>
                    <Unicode>ville, ein Königl. Goldarbeiter zu Paris, dem Golde</Unicode>
                </TextEquiv>
            </TextLine>
            <TextLine id="r_30_tl_3" custom="readingOrder {index:2;}">
                <Coords points="1198,960 2057,954 2059,906 1198,923"/>
                <Baseline points="1209,949 1212,949 1257,946 1301,946 1346,946 1391,943 1436,940 1481,940 1525,940 1570,940 1615,940 1660,940 1705,940 1749,940 1794,940 1839,940 1884,940 1928,940 1973,937 2018,940 2063,940"/>
                <TextEquiv>
                    <Unicode>nun auch den Geruch einflößt. Er hat nemlich ein</Unicode>
                </TextEquiv>
            </TextLine>
            <TextLine id="r_30_tl_4" custom="readingOrder {index:3;}">
                <Coords points="1202,997 2061,988 2061,949 2007,945 1202,954"/>
                <Baseline points="1215,991 1260,988 1304,988 1349,988 1394,985 1439,985 1484,982 1528,982 1573,982 1618,982 1663,982 1708,982 1752,982 1797,979 1842,982 1887,979 1931,982 1976,982 2021,979 2066,979"/>
                <TextEquiv>
                    <Unicode>künstliches Stück verfertiget, welches ein Blumenge¬</Unicode>
                </TextEquiv>
            </TextLine>
            <TextLine id="r_30_tl_5" custom="readingOrder {index:4;}">
                <Coords points="1202,1042 2028,1034 2057,988 1205,997"/>
                <Baseline points="1215,1033 1257,1030 1301,1030 1346,1030 1391,1027 1436,1027 1481,1027 1525,1024 1570,1024 1615,1024 1660,1024 1705,1024 1749,1021 1794,1021 1839,1021 1884,1021 1928,1021 1973,1021 2018,1021 2063,1018"/>
                <TextEquiv>
                    <Unicode>schirr vorstellt, in welchem Rosen, Nelken, Orange¬</Unicode>
                </TextEquiv>
            </TextLine>
            <TextLine id="r_30_tl_6" custom="readingOrder {index:5;}">
                <Coords points="1200,1081 2054,1075 2054,1029 1972,1025 1200,1042"/>
                <Baseline points="1212,1071 1254,1071 1298,1071 1343,1071 1388,1071 1433,1069 1478,1069 1522,1069 1567,1066 1612,1066 1657,1066 1702,1066 1746,1063 1791,1063 1836,1063 1881,1063 1926,1063 1970,1063 2015,1063 2060,1063"/>
                <TextEquiv>
                    <Unicode>blüthen, Veilchen, Jasmin, Jonquilien u. s. w. sich</Unicode>
                </TextEquiv>
            </TextLine>
            <TextLine id="r_30_tl_7" custom="readingOrder {index:6;}">
                <Coords points="1200,1124 1942,1122 2054,1114 2057,1073 1202,1079"/>
                <Baseline points="1212,1113 1254,1113 1298,1113 1343,1113 1388,1110 1433,1113 1478,1110 1522,1107 1567,1104 1612,1104 1657,1104 1702,1104 1746,1104 1791,1104 1836,1104 1881,1104 1926,1104 1970,1104 2015,1104 2060,1104"/>
                <TextEquiv>
                    <Unicode>befinden, und sind diese Blumen so künstlich gearbei¬</Unicode>
                </TextEquiv>
            </TextLine>
            <TextLine id="r_30_tl_8" custom="readingOrder {index:7;}">
                <Coords points="1202,1163 1944,1148 2041,1179 2057,1116 1202,1124"/>
                <Baseline points="1215,1155 1254,1155 1298,1155 1343,1152 1388,1155 1433,1155 1478,1152 1522,1149 1567,1149 1612,1149 1657,1149 1702,1149 1746,1146 1791,1146 1836,1146 1881,1146 1926,1146 1970,1146 2015,1146 2060,1149"/>
                <TextEquiv>
                    <Unicode>tet, daß eine jede nicht nur ihre eigentliche Farbe,</Unicode>
                </TextEquiv>
            </TextLine>
            <TextLine id="r_30_tl_9" custom="readingOrder {index:8;}">
                <Coords points="1202,1222 1907,1205 1890,1153 1205,1163"/>
                <Baseline points="1215,1203 1242,1200 1286,1197 1331,1200 1376,1200 1421,1197 1466,1194 1510,1194 1555,1191 1600,1191 1645,1191 1690,1191 1734,1188 1779,1188 1824,1191 1869,1191 1914,1191"/>
                <TextEquiv>
                    <Unicode>sondern sogar ihren natürlichen Geruch hat.</Unicode>
                </TextEquiv>
            </TextLine>
            <TextLine id="r_30_tl_10" custom="readingOrder {index:9;}">
                <Coords points="1414,1248 1529,1250 1561,1237 1583,1250 1656,1235 1816,1250 1816,1200 1726,1196 1706,1211 1674,1198 1460,1211 1414,1200"/>
                <Baseline points="1427,1236 1463,1239 1507,1236 1552,1236 1597,1233 1642,1233 1687,1233 1731,1233 1776,1233 1821,1233"/>
                <TextEquiv>
                    <Unicode>Haag, vom 8. März.</Unicode>
                </TextEquiv>
            </TextLine>
            <TextLine id="r_30_tl_11" custom="readingOrder {index:10;}">
                <Coords points="1239,1289 1979,1287 2052,1278 2054,1237 1241,1230"/>
                <Baseline points="1251,1281 1295,1278 1340,1278 1385,1278 1430,1278 1475,1278 1519,1278 1564,1275 1609,1278 1654,1275 1699,1275 1743,1272 1788,1275 1833,1275 1878,1272 1923,1269 1967,1272 2012,1269 2057,1269"/>
                <TextEquiv>
                    <Unicode>Die Installation des Prinzen von Oranien und</Unicode>
                </TextEquiv>
            </TextLine>
            <TextLine id="r_30_tl_12" custom="readingOrder {index:11;}">
                <Coords points="1194,1332 2052,1321 2037,1278 1330,1300 1194,1265"/>
                <Baseline points="1206,1322 1251,1322 1295,1319 1340,1319 1385,1319 1430,1319 1475,1319 1519,1319 1564,1316 1609,1316 1654,1316 1699,1316 1743,1316 1788,1313 1833,1313 1878,1313 1923,1313 1967,1310 2012,1310 2057,1310"/>
                <TextEquiv>
                    <Unicode>Nassau in die Statthalterschaft und die Würden ei</Unicode>
                </TextEquiv>
            </TextLine>
            <TextLine id="r_30_tl_13" custom="readingOrder {index:12;}">
                <Coords points="1200,1375 2057,1360 2057,1317 1200,1332"/>
                <Baseline points="1212,1364 1257,1364 1301,1361 1346,1361 1391,1361 1436,1361 1481,1361 1525,1358 1570,1358 1615,1358 1660,1358 1705,1358 1749,1358 1794,1355 1839,1355 1884,1352 1928,1352 1973,1352 2018,1352 2063,1352"/>
                <TextEquiv>
                    <Unicode>nes Generalcapitains und Admirals der Land= und</Unicode>
                </TextEquiv>
            </TextLine>
            <TextLine id="r_30_tl_14" custom="readingOrder {index:13;}">
                <Coords points="1207,1410 2059,1412 2059,1369 1983,1354 1207,1371"/>
                <Baseline points="1218,1406 1257,1403 1301,1406 1346,1403 1391,1403 1436,1403 1481,1403 1525,1403 1570,1403 1615,1400 1660,1400 1705,1400 1749,1400 1794,1400 1839,1397 1884,1394 1928,1394 1973,1394 2018,1394 2063,1397"/>
                <TextEquiv>
                    <Unicode>Seemacht der Republik, ist hier heute, da Se. Hoch¬</Unicode>
                </TextEquiv>
            </TextLine>
            <TextLine id="r_30_tl_15" custom="readingOrder {index:14;}">
                <Coords points="1207,1460 2054,1451 2054,1410 1929,1399 1207,1412"/>
                <Baseline points="1218,1448 1254,1448 1298,1445 1343,1445 1388,1445 1433,1445 1478,1445 1522,1442 1567,1442 1612,1445 1657,1442 1702,1439 1746,1439 1791,1439 1836,1439 1881,1439 1926,1439 1970,1436 2015,1439 2060,1433"/>
                <TextEquiv>
                    <Unicode>fürstl. Durchlaucht das 18te Jahr Dero Alters zu¬</Unicode>
                </TextEquiv>
            </TextLine>
            <TextLine id="r_30_tl_16" custom="readingOrder {index:15;}">
                <Coords points="1198,1499 2054,1496 2057,1453 1200,1460"/>
                <Baseline points="1209,1490 1212,1490 1257,1490 1301,1487 1346,1487 1391,1487 1436,1487 1481,1487 1525,1487 1570,1484 1615,1484 1660,1484 1705,1484 1749,1481 1794,1481 1839,1484 1884,1481 1928,1481 1973,1481 2018,1478 2063,1481"/>
                <TextEquiv>
                    <Unicode>rück gelegt haben, mit vieler Feyerlichkeit, und unter</Unicode>
                </TextEquiv>
            </TextLine>
            <TextLine id="r_30_tl_17" custom="readingOrder {index:16;}">
                <Coords points="1194,1538 1706,1535 1771,1570 2061,1535 2061,1492 2031,1486 1194,1496"/>
                <Baseline points="1206,1534 1215,1534 1260,1531 1304,1528 1349,1528 1394,1528 1439,1531 1484,1528 1528,1525 1573,1528 1618,1525 1663,1525 1708,1528 1752,1525 1797,1525 1842,1525 1887,1525 1931,1522 1976,1522 2021,1522 2066,1519"/>
                <TextEquiv>
                    <Unicode>grossen in der ganzen Provinz angestellten Freuden¬</Unicode>
                </TextEquiv>
            </TextLine>
            <TextLine id="r_30_tl_18" custom="readingOrder {index:17;}">
                <Coords points="1200,1600 1371,1574 1726,1572 1726,1535 1202,1542"/>
                <Baseline points="1215,1573 1239,1573 1284,1573 1328,1573 1373,1570 1418,1570 1463,1567 1507,1567 1552,1570 1597,1570 1642,1567 1687,1567 1731,1567"/>
                <TextEquiv>
                    <Unicode>bezeigungen, vor sich gegangen.</Unicode>
                </TextEquiv>
            </TextLine>
            <TextLine id="r_30_tl_19" custom="readingOrder {index:18;}">
                <Coords points="1332,1641 1678,1613 1909,1635 1909,1563 1879,1559 1691,1583 1332,1585"/>
                <Baseline points="1343,1612 1376,1612 1421,1612 1466,1612 1510,1612 1555,1609 1600,1609 1645,1609 1690,1609 1734,1609 1779,1609 1824,1606 1869,1606 1914,1609"/>
                <TextEquiv>
                    <Unicode>Aus einem Schreiben von Genf,</Unicode>
                </TextEquiv>
            </TextLine>
            <TextLine id="r_30_tl_20" custom="readingOrder {index:19;}">
                <Coords points="1509,1656 1527,1663 1589,1654 1615,1665 1756,1654 1756,1620 1743,1618 1676,1613 1654,1624 1620,1618 1600,1628 1581,1615 1561,1626 1509,1624"/>
                <Baseline points="1522,1648 1567,1651 1612,1654 1657,1651 1702,1651 1746,1651 1761,1651"/>
                <TextEquiv>
                    <Unicode>vom 8. Febr.</Unicode>
                </TextEquiv>
            </TextLine>
            <TextLine id="r_30_tl_21" custom="readingOrder {index:20;}">
                <Coords points="1246,1698 2057,1691 2057,1635 1842,1622 1682,1663 1246,1641"/>
                <Baseline points="1257,1690 1301,1690 1346,1693 1391,1693 1436,1690 1481,1690 1525,1693 1570,1690 1615,1690 1660,1690 1705,1690 1749,1687 1794,1687 1839,1687 1884,1687 1928,1687 1973,1687 2018,1687 2063,1681"/>
                <TextEquiv>
                    <Unicode>Einige auswärtige Blätter haben die hiesigen Un¬</Unicode>
                </TextEquiv>
            </TextLine>
            <TextLine id="r_30_tl_22" custom="readingOrder {index:21;}">
                <Coords points="1200,1739 2048,1739 2048,1695 2013,1691 1200,1704"/>
                <Baseline points="1212,1734 1248,1734 1292,1734 1337,1731 1382,1731 1427,1731 1472,1731 1516,1731 1561,1731 1606,1731 1651,1728 1696,1728 1740,1728 1785,1728 1830,1728 1875,1725 1920,1728 1964,1728 2009,1728 2054,1725"/>
                <TextEquiv>
                    <Unicode>ruhen Theils vergrössert, und Theils in einem fal¬</Unicode>
                </TextEquiv>
            </TextLine>
            <TextLine id="r_30_tl_23" custom="readingOrder {index:22;}">
                <Coords points="1200,1788 2063,1782 2059,1730 1200,1743"/>
                <Baseline points="1212,1779 1215,1779 1260,1776 1304,1773 1349,1776 1394,1773 1439,1773 1484,1773 1528,1773 1573,1773 1618,1770 1663,1770 1708,1770 1752,1770 1797,1770 1842,1770 1887,1767 1931,1770 1976,1767 2021,1767 2066,1767"/>
                <TextEquiv>
                    <Unicode>schen Lichte vorgestellet. Der Einfluß, den diese in¬</Unicode>
                </TextEquiv>
            </TextLine>
            <TextLine id="r_30_tl_24" custom="readingOrder {index:23;}">
                <Coords points="1202,1827 2054,1819 2054,1782 2020,1775 1202,1788"/>
                <Baseline points="1215,1821 1254,1818 1298,1815 1343,1815 1388,1815 1433,1815 1478,1815 1522,1815 1567,1815 1612,1812 1657,1812 1702,1812 1746,1812 1791,1812 1836,1809 1881,1809 1926,1809 1970,1809 2015,1809 2060,1812"/>
                <TextEquiv>
                    <Unicode>nerliche Streitigkeiten im Handel und Wandel ha¬</Unicode>
                </TextEquiv>
            </TextLine>
            <TextLine id="r_30_tl_25" custom="readingOrder {index:24;}">
                <Coords points="1200,1871 2052,1862 2024,1814 1200,1827"/>
                <Baseline points="1212,1860 1251,1860 1295,1860 1340,1860 1385,1860 1430,1857 1475,1857 1519,1860 1564,1857 1609,1857 1654,1857 1699,1857 1743,1854 1788,1854 1833,1854 1878,1854 1923,1854 1967,1854 2012,1854 2057,1854"/>
                <TextEquiv>
                    <Unicode>ben, ist bey weitem so groß nicht, als gedachte Blät¬</Unicode>
                </TextEquiv>
            </TextLine>
            <TextLine id="r_30_tl_26" custom="readingOrder {index:25;}">
                <Coords points="1194,1907 1938,1914 2057,1901 2059,1860 1194,1873"/>
                <Baseline points="1206,1902 1212,1902 1257,1902 1301,1902 1346,1902 1391,1902 1436,1902 1481,1902 1525,1899 1570,1899 1615,1899 1660,1899 1705,1896 1749,1896 1794,1896 1839,1896 1884,1896 1928,1896 1973,1896 2018,1896 2063,1896"/>
                <TextEquiv>
                    <Unicode>ter melden. Die Conseils generaux, oder allgemeine</Unicode>
                </TextEquiv>
            </TextLine>
            <TextLine id="r_30_tl_27" custom="readingOrder {index:26;}">
                <Coords points="1202,1955 1881,1946 2057,1979 2033,1901 1202,1912"/>
                <Baseline points="1215,1943 1257,1946 1301,1943 1346,1943 1391,1943 1436,1943 1481,1943 1525,1943 1570,1943 1615,1943 1660,1940 1705,1940 1749,1940 1794,1937 1839,1940 1884,1940 1928,1940 1973,1940 2018,1937 2063,1934"/>
                <TextEquiv>
                    <Unicode>Bürgerversammlungen, sind mit der größten Ord¬</Unicode>
                </TextEquiv>
            </TextLine>
            <TextLine id="r_30_tl_28" custom="readingOrder {index:27;}">
                <Coords points="1198,2013 1280,2022 1373,1990 1568,2011 1881,1992 1881,1951 1816,1946 1596,1966 1553,1946 1198,1951"/>
                <Baseline points="1209,1991 1215,1988 1260,1988 1304,1988 1349,1985 1394,1985 1439,1985 1484,1985 1528,1985 1573,1985 1618,1982 1663,1982 1708,1982 1752,1982 1797,1979 1842,1982 1887,1982"/>
                <TextEquiv>
                    <Unicode>nung und Anständigkeit gehalten worden.</Unicode>
                </TextEquiv>
            </TextLine>
            <TextLine id="r_30_tl_29" custom="readingOrder {index:28;}">
                <Coords points="1356,2039 1894,2031 1894,1990 1736,1983 1570,2009 1356,1994"/>
                <Baseline points="1367,2024 1412,2024 1457,2027 1501,2027 1546,2027 1591,2024 1636,2024 1681,2027 1725,2024 1770,2021 1815,2021 1860,2024 1899,2024"/>
                <TextEquiv>
                    <Unicode>Venedig, vom 18. Februar.</Unicode>
                </TextEquiv>
            </TextLine>
            <TextLine id="r_30_tl_30" custom="readingOrder {index:29;}">
                <Coords points="1239,2074 2054,2072 2054,2011 1849,2039 1239,2028"/>
                <Baseline points="1251,2069 1254,2066 1298,2066 1343,2066 1388,2066 1433,2066 1478,2069 1522,2069 1567,2069 1612,2066 1657,2066 1702,2066 1746,2066 1791,2063 1836,2063 1881,2063 1926,2063 1970,2063 2015,2060 2060,2063"/>
                <TextEquiv>
                    <Unicode>Die Durchlauchtige Regierung hat eine Verord¬</Unicode>
                </TextEquiv>
            </TextLine>
            <TextLine id="r_30_tl_31" custom="readingOrder {index:30;}">
                <Coords points="1202,2124 2054,2113 2028,2067 1202,2082"/>
                <Baseline points="1215,2114 1254,2111 1298,2111 1343,2108 1388,2108 1433,2111 1478,2111 1522,2111 1567,2108 1612,2108 1657,2108 1702,2105 1746,2105 1791,2105 1836,2108 1881,2105 1926,2105 1970,2105 2015,2105 2060,2105"/>
                <TextEquiv>
                    <Unicode>nung publiciren lassen, daß künftig die Recruten nicht</Unicode>
                </TextEquiv>
            </TextLine>
            <TextLine id="r_30_tl_32" custom="readingOrder {index:31;}">
                <Coords points="1200,2165 2041,2162 2057,2113 1202,2124"/>
                <Baseline points="1212,2155 1254,2155 1298,2152 1343,2152 1388,2152 1433,2152 1478,2155 1522,2152 1567,2149 1612,2149 1657,2149 1702,2149 1746,2146 1791,2146 1836,2146 1881,2146 1926,2146 1970,2146 2015,2146 2060,2146"/>
                <TextEquiv>
                    <Unicode>länger als auf 6 Jahre engagirt werden sollen, nach</Unicode>
                </TextEquiv>
            </TextLine>
            <TextLine id="r_30_tl_33" custom="readingOrder {index:32;}">
                <Coords points="1202,2204 2054,2195 2022,2150 1202,2165"/>
                <Baseline points="1215,2197 1251,2194 1295,2194 1340,2191 1385,2191 1430,2194 1475,2194 1519,2194 1564,2194 1609,2191 1654,2191 1699,2191 1743,2188 1788,2188 1833,2191 1878,2188 1923,2188 1967,2188 2012,2188 2057,2188"/>
                <TextEquiv>
                    <Unicode>deren Ablauf ein jeder, wann er nicht freywillig län¬</Unicode>
                </TextEquiv>
            </TextLine>
            <TextLine id="r_30_tl_34" custom="readingOrder {index:33;}">
                <Coords points="1194,2258 2048,2258 2048,2195 2024,2193 1194,2208"/>
                <Baseline points="1206,2242 1248,2236 1292,2236 1337,2236 1382,2236 1427,2236 1472,2239 1516,2239 1561,2239 1606,2236 1651,2236 1696,2236 1740,2233 1785,2233 1830,2233 1875,2233 1920,2233 1964,2233 2009,2230 2054,2230"/>
                <TextEquiv>
                    <Unicode>ger zu dienen Lust hat, seinen Abschied ohne Entgeld</Unicode>
                </TextEquiv>
            </TextLine>
            <TextLine id="r_30_tl_35" custom="readingOrder {index:34;}">
                <Coords points="1202,2314 1237,2312 1287,2288 1416,2284 1419,2247 1345,2240 1308,2253 1293,2243 1276,2253 1263,2253 1254,2243 1205,2253"/>
                <Baseline points="1215,2284 1242,2281 1286,2278 1331,2278 1376,2278 1421,2278"/>
                <TextEquiv>
                    <Unicode>erhalten soll.</Unicode>
                </TextEquiv>
            </TextLine>
            <TextLine id="r_30_tl_36" custom="readingOrder {index:35;}">
                <Coords points="1380,2331 1429,2318 1529,2336 1551,2318 1596,2333 1860,2325 1860,2273 1765,2258 1615,2290 1570,2264 1507,2290 1475,2271 1380,2286"/>
                <Baseline points="1391,2314 1436,2320 1481,2320 1525,2320 1570,2317 1615,2317 1660,2317 1705,2317 1749,2317 1794,2314 1839,2314 1866,2314"/>
                <TextEquiv>
                    <Unicode>Genua, vom 16. Februar.</Unicode>
                </TextEquiv>
            </TextLine>
            <TextLine id="r_30_tl_37" custom="readingOrder {index:36;}">
                <Coords points="1263,2364 2050,2361 2050,2314 1998,2305 1685,2338 1263,2320"/>
                <Baseline points="1275,2358 1292,2356 1337,2361 1382,2358 1427,2358 1472,2361 1516,2361 1561,2358 1606,2358 1651,2358 1696,2358 1740,2358 1785,2358 1830,2356 1875,2356 1920,2356 1964,2353 2009,2353 2054,2353"/>
                <TextEquiv>
                    <Unicode>Bey dem Absterben des alten Prätendenten zu</Unicode>
                </TextEquiv>
            </TextLine>
            <TextLine id="r_30_tl_38" custom="readingOrder {index:37;}">
                <Coords points="1198,2409 2052,2400 2039,2359 1380,2379 1198,2351"/>
                <Baseline points="1209,2406 1251,2403 1295,2403 1340,2400 1385,2400 1430,2403 1475,2403 1519,2403 1564,2400 1609,2400 1654,2400 1699,2400 1743,2400 1788,2397 1833,2397 1878,2397 1923,2394 1967,2394 2012,2394 2057,2394"/>
                <TextEquiv>
                    <Unicode>Rom, hat man die Anmerkung gemacht, daß deusel¬</Unicode>
                </TextEquiv>
            </TextLine>
            <TextLine id="r_30_tl_39" custom="readingOrder {index:38;}">
                <Coords points="1200,2457 2048,2441 2048,2409 1955,2400 1200,2411"/>
                <Baseline points="1212,2445 1248,2445 1292,2445 1337,2442 1382,2442 1427,2445 1472,2445 1516,2445 1561,2442 1606,2442 1651,2442 1696,2442 1740,2442 1785,2439 1830,2439 1875,2439 1920,2439 1964,2436 2009,2433 2054,2433"/>
                <TextEquiv>
                    <Unicode>be, seitdem er 1688 England verlassen, nach einander</Unicode>
                </TextEquiv>
            </TextLine>
            <TextLine id="r_30_tl_40" custom="readingOrder {index:39;}">
                <Coords points="1194,2489 1605,2485 1724,2521 2048,2506 2048,2450 2015,2437 1747,2465 1194,2457"/>
                <Baseline points="1206,2484 1248,2487 1292,2487 1337,2484 1382,2487 1427,2484 1472,2484 1516,2484 1561,2487 1606,2484 1651,2484 1696,2484 1740,2484 1785,2481 1830,2481 1875,2481 1920,2481 1964,2478 2009,2478 2054,2478"/>
                <TextEquiv>
                    <Unicode>6 Monarchen erlebt, die den Großbritannischen</Unicode>
                </TextEquiv>
            </TextLine>
            <TextLine id="r_30_tl_41" custom="readingOrder {index:40;}">
                <Coords points="1198,2558 1282,2534 1304,2545 1326,2532 1406,2545 1429,2534 1579,2539 1581,2504 1522,2489 1427,2504 1375,2491 1200,2496"/>
                <Baseline points="1209,2529 1227,2529 1272,2529 1316,2529 1361,2529 1406,2529 1451,2526 1496,2526 1540,2526 1585,2526"/>
                <TextEquiv>
                    <Unicode>Thron bestiegen haben.</Unicode>
                </TextEquiv>
            </TextLine>
            <TextLine id="r_30_tl_42" custom="readingOrder {index:41;}">
                <Coords points="1412,2576 1834,2576 1834,2504 1700,2532 1676,2513 1594,2521 1548,2545 1505,2532 1412,2539"/>
                <Baseline points="1424,2570 1436,2568 1481,2568 1525,2568 1570,2568 1615,2568 1660,2568 1705,2568 1749,2565 1794,2565 1839,2565"/>
                <TextEquiv>
                    <Unicode>London, den 4. Márz.</Unicode>
                </TextEquiv>
            </TextLine>
            <TextLine id="r_30_tl_43" custom="readingOrder {index:42;}">
                <Coords points="1233,2619 2054,2621 2057,2558 1691,2591 1235,2573"/>
                <Baseline points="1245,2609 1254,2609 1298,2609 1343,2609 1388,2606 1433,2612 1478,2609 1522,2609 1567,2609 1612,2609 1657,2606 1702,2606 1746,2603 1791,2603 1836,2600 1881,2600 1926,2600 1970,2600 2015,2600 2060,2603"/>
                <TextEquiv>
                    <Unicode>Der König hat den Herzog von Devonshire zum</Unicode>
                </TextEquiv>
            </TextLine>
            <TextLine id="r_30_tl_44" custom="readingOrder {index:43;}">
                <Coords points="348,2669 660,2697 1200,2660 1326,2697 2057,2649 1968,2601 660,2645 348,2614"/>
                <Baseline points="361,2651 406,2654 450,2660 495,2660 540,2660 585,2663 630,2663 674,2666 719,2666 764,2666 809,2663 854,2663 898,2663 943,2663 988,2663 1033,2660 1077,2663 1122,2660 1167,2663 1179,2663 1203,2657 1212,2657 1257,2657 1301,2657 1346,2657 1391,2654 1436,2654 1481,2654 1525,2654 1570,2654 1615,2651 1660,2651 1705,2648 1749,2648 1794,2645 1839,2645 1884,2645 1928,2645 1973,2645 2018,2645 2063,2648"/>
                <TextEquiv>
                    <Unicode>gund alle Gestalten, ja alle Farben, annimmt, so ist Großschatzmeister von Jrrland, und den Contre=Ad¬</Unicode>
                </TextEquiv>
            </TextLine>
            <TextLine id="r_30_tl_45" custom="readingOrder {index:44;}">
                <Coords points="1948,2703 1961,2703 1970,2697 1981,2703 1987,2699 2005,2716 2015,2710 2028,2716 2044,2701 2061,2705 2061,2651 2026,2651 2009,2662 1996,2649 1985,2649 1977,2658 1964,2653 1948,2656"/>
                <Baseline points="1961,2690 2006,2690 2051,2690 2066,2693"/>
                <TextEquiv>
                    <Unicode>minal</Unicode>
                </TextEquiv>
            </TextLine>
            <TextEquiv>
                <Unicode></Unicode>
            </TextEquiv>
        </TextRegion>
    </Page>
</PcGts>
