2663 3213
771 422 1622 512 Ort, und ist viel zu matt, viel zu unvermögend
773 501 1627 551 um Leute zu rühren die nicht zur Familie des
766 533 1618 584 Herrn M. Oesfels gehören, und die mithin durch
771 575 2387 642 mehr Feuer und Schwung hätten in Bewegung Am Kreutze bleibt mein Auge stehn
775 627 1627 677 gebracht werden sollen. Unsere Leser werden sich
780 664 1622 714 inzwischen an diesem feyerlichen Tage, an welchem
773 701 1631 760 wir das Andenken des Todes JEsu begehen, der
773 751 1627 801 uns Freudigkeit im Sterben erwarb, durch die
773 797 1627 845 Oesfeldische Schrift zu heiligen Betrachtungen
775 836 1627 878 der Religion aufmuntern lassen, und dieses ist der
775 873 2389 939 aufrichtige Wunsch womit wir diese Anzeige be¬ Läßt mein noch immer stark Gesicht
780 912 1627 969 schliessen. Wir fügen demselben annoch ein Lied
775 956 1627 1006 hinzu, welches, wenn es gleich keinen grossen
782 1004 1633 1054 Werth der Poesie hat, dennoch zur seligen Er¬
775 1043 1622 1121 bauung am Versöhnungsfeste Anlaß geben dörfte.
952 1291 1455 1381 Mel. Die Seele Christi heilge mich.
771 1363 1590 1455 Weg Welt, hinweg was mich zerstreut,
775 1442 1372 1533 Sey mein Gedanke Ewigkeit.
773 1502 1479 1587 Die Seele JEsu zeigt die Bahn
773 1572 1446 1664 Die ich betreten muß und kann.
854 1712 1472 1799 Du fühltest meine letzte Noth
764 1775 1568 1860 Du starbst, o HErr! auch meinen Tod
771 1851 1592 1940 Was wendet Fleisch und Blut mir ein,
775 1907 1481 2001 Er hats vollbracht, ich sterbe sein.
849 2038 1620 2130 Freu dich den letzten Schlag zu thun,
764 2114 1622 2208 Du stirbst nicht, Herz, du sollst nur ruhn,
760 2182 1555 2273 Komm Tag, der meinen Lauf beschließt
764 2243 1442 2343 Und was wie er vergänglich ist.
838 2369 1616 2487 Dann seh ich dich, mein HErr mein GOtt
756 2445 1337 2548 In meiner allerletzten Noth,
751 2532 1435 2589 In vollem Glanz der Herrlichkeit
751 2587 1394 2667 Zur Rechten GOttes eingeweiht.
1722 425 2485 505 Doch nein, so sah der Märtrer dich¬
1651 503 2306 597 Dein Todeskampf befriedigt mich.
1648 627 2317 729 Um dich erniedrigt nur zu sehn.
1729 721 2500 830 Bin ich, und weiß kaum daß ich bin,
1655 808 2332 895 Vergeht gemach mir jeder Sinn;
1651 928 2269 1019 Jedennoch seinen JEsum nicht.
1825 1111 2336 1206 Dresden und Leipzig.
1707 1163 2500 1276 Briefe für Kinder, von F. R. E. Langen,
1648 1224 2114 1309 bey I. N. Gerlach, 1765
1694 1274 2487 1350 Der Verfasser kann Recht haben, daß Muster vol
1655 1339 2493 1389 Briefen bey Kindern viel mehr thun, als viele Rel
1651 1383 2487 1442 geln, und daß man ihren Inhalt für sie mit Kinder
1648 1424 2491 1476 angelegenheiten fülle. Allein das wissen wir auch
1651 1465 2491 1513 daß ein öfteres Nicht wahr? ja, sie thun es doch
1651 1509 2491 1557 hören Sie es, meine liebe gute, und wohl gar lie¬
1651 1548 2493 1605 be liebste allerliebste, nebst zwey Mäulchen drüber,
1655 1592 2493 1640 noch nicht alles ausmacht, was schöne Einfalt und
1648 1631 2500 1694 liebenswürdige Tändeley in Kinderbriefen ausma¬
1648 1670 2495 1740 chen soll, so wenig eine gute Portion von O! und
1655 1714 2487 1764 Ach! ein Trauerspiel gebiert. Einige dieser Brief
1655 1759 2487 1812 sind naiv genug, allein in den meisten wird der Ton
1651 1801 2493 1851 bloß schwatzhaft, und man möchte sagen, solche Kin¬
1648 1840 2491 1890 der verschmierten das Papier, und übten mehr die
1648 1881 2491 1934 Hand als den Geist. Es gehört Kunst dazu, zu
1648 1927 2487 1977 werden, wie die Kinder, und sie recht getreu zu kon
1644 1964 2485 2023 piren. Auch zu viel Einförmigkeit im Tändeln
1657 2010 2485 2066 finden wir, welches kindisch und ekel wird, wie bey
1651 2047 2487 2101 den immer leyernden Anakreontisten. Der 4te Brief
1651 2090 2489 2154 ist frostigernsthaft, der 6te im erzählenden Ton der
2014 2130 2485 2191 Wir zweifeln, ob es richtig
1642 2136 1988 2197 munterste und beste.
1644 2173 2480 2234 gelehret sey, daß die Bienen einen König oder Wei¬
1648 2217 2485 2275 ser hätten, dem sie folgten. So geht die gemeine
1648 2254 2478 2313 Sage, die Naturkenner aber bestimmen eine Ko¬
1635 2299 2478 2352 nigin zur Weiserin im Stock. Horaz nennt sol
1640 2339 2487 2393 che Gerichte und Leckerbissen für Kinder crustula
1642 2384 2474 2450 blandi doctoris, welches ein Sachse durch Butter
2038 2426 2478 2485 So mögen denn, wünschen
1644 2430 1982 2495 stollen übersetzt hat.
1642 2465 2482 2519 wir, diese Butterstollen unsern lieben Kindern besser
1644 2504 2482 2565 schmecken, als Zuckerkuchen, die ihnen Magen und
1633 2545 2476 2606 Kopf verderben — Kostet in den Kanterschen
1633 2593 2056 2681 Buchhandlungen 12 gr.
1391 2715 1840 2796 Verbesserung.
736 2759 2487 2872 In der, in unserer vorigen Zeitung recensirten allgemeinen Weltgeschichte, ist statt Bassait, Bossuet zu lesen¬
