2663 3213
765 414 1617 506 daß sie weder mittelmäßigen und gemeinen Köpfen,
776 495 1613 540 noch sonderbaren und vortreflichen gefallen würden
780 533 2476 595 weil jene etwa nicht genug, diese hingegen zu viel toren zu hintergehn, allein für diesesmal bedaur ich
769 586 2476 648 verstehen möchten. In der mittleren Gegend könn= den Herrn G. A. Lange — wie mag der Herr Vers¬
780 610 2478 676 ten sie sich am besten erhalten. Trüblet spricht macher gelacht haben daß man ihm sein Geschmier
780 652 2478 716 sich eben dies Orakel, und es möchte nicht ganz un¬ abgenommen — Wenn man in Berlin nicht besse¬
771 699 1613 750 wahr seyn. Hat Montagne viel gesunden Ver
780 737 2478 801 stand und Belesenheit in seinen Versuchen, so hat Witz der Berliner wenig Ehre machen. Ich erin
771 784 2476 854 unser Abt viele Feinheit, mehr Welt und Putz, nere mich nicht eine Sammlung von Gedichten ge¬
774 816 2476 886 Ueberfluß von Witz und Antithesen im Sinnreichen, sehn zu haben, in der alles so durchgehends schlecht
774 867 2476 922 aber weniger Originalgedanken, oder kühne neue gewesen — Das arme Poetchen will den Leuten im
776 897 2474 967 Aussichten in seine Gegenstände. Bey dem allen ersten Stücke einbilden, daß er mit der Muse ge¬
771 939 1615 994 unterhält er uns dennoch angenehm, und wenn er
776 986 1619 1031 uns Wahrheiten lehret, so hat er immer sein eau
771 1020 2323 1103 de Lavande bey sich, durch nette Wendungen des Wi= fordert jemand einen Beweis, hier ist er:
771 1062 1615 1118 tzes jene gleichsam zu besprützen und wohlriechend
774 1107 1615 1171 zu machen. Wir finden hier Bemerkungen vom
774 1150 1615 1201 Verstande und vom Witz, eine lebhafte Einbildungs¬
771 1188 1613 1243 kraft heißt ein Vergrößerungsglaß und ein Fernrohr;
776 1228 1615 1277 sie vergrößern die kleinsten und nähern die fernesten
774 1273 1611 1322 Gegenständen, Gedanken vom Genie, Geschmack,
765 1311 1615 1360 Glück, Vergnügen, Schreibart, von der Moral
765 1352 1615 1400 und dem Menschen, vom Geist der Gesellschaft und
765 1390 1619 1434 Umgang, von Güte und Ehrgeitz, von der Dicht¬
767 1430 1611 1479 kunst, vom Homer und Virgil, vom Trauer= und
759 1511 1600 1568 Versen in Absicht jenes. In der Frage, ob die
765 1553 1604 1604 meisten Menschen böse sind, erklärt der Autor sich ge¬
761 1594 1600 1647 gen Rochefaucault und hält den größten Theil
756 1638 1596 1694 derselben mehr für schwach als boshaft. Wäre der
771 1672 1604 1723 Mensch glücklicher, so würde er besser; und wäre er
759 1711 1613 1772 besser, so würde er glücklicher seyn. In der Verglei¬
761 1757 1609 1806 chung der beiden Heldendichter des Alterthums sin¬
752 1789 1600 1849 den wir nichts besonders, manches richtige und
759 1838 1598 1887 manche mehr spitzfindige als recht einleuchtende
759 1878 1606 1936 Pointe, z. E. Homer hat mehr Gold, Virgil has
759 1921 2416 2006 es reiner, die Aneis ist besser als die Ilias, aber Kostet in den Kanterschen Buchhandlungen 24 gr.
752 1961 1594 2017 Homer war besser als Virgil. In der Materie
761 2004 1594 2055 vom Lust= und Trauerspiel bleibt der Herr Abt nur
761 2040 1592 2093 bey seinen Hausgöttern, bey den Dichtern seiner
754 2082 1600 2138 Naton, und kennet die Bühne jener Insulaner, auf
752 2127 1590 2178 welche die gallische eifersüchtig ist, viel zu wenig,
759 2161 1585 2221 ein Fehler der in Absicht der Ausländer den franzö¬
761 2204 1592 2255 sischen schönen Geistern gemein ist, aber auch ihre
750 2327 1592 2380 Kunstrichtern am meisten ausgedehnt, aber sein Au¬
750 2369 1583 2456 ge wird alt, und sein Geschmack behält den Anstrich
752 2401 1043 2467 der Prädilection.
788 2442 1585 2539 Kostet in den Kanterschen Buchhandlungen 4 fl.
1732 429 2397 523 Berlin und Stralsund. 1766.
1679 497 2474 570 Scherze. Sonst pflegten die Verleger die Au¬
1643 701 2476 784 Scherzer kennte; so würden diese Scherze dem
1640 950 2474 1018 sprochen — Ich müste nur bloß das Register gele¬
1638 990 2467 1069 sen haben, wenn ich dieses glauben wolte: vielleich
1957 1082 2161 1186 Muse.
1706 1160 2367 1237 Und du fingst nicht, und hörst nicht die Befehle?
1711 1218 2340 1300 O finge frey dein Lied mit aufgeweckter Seele.
1932 1273 2182 1358 Dichter.
1711 1322 2422 1411 Ich kenne nichts als Scherz und wie? gefült es dirs
1702 1396 2401 1477 Dann Muse sing ich frey, o dann vergieb es mit rc.
771 1462 2469 1517 Lustspiel und von der französischen Prose sowohl als Freilich muß er um Vergebung bitten, besonder¬
1628 1511 2467 1558 auch Herrn Gleim und Geßner, an die er ein paar
1619 1551 2467 1598 erbauliche Stücke gemacht hat. Er hat bisweilen
1621 1590 2469 1640 auch artige Supplemente zu einem Antianacreon ge¬
1621 1626 1730 1683 liefert.
1789 1630 2469 1687 Was lohnt es mehr zu sagen, p. 61. an
1624 1670 2297 1753 die Herren Kunstrichter singt er:
1783 1728 2165 1796 Ich kenne Pelten schon!
1783 1781 2248 1840 Wird sein Ruhm etwa größer
1776 1819 2216 1878 Und werden Stümper besser
1776 1866 2320 1942 Durch Schimpfen und durch Hohn.
1796 2055 2284 2131 Berlin und Stralsund.
1658 2100 2454 2174 Idyllen. Ich wills wagen die Geschichte die¬
1617 2159 2448 2221 ser Idyllen zu erzählen: Der Verfasser befand sich
1613 2210 2452 2263 in einer Gesellschaft wo man Kleists und Geßners
752 2246 2454 2301 Einsichten und Urtheile eingeschränkter macht. Vol. Idyllen ungemein lobte, er ging geschwind in sein
752 2284 2446 2340 taire hat seine Sphäre hierinnen unter allen ihren Zimmer, las Kleists und Geßners Idyllen in aller
1611 2331 2452 2384 Eil ein paarmal über, und schrieb denselben Abend
1613 2374 2446 2427 und die Nacht durch 21 Idyllen. Ich würde die
1609 2406 2452 2467 Namen jedes Stücks, das hier hat nachgeahmt wer¬
1613 2450 2442 2510 den sollen, anführen können: Kleist und Geßner
1609 2490 2446 2544 aber sind so bekannt daß ein jeder sie selbst finden
1604 2533 2442 2584 wird. Der Verfasser wird gewiß sich nicht noch ein¬
1600 2567 2442 2656 mal drucken lassen, wenn er diese beyde Genies recht
2352 2626 2440 2678 wird
