2663 3213
742 455 1579 514 Barbaren dergleichen getragen. Ein Cimber ist ein
740 503 1581 547 Kämpfer, Teut, von dem Zeitworte, thun, bedeutet
739 545 1577 600 ein thätiges Wesen, wie die Gottheit ist, Tausang
743 587 1583 648 ist das heilige Feuer, und Aurimia beym Tacitus
740 627 1582 669 Allrune, eine Wahrsagerin. Der alten Deutschen
746 665 1580 715 Regierungsform war gemischt von Edlen und
739 704 946 757 Gemeine.
976 702 1585 765 Graven und Richter der Gauen,
743 752 1585 794 (Dorfschaften) sind alter als die Herzoge. Der Ti¬
734 797 1585 844 tel Großherzog war ihnen so verhaßt, als Rex bey
733 828 1577 876 den Römern. Brennus der erste war ein Senno¬
734 872 1585 921 ne, und von den Ueberbleibseln des Heeres Brennus
734 913 1582 965 des zweiten entspringen die Galater. Teutobach,
734 956 1577 1010 der Anführer der Teutonen, war gleichfals vielleicht
731 996 1585 1042 ein Sennone. Marius und Casar eignen sich in den
733 1042 1582 1092 Kriegen mit den Deutschen zu viel Ehre zu. Des
734 1076 1581 1131 Drusus Gespenst ist die unglückliche Retirade seines
731 1122 1573 1167 Legaten Domitius über die Elbe. Herrmann ver¬
722 1167 1576 1214 einigte mit sich die Sennonen und Longobarden, bei¬
722 1204 1577 1246 de hießen hernach Vandalen. Die deutschen Völker
728 1242 1573 1303 liebten schreckliche Namen, die Thüringer oder Reu¬
722 1281 1578 1340 dinger von Thor, dem Donnergott, Sioamber von
724 1325 1567 1384 Siegen und Kämpfen, Burgunder von Burg und
731 1362 1570 1417 Schlössern. Das zweite Buch handelt von den
725 1409 1567 1466 Sachsen und Wenden vor Heinrich dem Vogler.
727 1448 1570 1497 Jener Name kömmt von Sassen, Einsaßen. Garde¬
719 1492 1573 1543 leben ist des Crodo Löbe oder Halle. Der sächsischen
713 1529 1574 1594 Herzoge sind mehr als zwölf gewesen. Wittekind
710 1577 1567 1625 war nach seiner Unterwerfung an Karl den Großen,
713 1616 1565 1665 nicht mehr Herzog, sondern ein Edelinger im Pri¬
710 1654 1565 1700 vatstande; die Versetzung der Sachsen nach Sieben¬
705 1692 1436 1746 bürgen vom Kaiser ist nicht zu beweisen.
706 1730 1555 1789 Wenden sind Slaven, sarmatische Völker, keine
706 1774 1562 1834 Deutschen; bauten aber eher Stadte als diese. Der
706 1822 1562 1868 Meerwolf und die Kobolde sind Ueberbleibsel ihres
707 1854 1558 1908 Aberglaubens, wie auch der rothe Adler im bran¬
710 1898 1552 1946 denburgschen Wapen, ein Stück vom Sinnbilde des
704 1942 1555 1995 Götzen Rhadigast. Obotriten und Wilzen beide
705 1981 1556 2035 Wenden, waren ein Staatskörper unter einem Crole,
709 2021 1556 2080 (Könige) nachher nahmen jene die fränkische, diese
701 2063 1548 2109 die sächsische Parthey. Unter den letzten Carolin¬
698 2109 1547 2165 gern traten die Wenden zusammen; ihre Bekehrung
694 2144 1552 2203 war Schein. Das dritte Buch enthält die Ge¬
709 2189 1547 2246 schichte der Sachsen und Wenden, von K. Heinrich
695 2232 1544 2289 dem Vogler bis auf M. Albrecht den Bären. Die
700 2265 1548 2322 Kriege jener beiden Nationen verursachte mehr
700 2310 1540 2363 Staatsvortheil als Christenthum. Heinrich errich¬
692 2349 1537 2428 zete noch keine Mark Brandenburg. Gr. Siegfried
1615 461 2461 521 war nur Oberbefehlshaber der wendischen Mark.
1612 513 2460 554 Merseburg sein Sitz, und die Wenden wurden zins¬
1612 559 2460 600 bar. Gero heist der erste Markgrav oder Comman¬
1606 594 2458 657 deur längst der Saale und Elbe, doch ohne Erbrecht
1609 641 2460 683 und Standeshoheit, die sich K. Otto der Große vor¬
1606 672 1734 731 behielt.
1794 678 2460 723 Helmolds Nachrichten sind hiebey am
1612 715 2457 770 glaublichsten. Die Herzoge und Marggraven über
1612 764 2454 808 die Wenden unter den sächsischen Kaisern waren nur
1614 804 2457 850 Beamte. Nach Gero wurde die wendische Mark in
1607 844 2454 892 vier getheilt, wozu Meissen kam. Die Begebenheit
1612 887 2457 929 des Gr. Werner von Waldeck mit Reichilden giebt
1611 926 2458 985 Stof zu einem Trauerspiel, und der Zweikampf ei¬
1615 973 2454 1020 nes Sachsen und Wenden zu Werben ein Schau¬
1611 1002 2454 1056 spiel der alten Krieger. Gottschalk, der Großfürst
1608 1050 2450 1106 der Wenden, erhält durch dänische Hülfe seine Lan¬
1611 1095 2445 1154 de wieder. Von dem wendischen Fürsten Boguslav,
1607 1135 2452 1183 Mistevogs Sohn, kommen die pommerschen her.
1612 1175 2450 1228 Gottschalk leidet den Märtirertod und die Schicksale
1599 1213 2446 1267 der Adelheid, einer Mutter M. Heinrichs I. zu Solt¬
1603 1252 2445 1315 wedel, sind Zeugen von dem Hasse der Päbste. K.
1600 1293 2449 1352 Lotharius II. unterdrückte den wendischen Staat,
1606 1344 2445 1396 und belehnte Dännemark damit, welches daher den
1606 1381 2445 1441 Titel König der Wenden führt. M. Albrecht der Bär
1602 1415 2450 1485 bekam die Ost= und Nordmark vom K. Lothar für sei¬
1600 1467 2447 1514 ne Verdienste und für die Abtretung des Herzog¬
1600 1506 2440 1559 thums Sachsens an seinen Eidam, Heinrich den
1603 1545 2445 1599 Stolzen. Nach den Kriegen mit Pribislav und den
1599 1581 2441 1651 Sachsen erhielt M. Albrecht der Bär vom Konrad
1593 1626 2443 1683 III. wieder seine beyde Marken zu einem Fürsten¬
1596 1662 2441 1732 thum, welche zuerst den Namen von Brandenburg
1594 1706 2439 1767 führten. Der M. machte noch andre Eroberungen;
1592 1749 2437 1806 hatte Graven zu Vasallen, und führte das Christen=
1592 1796 2437 1845 thum völlig ein. Herr B. entdeckt allenthalben
1587 1835 2427 1884 große Geschichtskunde und eine mühsame Belesen¬
1587 1876 2438 1940 heit. Einige besondre Hyothesen giebt es auch noch
1591 1917 2434 1977 in diesem Werke, die man aus alten Urkunden her¬
1581 1966 2439 2020 vorklauben und rechtfertigen mag. Der Verf. giebt
1588 1998 2434 2051 indessen der ganzen deutschen Geschichte durch sein
1588 2033 2437 2104 Buch ein vorzüglich Licht. Die Ausführung ist in
1581 2081 2434 2130 einer nicht unangenehmen Schreibart. Da dieser er¬
1581 2125 2428 2186 ste Theil nur die alte Geschichte in sich begreift, so
1576 2163 2428 2230 wird die mittlere und neue sehr füglich noch zweene
1581 2207 2428 2268 Bande füllen. Und wer wird uns denn mit einem
1576 2237 2418 2305 Auszug und Kern eines kostbaren aber durch seine
1570 2284 2411 2363 Länge doch etwas ermüdenden Werkes beschenken? -
1606 2336 2382 2425 Kostet in den Kanterschen Buchhandlungen 6 fl.
