2479 3213
1194 1470 1668 1551 den 27. Jenner 1766.
731 1483 1175 1564 8tes Stück. Montag,
669 1587 854 1660 Leipzig.
368 1630 1173 1698 Horams, des Sohns Asmars anmuthige Unter¬
332 1689 1171 1728 weisungen in den Erzählungen der Schutzgeister, aus
338 1728 1175 1796 dem Englischen des Herrn Morell übersetzt, mit K.
329 1774 536 1832 1.2. Theil.
368 1806 1173 1876 Ohne zu untersuchen ob der englische Herausgeber
334 1855 2034 1917 dieses Manuscript wirklich aus dem Persischen über= der Orient prächtiges hat. Hier erhalt er einen
334 1912 1173 1968 setzt, oder ob es sein eigen Werk sey, wollen wir nur
332 1951 1171 2010 anzeigen, daß es seinem Verfasser viel Ehre macht.
334 1995 1173 2038 So wenig wir für den orientalischen Nachahmerstil
334 2114 1171 2180 ein wohlgewählter Blumenstraus auf die Sinne —
334 2146 2036 2216 Die vorgetragne Moralen, die zwar nicht neu sind, folgen Abudahs Abentheuer in den Lustwäldern Sha¬
334 2184 2036 2252 gewinnen unendlich unter der freyen und edeln Ein= daski — zu deren Schilderung den Verfasser die
334 2236 1101 2295 kleidung. Die Vorrede des Herrn Morells
340 2276 1099 2335 eine Lebensbeschreibung des Horams enthalt,
334 2308 2036 2363 uns wegen der angebrachten Unterredungen über die ter zertrümmern das ganze Gesicht, die Königin des
338 2354 1177 2418 Religion besonders gefallen, Herz und Verstand bli¬
346 2437 1186 2499 der europaischen Religion und dem Recht. Wir
344 2522 1184 2576 stes Jracagem anführen, um den Lesern das Ver¬
1198 1568 2040 1636 Abuhda, ein sehr reicher Kaufmann, ward durch eine
1201 1617 2040 1670 wiederholte ihn quälende Erscheinung angereitzt, den
1196 1653 2040 1708 Talisman des Oromanes zu suchen, dessen Besitzer
1194 1702 2044 1747 weder Misvergnügen noch Unruhs haben soll. Ein
1194 1732 2042 1787 unbekannter Fremder bildte ihra ein er wäre im
1196 1770 2040 1828 Thale Bochim, und würde durch Reichthum erkauft
1252 1810 2038 1866 Die Beschreibung dieses Thals enthält alles was
1201 1898 2036 1957 eisernen Kasten mit 50 Schlößern, die Schlüssel die
1194 1936 2036 1995 er mitbekommen eröfnen ihn aber nicht — und sein
1196 1980 2036 2040 Phantom rief ihm wieder zu: O sinnloser Abudah,
340 2021 2034 2087 sind, so müssen wir doch diesem unsern ganzen Bey daß du gehoffet der Talisman des Oromans könn=
340 2066 2036 2129 fall geben. Er wirkt auf das fühlbare Herz wie durch Reichthum erkauft werden — Die Schlüssei
1194 2104 2038 2159 wirst du in einem frölichen Lande finden. Hierauf
1194 2227 2038 2286 Grazien und die reitzendste Wollust begeistert haben
1247 2263 2044 2327 Er schließt den Kasten auf, und Blitz und Wet¬
1201 2350 2034 2399 Vergnügens wird die kleine Hexe, und Eitelkeit und
344 2386 2034 2448 cken aus ihr so wie aus der Erzählung Horams von Unmäßigkeit zeigte eben nicht die Erlangung des Ta¬
1207 2427 2034 2484 lismans. Das dritte Abentheuer des Kaufmanns
340 2469 2040 2522 wollen bloß den Plan der Erzählung des Schutzgei ist seine wunderbare Erhebung zum Sultan von
1207 2508 2044 2563 Tasgi, nachdem er aus der abscheulichen Höle steigt,
340 2552 2048 2644 gnügen der Neuheit bey den übrigen zu lassen, in der ihn sein Plaggeist verlassen. Allein auch der
1930 2590 2046 2652 Thron
