2479 3213
354 408 1198 480 so viel Jurisprudenz darinnen vor, daß wir recht
354 466 1196 535 sehr befürchten — doch wir begnügen uns die An¬
347 501 1194 562 merkung anzubringen, daß diese Jurisprudenz im
347 553 1194 609 ganzen Stücke zur größten Ungebühr verstreuet wor¬
1219 391 2082 483 den, und sagen unsern Lesern was sie am Ende je¬
1221 462 2084 518 der Recension erwarten: Kostet in den Kanterschen
1221 512 1608 587 Buchhandlungen 6 gr.
539 647 976 711 Berlin, den 5. April.
383 674 1192 749 Se. Majestät, der König, haben allergnädigst ge¬
356 720 1198 797 ruhet, Dero bisherigen Legationssekretair am Rö¬
349 765 1200 844 mischkaiserl. Hofe zu Wien, Herrn Böhmer, zu De¬
349 813 1186 882 ro Residenten am besagten Hofe zu ernennen, und
349 844 1192 913 ihm den Charakter als Hof= und Legationsrath bey=
352 894 1192 961 legen, dagegen aber den Herrn Jacobi, als Lega¬
352 936 857 1021 tionssekretair bestellen zu lassen.
453 980 1082 1046 Schreiben aus dem Oesterreichischen,
624 1032 892 1082 vom 26 März.
383 1052 1184 1129 Bald sollte man der thierischen Fühlung mehr Zärt
356 1092 1188 1171 nichkeit und Neigung zulegen können, als der stolzen
354 1144 1190 1211 Menschlichkeit; da uns oft ein kleines Thierchen an
354 1181 1194 1263 der Dankbarkeit beschämet, wie aus folgendem Schrei=
354 1227 1190 1294 den erhellen wird. Ich glaube, mein Herr! daß
354 1273 1194 1335 Sie folgende kleine Geschichte, die vor etwa 14 Ta¬
354 1319 1190 1371 gen sich zugetragen hat, als einen merkwürdigen Bey=
354 1354 1194 1421 trag zu der natürlichen Historie der Vögel, und der
354 1392 1190 1462 empfindungen der Dankbarkeit bey ihnen, ansehen
354 1439 1192 1506 werden. Die Frau von** hat mir erzählt, daß,
352 1475 1194 1552 wie sie neulich an dem Fenster in einem Zimmer ge¬
352 1523 1194 1591 gen den Garten gestanden, zu ihrer grossen Verwun=
354 1560 1194 1633 derung ein Vogel ihr zugeflogen ist, der einen von
356 1600 1190 1679 seinen Jungen zu ihr brachte, mit den Flügeln schlug,
354 1649 1194 1714 and still sitzen blieb. Sie nahm den kleinen Vogel
354 1679 1194 1753 an die Hand, betrachtete ihn, und fand seine Beine
358 1728 1188 1778 mit kleinen Fäden und harter Erde so mit einander
358 1774 1190 1828 derwickelt, daß die Mutter sie unmöglich hätte los=
354 1816 1184 1878 machen können. Die Frau von"* ließ sich Wasser
354 1847 1194 1922 dringen, um die Erde los zu weichen; zog die Fäden
358 1899 1173 1968 einen nach den andern heraus, wusch die Beine, un
364 1930 1186 2003 drachte eine gute Viertelstunde damit zu. Darauf
364 1974 1190 2049 setzte sie den Vogel in einen Kesicht, den sie offen ließ.
368 2018 1190 2090 Deden Tag brachte die Mutter ihrem Kleinen was zu
370 2063 1184 2132 essen, und schlug vor seiner Wohlthäterin mit den Flü=
370 2107 1186 2174 bein, um ihr seine Dankbarkeit zu bezeigen. Nach 2
362 2149 1192 2215 dder 3 Tagen brachte die Mutter ihr noch einen von ih=
370 2188 1184 2255 ten Jungen der noch mehr die Beine auf die vorige
370 2226 1184 2300 det, wie dererste, verwickelt hatte. Sie erwieß ihm
370 2269 1184 2342 denselben Dienst in Gegenwart der Mutter, die ihren
389 2313 1186 2384 ncen Jungen in dem Kesichtimmer zu essen brachte.
368 2344 1190 2425 dus sie im Stande waren, zu fliegen, gab die Frau
383 2394 1186 2461 d 2 ihnen die Freyheit. Die Mutter kommt aber
389 2438 1181 2515 te Tage vor ihr Fenster, wo sie mit den Flügeln schlägt
385 2481 1046 2565 nd ihr in ihrer Sprache danket. Jch bin rc.
480 2529 1034 2594 Niederelbe, den 26. Marz.
395 2556 1179 2623 Die letzten Briefe aus Copenhagen melden, daß
1221 626 2084 695 der ältesten Königl. Prinzeßin von Dännemark am
1225 688 2076 736 Mittwochen nach den bevorstehenden Osterferien wer=
1219 732 2074 788 de publiciret werden, auch berichten diese Briefe, daß
1221 770 2078 822 ein Ehebündniß zwischen der jüngsten Königl. Däni¬
1221 813 2076 892 schen Prinzeßin und einem großen deutschen Fürsten
1215 861 1558 921 auf dem Tapete sey.
1362 882 1922 948 Copenhagen, vom 21. März.
1254 926 2078 984 Den 18ten ist die Beysetzung der Leiche des Höchst=
1219 982 2074 1034 seligen Königs Friedrich des Fünften, mit der grö¬
1221 1021 1710 1092 sten Pracht vollzogen worden.
1410 1050 1845 1117 Paris, vom 21. März.
1267 1082 2076 1161 Jn der Nacht vom 7ten auf den 8ten haben Diebe
1215 1144 2076 1200 in die Parochialkirche zu Cusset in Bourbonnis ein¬
1221 1188 2076 1244 gebrochen, und die Monstranz nebst der Hostienschach¬
1215 1231 2076 1283 tel, und einer Lampe gestohlen, und die Hostien auf
1221 1269 2078 1317 den Kirchhof in den Koth ausgeschüttet. Der Prie¬
1231 1315 2076 1364 ster des Orts und die Canonici von Cusset begaben
1225 1356 2076 1408 sich des Morgens darauf in Proceßion nach dem Kirch=
1221 1402 2074 1450 hofe, hoben, was von den Hostien noch nicht zertre¬
1219 1441 2076 1489 ten oder vom Winde weggeführet war, wieder auf,
1221 1481 2074 1533 und hielten sodann eine feyerliche Messe, zur Vergü¬
1213 1525 2076 1570 tung der dem heil. Sacramente wiederfahrenen Ent¬
1221 1562 2076 1622 heiligung. Des Nachmittags ward abermahls eine
1219 1608 2070 1658 allgemeine Proceßion gehalten. Der König hat den
1219 1649 2074 1697 Bedienten weil. Se. Maj. des Königes Stanislaus,
1219 1689 2070 1735 ihre Gage auf Lebenszeit als eine Pension bestätiget.
1219 1735 2076 1776 Man bestätiget, daß eine Vermählung zwischen Sr.
1221 1770 2072 1832 Königl. Hoheit dem Dauphin, und der jüngsten Erz=
1223 1816 1708 1887 herzogin auf dem Tapete sey.
1425 1845 1860 1907 London, den 21. März.
1254 1882 2070 1949 Wegen des ehegestern eingefallenen Geburtsfestes
1225 1945 2070 2003 der Prinzeßin Louise, Schwester des Königs, war
1219 1982 2074 2028 der Hof sehr zahlreich und glänzend. Weil der spa¬
1219 2022 2070 2072 nische Hof ein ansehnliches Corps Truppen bey Mal¬
1227 2065 2074 2115 laga zusammenzieht, nicht weniger die Besatzung der
1219 2111 2074 2159 Stadt von St. Rocque, welche nächst Gibraltar liegt,
1219 2147 2063 2201 mit einigen Bataillons vermehrt, und ihr einen Fran=
1221 2192 2061 2240 zosen zum Commandanten gegeben: so ist unser Hof
1219 2234 2061 2278 in Ansehung Gibraltars höchst aufmerksam. Es soll
1219 2271 2063 2328 nicht nur, wie versichert wird, unserm am spanischen
1215 2321 2061 2365 Hofe befindlichen Minister aufgegeben seyn, sich die
1213 2361 2068 2411 serhalb vom spanischen Hofe eine cathegorische Antwort
1213 2402 2074 2448 auszubitten, sondern das Staatssecretariat hat auch die=
1215 2442 2076 2498 ser Tagen dem Kriegsdepartement eine Ordre zugeferti=
1204 2481 2070 2546 get, um die Garnison zu Gibraltar aufs eiligste zu
1206 2519 2061 2579 verstärken, und überhaupt alle Irrländische Regi¬
1206 2563 2070 2621 menter, welche bis dato nicht so stark als die englischen
395 2602 2063 2689 Vermahlung des Kronprinzen von Schweden mit gewesen, letzteren in Ansehung der Zahl der Köpfe
1920 2650 2072 2710 vollkom¬
