2479 3213
728 1490 1678 1544 23tes Stück. Freitag, den 21. Merz 1766.
620 1587 916 1654 Beschluß
387 1608 1192 1687 Im zweiten Stück zeichnen wir nur folgende nutz¬
352 1665 1189 1727 dare Beobachtungen unter den größeren Recensionen
354 1715 1196 1780 aus. Die Bitaubesche mehr als freie Uebersetzung
354 1751 1189 1821 der Ilias kann in Frankreich ihr Glück machen; in
351 1801 1192 1860 unsrer Sprache würde sie unerträglich seyn. Man
354 1828 1194 1890 bedroht uns mit 2 Uebersetzungen des Homers in
352 1882 1189 1945 deutschen Hexametern (Q. D. B. V.) Der Mönch
357 1919 1192 1988 vom Berge Athos intereßiret besonders in der Dia=
351 1962 1186 2018 löge von der Vorsehung. Kirchhofs Soldatenrechte
354 2012 1196 2065 verdienen Aufmerksamkeit. Bey der Beurtheilung
357 2043 1192 2100 der Briefe über die neueste theologische Litteratur
360 2086 1189 2153 scheinet der Recensent selbst in seinem Ton sich zu
364 2131 1200 2182 dergessen, daß man nicht Scheltwort mit Scheltwort
358 2174 1194 2238 vergelten müsse, und er selbst sonst eines gelinderen
363 2214 1194 2279 Geistes gewesen. Doch auch sanftmüthige Seelen
366 2249 1194 2326 werden von einem Fehl oder Paroxismus übereilt.
364 2289 1200 2365 Die Frankfurter Bedenken und Briefe über den
364 2336 1202 2393 Münzfuß haben Bewegungen erregt. Bey Klotzens
363 2375 1194 2449 Ausgabe der Epigrammaten des Strato vermißt
366 2423 1194 2492 tlan ungern die Uebersetzung. Trillers Dispensato-
358 2466 1200 2529 tium medicum hat viel systematische Ordnung. Die
366 2496 1203 2568 Dammsche Uebersetzungen der Bücher des N. T.
366 2543 1203 2605 kommen an den Reihen. Man richtet ihn aus sei=
364 2587 1199 2675 nem eigenen Wort, und glaubt, ohne zu eifern, bey
1223 1578 2069 1646 seiner Armuth an Beweisen, daß seine Uebersetzung
1221 1631 2074 1679 wenig Schaden der Kirche zufügen werde. Die
1217 1666 2069 1724 Abentheuer des Don Sylvio von Rosalva schicken
1232 1708 2074 1769 sich in der Folge der Recension sehr gut zu dem vori¬
1223 1751 2073 1813 gen Buch, und ihr Komisches zu jenem Heterodoxen.
1217 1792 2063 1846 Herr Spalding wird gegen seinen heftigen Beurthei¬
1226 1832 2069 1888 ler aus Frankfurt am M. vertheidigt. Sorgens
1226 1873 2074 1927 Allerley über das mittlere Zeitalter des D. R. ist ein
1480 1922 2075 1974 Meier über die Betrachtungen des
1223 1927 1459 1984 Mischmasch.
1226 1967 2074 2022 M. d'Argens über den Julian sind zwar bescheiden
1217 2003 2076 2054 aber matt, und weder der Marquis noch M. haben
1223 2048 2069 2093 den rechten Standort verfehlt, aus dem jener Kaiser
1223 2087 2073 2135 betrachtet werden muß. Hiebey folgt ein eigner
1230 2128 2073 2185 schöner Versuch in dieser Ausgabe. Cramers An¬
1230 2173 2064 2224 dachten kommen zu kalt und trocken vor, obgleich
1232 2214 2074 2266 schöne Züge nicht ganz vermißt werden. Der Greis
1223 2256 2073 2310 hat einen löblichen Patriotismus, aber nicht die rech¬
1223 2299 2069 2349 te Laune eines Greises, und wird daher gedehnt und
1223 2339 2075 2394 langweilig. Religionswahrheiten stellt er frappan¬
1223 2382 2073 2432 ter dar, nach des Recensenten Ausdruck. Bahrdts
1232 2425 2073 2483 Erklärung des Hiobs verräth wenig Exegetik, und
1226 2461 2075 2516 mehr den Prediger. Bagliv, Boerhave und Haller
1236 2506 2075 2562 (s. das 1. St.) machen ein vortreflich medicinisches
1226 2554 2080 2606 Triumvirat aus. Walchs Ketzerhistorie ist genau,
1230 2588 2078 2670 doch hätte der V. noch pragmatischer seyn können.
