2663 3213
771 421 1611 504 weiland Robert Allen, einem Zimmermann, in dem
776 497 2006 548 118ten Jahre ihres Alters. Sie hat noch den Ge¬ länger verbannet seyn.
774 531 1611 582 brauch aller ihrer Sinnen, gehet alle Sonntage von
774 567 1611 618 ihrer Wohnung auf 200 Ruthen weit zur Kirche,
771 610 1604 659 und bedienet sich daselbst ihrer Bibel ohne Brille.
782 657 2469 714 Man erzählt, sie habe sich in ihrem ganzen Leben ei= versammleten sich Vormittags die hier anwesende
771 695 1615 746 ner besonderen Mäßigkeit in allen Stücken beflissen,
771 742 2474 797 und während ihrer Ehe nur zu gewissen Zeiten bey bey Hofe, und statteten bey Sr. Maj. die gewöhnli¬
780 774 1182 833 ihrem Manne geschlafen.
816 803 1611 876 Nachrichten aus Dublin zufolge war in den letz¬
774 858 2478 916 ten Sitzungstagen des Parlements, beym Unter gehalten, und das Te Deum laudamus unter Abfeu¬
780 905 1613 960 hause eine Menge aufrührrischen Volks zusammen
776 950 2469 997 gelaufen. Diese Leute insultirten auch verschiedene den Se. Maj. von dem Fürsten Woywoden, v. Ruß
786 984 1615 1033 Glieder des Hauses gröblich, und verhinderten den
776 1065 1615 1111 Dieser Tumult war durch ein ausgebreitetes Ge¬
774 1111 2480 1158 rücht, daß das Parlement das Volk mit neuen Auf= Angabe des Herrn Starosten von Schmidt, aufs
780 1152 1619 1201 lagen belegen wolte, verursachet worden; doch wur¬
774 1188 1186 1243 de derselbe bald gestillet.
780 1322 1624 1371 schwerden der Colonien, und Theils über die Ange¬
771 1402 1626 1449 tel zu finden, dem Volke einige schwere Auflagen,
776 1439 1619 1490 welche zugleich die Lebensmitteln und andere nöthige
782 1481 2140 1541 Dinge theuer machen, zu erleichtern, und die öffent= sehr spät in der Nacht endigte.
776 1524 1619 1575 lichen Schulden herunter zu bringen. Wir dürften
776 1564 1624 1613 dieses Jahr wieder eine Lotterey von zwoen Ziehun¬
776 1604 1628 1658 gen haben, worzu der Einsatz 5 Pfund Sterl. seyn
782 1640 1621 1692 soll. Es werden darin keine Fehler seyn. Die erste
776 1679 1619 1736 Ziehung soll im May, und die andere im November
786 1723 1624 1781 geschehen. Man spricht auch wieder von einer Acte,
782 1757 1621 1813 um den unvermögenden Schuldnern zu Hülfe zu
780 1802 1628 1857 kommen, welche Acte schon seit dem Tode der Köni=
776 1849 1615 1900 gin Anna erwartet worden ist. Man wird fernen
776 1883 1619 1930 die Insel St. Jean, in Amerika, in den Stand zu
780 1921 1619 1980 setzen suchen, daß sie 20000 arbeitsame Einwohner
780 1966 1628 2017 ernähren könne. Zu Quebeck treibet man itzo schon
780 2008 1621 2057 eine ansehnliche Handlung mit dortigen Steinkohlen
780 2053 1617 2097 und Eisen nach den Englischen Französischen und
776 2089 1626 2138 Spanischen Westindischen Inseln. Auf der Insel
782 2134 1619 2180 Dominica sind im letzten November wieder verschie¬
776 2174 1613 2221 dene Erdbeben gefühlt worden. Von einer gewissen
776 2216 1624 2261 Parthey wird noch immer behauptet, daß Hr. Wil¬
776 2252 1613 2301 kes sich wirklich im Lande befinde. Sie erzählet da
774 2293 1613 2344 bey folgendes: Bevor er sich entschlossen habe, wieder
780 2331 1617 2382 nach England zu gehen, sey ihm von seinen hiesigen
780 2378 1619 2427 Freunden ein jährliches Einkommen von 1200 Pfund
780 2420 1621 2478 Sterling, so lange er im Exilio seyn werde, angetra¬
774 2459 1615 2512 gen worden, mit dem Vermelden, daß dieses alles sey,
771 2497 1615 2548 was man bis itzo für ihn thun könne; allein er habe
774 2535 1615 2605 lieber nach dem Vaterlande zurück kehren wollen, um
1634 434 2476 512 sich den Aussprüchen der Gesetze zu unterwerfen, als
1815 533 2297 595 Warschau, den 23. Jan.
1666 582 2478 631 Den 17ten dieses, als dem höchsterfreulichen Ge=
1636 623 2476 674 burtstage Sr. Maj. unsers Allergnädigsten Herrn,
1634 710 2474 752 Magnaten, Ministres und übrige Standespersonen
1634 793 2476 831 chen Glückwünsche ab. Allerhöchstdieselben verfügten
1636 831 2474 882 sich hierauf in die Pfarrkirche, wo das hohe Amt
1634 914 2476 952 rung der Canonen gesungen wurde. Zu Mittage wur
1636 992 2484 1037 land aufs prächtigste bewirthet, und des Abends war
780 1028 2478 1075 Sprecher und viele Glieder, sich dahin zu begeben. Comödie mit neuen Ballets. Sonntag drauf wurde
1638 1075 2478 1114 dieser so festliche Tag bey Hofe, in denen nach der
1638 1154 2476 1203 prächtigste und sinnreichste erleuchteten Königlichen
1638 1198 2476 1243 Zimmern mit einem kostbaren Ball en masque ge¬
818 1232 2476 1284 Unsre Königl. Minister sind in diesen Tagen wie= feyret. Es waren über 3000 Billets ausgegeben,
782 1273 2476 1324 der sehr beschäftiget gewesen, Theils über die Be= und alles erschien in den prächtigsten Anzügen. Die
1643 1320 2476 1364 so große Menge der Anwesenden wurde mit aller
780 1362 2478 1405 legenheiten dieses Königreichs, insonderheit, um Mit= ley Arten von Erfrischungen im Ueberflusse bedienet,
1645 1398 2474 1445 so daß sich dieser Ball mit allerhöchster Zufrieden
1649 1439 2482 1511 heit Sr. Maj. über die vollkommen vergnügee Gäste/
1844 1496 2284 1590 Danzig, den 24. Jan.
1687 1543 2478 1611 Der Französische Resident, Herr Dumont, begab
1649 1581 2476 1651 sich heute vor der Rathsversammlung in tiefer Trauer
1651 1651 2467 1692 kleidung mit Pleureusen zu dem Präsident, Herr
1647 1689 2476 1732 Bürgermeister Groddeck, und legte bey selbigem auf
1649 1728 2476 1768 Befehl seines Hofes sowohl eine münd= als schriftl=
1651 1766 2469 1819 che in französischer Sprache abgefaßte Bekanntma
1655 1808 2476 1849 chung von dem Absterben Sr. Königl. Hoheit des
1649 1851 2476 1893 Dauphin für den Rath dieser Stadt ab; worauf heu=
1645 1893 2467 1932 te Nachmittage Hr. Secretaire Weickhmann in Trauer
1643 1932 2476 1972 kleidern und langem Mantel, im Namen des Rath¬
1651 1970 2463 2023 bey dem Herrn Resident das Trauercompliment al
1649 2010 2469 2059 legte, und künftige Woche wird das in dergleichen
1651 2053 2463 2106 Fallen übliche Condolenzschreiben von dem Rath al
1645 2095 2350 2153 den König in Frankreich abgelassen werden.
1643 2184 2469 2246 Wechsel-Cours & Species d. 6. Febr. 1766.
1643 2238 2129 2304 Amsterdam 41 Tage 310gr.
2148 2242 2425 2323 71 Tage 3084gr.
1640 2284 2006 2350 Hamburg 3 W. 133 gr.
2070 2280 2335 2350 6 W. 132½ gr.
1643 2325 1753 2372 Berlin
2006 2318 2382 2380 Dantzig 25½/ pr. Cto.
1647 2354 2029 2427 Ducaten neue 9 fl. 7 gr.
2114 2365 2454 2425 Alberts Taler 135 gt.
1643 2401 1872 2459 Rubel 128 gr.
2010 2403 2465 2463 Alt Polnisch Geld 134 pr. Cto.
1645 2448 2461 2529 Diese Gelehrte und Politische Zeitung wird des Montag
1685 2514 2433 2567 und des Freytags Vormittags um 10 Uhr in dem
1789 2552 2325 2616 Kanterschen Buchladen ausgegeben.
