2663 3213
791 409 1646 481 "ganze Thätigkeit behält. Es ist nicht anders, als
797 474 1646 524 "ob er eine Erleichterung von einer schweren Büͤrde zu
784 511 1640 565 "fühlen anfienge. Ein Mensch redet oft das erstemal,
787 558 1642 612 „in seinem Leben, in dieser Stunde, ein sinnreiches
784 595 1595 651 „Wort, giebt eine unerwartete weise Antwort
800 636 1649 690 "Gedanken, Ausdruck — Miene, alles ist empha¬
795 683 1644 731 "tisch. Wer kann dieses Räthsel erklären, wofern
789 722 1649 778 „man nicht für gewiß annimmt, daß der Fall des
800 765 1373 817 "Leibes die Seele nicht erschüttre?"
828 793 1644 858 Diese eigenthümliche Worte des Helden, wieder
789 858 1649 905 den wir streiten, enthalten eben so viel incompletes,
784 894 2500 946 als falsches. Und nur ein paar Augenblicke reichen tiefen Reverenz, und erwiedert in ergebenster Ant
782 933 1129 1006 zu, um es zu zeigen.
823 955 1651 1024 Wenn der Verfasser diesen Gedanken etwa als eine
789 1019 1640 1073 Parenthese mitten unter andern Beweisen, oder als
789 1065 1649 1112 einen einzelnen Stein in dem ganzen Bollwerk der
782 1106 1642 1155 Widerlegung des Ungläubigen gebraucht hätte: so
782 1142 1636 1198 wäre ihm die Schwäche desselben zu vergeben. Aber
782 1190 1642 1237 nun sagt er diesen Gedanken ganz allein, und zwar,
789 1269 1638 1327 von der Unsterblichkeit überzeugen will, hinlänglich
784 1310 1037 1371 zu widerlegen.
784 1392 1636 1440 ein Ungläubiger. Der Ungläubige ist entweder ein
784 1487 2457 1532 zwar die Unsterblichkeit der Seele, nur die Religion danken desto sichrer und stärker auswirken könn
776 1519 2467 1573 glaubt er nicht, wenn er doch ein Ungläubiger heissen Was hat also unser Verfasser dem Ungläubigen
774 1608 2485 1653 nicht nöthig. Er glaubt die Unsterblichkeit aus der glaubte, und am neugierigsten immer mehr zu e
780 1644 1629 1696 Immaterialität und natürlichen Religion. Wird
782 1683 1627 1739 sich aber wohl der Ungläubige, der ein Materialist
780 1735 1631 1778 ist, durch diesen Beweis überzeugen lassen? wi¬
769 1765 1621 1825 der den er schon dadurch eingenommen seyn muß
774 1815 1625 1862 daß man ihm nicht zuvor die Nothwendigkeit der
769 1942 2480 1989 einem so ungewissen Phanomenon, als dies ist, daß schwere Bürde von ihnen genommen wäre? Gebe
769 1978 1621 2028 einige Sterbende eine Lebhaftigkeit, Stärke des
769 2024 1618 2075 Geistes und Thätigkeit der Gedanken verrathen,
765 2069 1625 2114 wider sich selbst schliessen? Nichts mehr, als das,
765 2103 1616 2161 was er an denen Lebendigen tausendmal gesehen und
774 2149 1612 2196 gehöret hat, daß sie nemlich lebhafte Vorstellungen
774 2196 1618 2241 Gedanken, Thätigkeiten, Empfindungen äussern;
756 2239 1618 2289 von denen er aber nie zugegeben hat, daß sie das,
767 2274 1616 2325 was wir Seele nennen, voraussetzen, sondern nur
767 2312 1610 2366 eine Art von feinen Modifikationen des Körpers sind.
759 2353 1618 2411 Wenn er also an einem Sterbenden eben dies wahr¬
759 2401 1610 2446 nimmt, daß er in der Stunde des Todes etwa ein
761 2439 1610 2493 sinnreiches Wort spricht, eine unerwartete weise
761 2483 1610 2530 Antwort giebt; so wird er nichts weiter als dies
752 2521 1612 2580 davon sagen: das sey eben jene Modifikation der
759 2562 1612 2618 feinsten Lebensgeister, die man auch an denen Leben¬
752 2608 1608 2666 digen bemerkt hat. Aber wird er nun wohl gestehen,
743 2644 1573 2730 dies sey ein Beweis für die Fortdauer der Seele?
1707 397 2502 481 Ja, könnte man einwenden, in jenem Bewei
1674 472 2506 524 liegt dieser Schluß verborgen: Wäre die Seele einer
1672 509 2506 582 ley mit dem Körper: so müßte ihre Lebhaftigkeit und
1674 552 2502 601 Stärke verloren gehen, nach dem Grade, da o
1666 593 2506 649 Lebhaftigkeit und Stärke des Körpers verloren gehl.
1672 638 2506 705 Bey einem schwindsüchtigen und ausgezehrten Kran=
1679 681 2502 746 ken aber, wo die Lebenskräfte gewiß verloren gehen
1672 722 2511 778 sieht man doch den lebhaftesten Geist; oder vielmehr,
1670 767 2500 819 nie war die Seele lebhafter, als in diesem Zustande
1670 815 2416 866 Mithin muß sie vom Leibe unterschieden seyn?
1700 840 2495 905 Der Gegner macht wider diesen Schluß eine
1672 935 2491 983 wort, daß er das nie geläugnet habe, als wenn nich
1670 981 2498 1039 vielleicht das, was wir Denken nennen, durch etwar
1670 1017 2500 1069 von der groben Materie unterschiednes hervorgebrach
1666 1065 2493 1112 wäre. Die Lebensgeister, die so tausendfach abge
1666 1103 2504 1162 zogne, und durch mehr als chymische Operationen
1666 1142 2498 1207 geläuterte feinste Säfte des Gehirns vielleicht sind
1664 1190 2491 1233 das nicht die Werkzeuge der Gedanken? Sie sin
784 1231 2498 1282 um den Ungläubigen, der sich aus der Bibel nicht von der groben Materie unterschieden; und eben
1664 1274 2491 1319 weil diese grobe Materie bey einem sterbende
1659 1308 2498 1355 Schwindsüchtigen weggenommen wird, so hat die
817 1355 2498 1396 Der Feind also, den dieser Beweis treffen soll, ist ungleich feinere Materie, die nicht so gleich verdirbt,
1659 1396 2498 1444 sondern nur einen freyern Durchfluß und Cirken
784 1440 2498 1487 Materialist, oder ein Immaterialist, und glaubt also lauf im Gehirn erlangt, jene Lebhaftigkeit der Ge¬
784 1567 2500 1612 sell. In diesem Fall ist der Beweis für ihn gar wiesen? Das was der Ungläubige am liebsten
1649 1649 1931 1713 fahren wünschte.
1690 1670 2474 1741 Allein wir wollten dem Verfasser doch noch al
1655 1733 2478 1782 seinen höchsten Nöthen helfen, wenn nur das Exp
1642 1778 2487 1836 riment, welches er von seinen schwindsüchtigen Ster
1644 1815 2500 1862 benden anführt, so durchweg ausgemacht, und rich
778 1858 2487 1918 Einfachheit der Seele und der Unsterblichkeit über= tig wäre. Ist es denn immer so wahr, daß die
767 1894 2502 1939 haupt bewiesen hat? Was kann er doch wohl aus Leute sich so zu fühlen anfangen, als wenn eine
1642 1983 2470 2030 sie denn immer solche lebhafte Beyspiele von G
1642 2024 2480 2097 danken und sinnreichen Antworten? Sind die
1644 2069 2041 2125 Erfahrungen allgemein
1679 2084 2485 2170 Ich habe vor mein Theil eine Menge von Men¬
1644 2149 2493 2198 schen auch an der Schwindsucht sterben gesehen; al=
1640 2196 2487 2237 lein ich müßte wider meine Ohren und Augen lügen,
1636 2230 2485 2302 wenn ich hier mit Ja! antworten sollte. Zwar ei
1640 2278 2483 2327 nige, freilich, sind sinnreich und munter. Sie spre¬
1642 2321 2472 2364 chen mit Vernunft! Ein Baumgarten i
1640 2358 2478 2409 Frankfurt scherzte noch sehr unschuldig vor sei
1640 2396 2485 2455 nem Ende, da er versuchen wollte, in einem Buch
1627 2446 2472 2493 zu lesen: So weit, sagte er, ist Baumgarten her
1633 2483 2485 2530 unter gekommen, daß er nicht mehr deutsch lesen
1890 2528 2483 2586 Aber hat man denn nicht auch Bey=
1640 2530 1866 2580 kann! — —
1640 2567 2472 2636 spiele von solchen Leuten, die in hitzigen Krankyel
1629 2610 2483 2674 ten, oder vor Alter starben, daß sie noch zuletzt mun¬
1625 2646 2487 2726 ter und lebhaft dachten? Einige haben unter der
2396 2689 2487 2752 Hitz=
