2479 3213
528 417 952 502 Berlin, den 28. Jan.
332 566 1460 626 schahe ein gleiches bey Ihro Majest. der Königin. geboren worden.
328 609 1169 666 Gestern, des Abends, wurde im Opernhause das
319 643 1001 711 Singespiel, Lucius Papirius, aufgefuhrt.
522 696 966 749 Leipzig, den 16. Jan.
319 932 1162 1003 habe zween Gesellschafter und drey Bediente bey sich
317 977 441 1030 gehabt.
556 998 973 1081 Wien, den 11. Jan.
336 1179 1164 1228 nigl. Ungarischen St. Stephanordens allerhuldreichst
336 1262 1164 1311 Fürsten zu Löwenstein und Hohenlohe, wegen der
319 1343 1158 1396 prinzeßin zu Hohenlohe, gebornen Fürstin zu Löwen¬
334 1388 1158 1428 tein, hat bishero allhier viel Aufsehens gemacht.
336 1424 1150 1477 Injetzo ist selbige vor einer Kayserl. Königl Hof¬
336 1507 1147 1565 ende Herr Fürst zu Löwenstein die ganze Erbschaft
347 1748 1648 1795 ch die landesväterliche Sorgfalt und Gnade Sr. auf das deutlichste bezeichnete.
349 1790 1145 1837 dajest. des Kaysers, noch weit mehr, da Allerhöchst=
347 1833 1135 1875 eselben entschlossen seyn sollen, künftiges Frühjahr
349 1999 1135 2044 n Bezirk bey Schönbrun herum begnügen wollen.
1192 417 2031 496 sind, und die schwersten Lasten darüber fahren können.
370 451 2033 528 Sonntags des Mittags war bey Sr. Majest. dem In dem abgewichenen Jahr sind in hiesiger Stadt
321 515 2029 598 Könige, große Cour und Tafel, und des Abends ge= und Vorstädten 6150 Personen gestorben, und 6179
1330 585 1820 671 Coppenhagen, vom 14.
1218 630 2029 705 Zum größten Schmerz des Königl. Hauses, des
1186 683 2024 762 Hofes und aller getreuen Unterthanen, gefiel es dem
358 724 2027 779 Man siehet hier eine Nachricht, zufolge welcher unerforschlichen Gott, unsern huldreichsten König,
319 766 2022 822 der sogenante Prinz Carl, jüngster Sohn des Rit= Friedrich den fünften, diesen Vater des Vaterlandes
321 811 2029 854 ters von St. Georg, durch eine gewisse deutsche in der letzt abgewichenen Nacht, um 1½ Uhr, aus
334 852 2024 900 Stadt, wo er nur eine Nacht sich aufgehalten hat, diesem Leben zu sich in das unvergängliche abzufor¬
317 886 2024 937 nach Polen paßiret sey. Es wird hinzugefügt, er dern. Der bey dergleichen Sterbfallen hier gebräuch
1181 935 2031 988 lichen Gewohnheit zufolge, blieben diesen Morgen
1177 973 2029 1022 die Thore der Stadt geschlossen. Um 11 Uhr, Vor¬
1177 1011 2033 1069 mittags, begaben sich die vier Herren Geheimen Rä¬
349 1024 2024 1107 Se. Kaiserl. Majest. haben am verwichenen Frey= the, aus welchen das geheime Conseil besteht, auf
319 1092 2016 1143 tag in Dero Retirade dem Durchlauchtigsten Prin= den Altan vor dem Königl. Schlosse Christiansburg,
334 1135 2024 1188 zen, Albert von Sachsen, das große Creutz des Kö= wo der älteste unter denselben, Se. Excell. der Herr
1181 1190 2027 1228 Baron von Bernstorf, zu dreyen malen mit vernehm¬
336 1218 2016 1262 verliehen.  Die Erbschaftsstreitigkeit derer Herren licher Stimme ausrief: König Friedrich der Fünfte
1186 1258 2016 1309 ist gestorben; lange lebe König Christian der Sie¬
326 1296 2016 1350 ansehnlichen Verlassenschaft der verstorbenen Erb= bende! Zwischen jeder Ausrufung wurden die Pau¬
1177 1341 2012 1392 cken und Trompeten gerührt, und eine ungezählte
1177 1382 2018 1433 Menge anwesender Unterthanen wiederholete: Lange
1173 1422 2012 1473 lebe König Christian der Siebende! Nach diesem
336 1458 2010 1507 ommißion dahin verglichen worden, daß der regie¬ Ausruse traten Se. Majestät, König Christian der
1173 1501 2012 1560 Siebende, in Allerhöchster Person, auf den Altan her¬
334 1543 2007 1592 sehalt, und an seinen Herrn Tochtermann, den Erb= vor, und liessen Sich daselbst von Ihren Untertha=
334 1588 2010 1635 rinzen zu Schillingsfürst, 250000 Gulden hinaus, nen sehen, welche, von diesem milden Anblicke von
343 1628 2007 1680 zahlet. So viel Gutes man schon von denen um neuem belebt, ihr lange lebe König Christian der
336 1665 2005 1712 iesige Gegenden veranstalteten Jagden auf Seiten Siebende! mit einem solchem Laute wieder anstim¬
336 1707 2001 1782 er Landleute wirklich verspüret hat, so verspricht meten, welcher ihre aufrichtige Liebe und Devotion
1386 1765 1773 1850 Paris, den 13. Jan.
1196 1807 2003 1878 Obgleich sonst nach dem alten Hof=Ceremoniel der
347 1867 2005 1918 7 Meilen um hiesiege Residenzstadt alles Wild Dauphin, sogleich nach beyden Königl. Majestäten
347 1912 1988 1963 eder zu schiessen, das Gehege einstellen zu lassen. seinen Rang behauptet: so haben dennoch Se. Maj
347 1950 2001 2003 d sich mit dem Gehege im Prader und einem klei= aus zärtlicher Achtung für die Dauphine Höchstdero¬
1156 1995 1997 2044 selben den Vorsitz vor den Hrn. Dauphin zugestan=
362 2031 1993 2084 nen Waldämtern soll hierüber nächstens der wei= den. Der Herr Johann Jacob Rousseau ist nach
349 2076 1997 2122 e Befehl zugefertiget werden. In allen Tanzsä= London abgereiset, sobald die vom Ministerio ihm
343 2118 1993 2165 und Wirthshäusern vor der Stadt ist die Musik vergönnte Dilation seines Decrets abgelaufen war.
349 2156 1999 2212 eder erlaubet worden, in der Stadt aber nicht, Er hat bey der Marquisin von Boufleurs logiret,
356 2201 1988 2250 h sollen die förmlichen Balls noch verboten blei- und seine Thüre ist gleichsam von allen Leuten bela
347 2242 1995 2297 1. Am 6ten dieses hat der Hoch= und Wohlgebor= gert gewesen, welche ihn zu sehen verlanget. Es
351 2276 1995 2327 Herr, Herr Johann Wilhelm, des heiligen Römi= haben ihn zwar seine Feinde, wegen seiner Armenia¬
362 2322 1988 2367 n Reichs Erbschatzmeister, Graf und Herr von nischen Kleidung, als einen Sonderling verhaßt zu
356 2361 1982 2405 nzendorf rc. Sr. Römischkayserl. Majestät Käm= machen gesucht, allein er antwortet hierauf, daß er
358 2401 1988 2446 er, wirklicher geheimer Rath und Ritter des gol-gleich Anfangs diese Art Kleidung um sich darunter
358 2444 1980 2491 en Vliesses, das Zeitliche allhier mit dem Ewigen desto sicherer verbergen zu können erwählet, und daß
349 2482 1986 2531 wechselt. Die Kälte ist hier seit 8 Tagen so er sie fernerhin, wegen ihrer vorzüglichen Bequem¬
347 2518 1984 2569 serordentlich groß, daß nicht allein der die Leopold- lichkeit beyzubehalten gesonnen wäre. Vorgestern
343 2561 1995 2618 dt von der Stadt scheidende Donauarm, sondern sind die Schaubühnen wieder geöfnet worden, und
358 2603 1984 2669 der Hauptstrom selbst völlig mit Eis bedecket die vorige Nacht ist in dem Opernhause ein Ball ge¬
1867 2650 1978 2706 halten
