2479 3213
323 397 1160 484 bauen will, und die gegenwärtige Casualpredigten
319 474 1150 527 unterscheiden sich von unendlich vielen ihrer Art, die
325 508 1156 565 kaum die Gelegenheit überleben, bey welcher sie das
321 552 1156 616 Licht der Welt erblickt haben. Wir bescheiden uns
317 591 1164 644 und zwar des Greuels der Verwüstung wegen, wel¬
321 644 1156 695 cher unser geliebtes Königsberg betroffen hat, sonst
319 669 1158 725 hatten wir z. E. Ursache genug in Händen von den mei=
323 716 1156 790 sten der allhier herausgekommenen Feuerpredigten zu
1182 393 2029 489 behaupten, daß sie fast so elend als der Brand selber
1179 463 2034 527 gewesen. Die Abschiedspredigt in Berlin ist über
1177 514 2029 565 das ordentliche Evangelium am 23ten Sonntage
1186 552 2036 608 nach Trinitatis. Die Antritspredigt ist allhier am
1182 582 2032 646 ersten Weihnachtsfeyertage über das Festevangelium
1179 629 2032 695 gehalten. Kosten in den Kanterschen Buchhandlun=
1179 680 1840 740 gen gebunden 18 gr. ungebunden 15 gr.
514 812 948 873 Berlin, den 22. Febr.
353 837 1169 905 Aus Cleve wird gemeldet, daß in der den 3ten die¬
323 873 1162 960 ses angefangenen Ziehung der 4ten Classe Clevischer
323 937 1164 994 Landeslotterie bereits Gewinnste von 16000 Fl.
317 980 1158 1035 8000 Fl. und 4000 Fl. ausgezogen sind, und ist der
325 1020 1158 1096 iste davon dem Magistrat zu Magdeburg zugefallen.
552 1065 926 1124 Wien, den 1. Febr.
353 1092 1158 1164 Se. Majestät, der Kaiser, haben eine Untersu¬
323 1118 1164 1188 chung anstellen lassen, welchen Nutzen die Rechen¬
323 1182 1162 1230 kammer seit ihrer Errichtung geschaft, und dagegen
321 1220 1162 1290 die Bilanz ziehen lassen, was sie jährlich gekostet
323 1260 1162 1326 hat. Dadurch hat sichs gezeigt, daß sie dem aller¬
323 1300 1160 1352 höchsten Aerario zum Nachtheil gereiche. Ihr künf¬
317 1352 1162 1402 tiges Schicksal stehet also zu erwarten. Ob gleich
323 1390 1160 1436 wenige Hofnung vorhanden ist, daß die zwischen
323 1424 1162 1479 Schlesien und den Oesterreichischen Staaten gesperr=
323 1470 1160 1528 te Handlung so bald wieder eröfnet werden dürfte;
325 1504 1162 1558 so bemerket man doch eine besondere Eintracht zwi¬
321 1547 1164 1604 schen dem hier residirenden Kön. Preußischen Mi¬
325 1587 1156 1643 nister, Freyherrn von Rodt, und dem hiesigen Mini¬
323 1626 1164 1681 sterio. Die Unterredungen zwischen dem Fürsten von
325 1674 1156 1721 Kaunitz und dem Königl. Preußischen Minister fan=
323 1715 1156 1760 gen auch wieder an, sehr zahlreich zu werden. Der
323 1753 1156 1815 Rußische Minister, Fürst Galliczin, ist fast allemal
323 1791 1162 1855 dabey. Nach geendigter Conferenz, bleiben beyde
325 1830 1162 1912 Herren fast für ordentlich an der Tafel des Fürsten
319 1864 525 1955 von Kaunitz.
510 1906 967 1968 Leipzig, vom 17. Febr.
361 1925 1156 2017 Die zu Hamburg durch rühmliche Verfügung des
323 2032 1160 2091 jetzigen rauhen Winterszeit am 2ten Sonntage nach
329 2076 1152 2127 Epiphanias in allen Kirchen gesammleten Collecten
325 2119 1855 2187 gelder haben eine Summe von 7012 Mark 15 Schil= bezogen, um den Priesterstand anzutreten.
323 2155 1152 2221 unge ausgemacht. Das Ordenszeichen des neuen
332 2195 1160 2267 Kaiserl. Frauensstifts zu Prag, wovon Ihro Königl.
323 2274 1152 2331 gleichet einem Creutz, worauf an der einen Seite
321 2350 1152 2431 dern Seite der Name Maria Theresia zu lesen, und
332 2395 886 2471 ist von Gold mit Brillanten besetzt.
463 2440 999 2503 Copenhagen, vom 8 Febr.
359 2465 1158 2544 Se. Majestät, der König, haben den Herrn Ge¬
327 2510 1158 2586 neral=Feldmarschall, Grafen von St. Germain, vom
325 2554 1154 2658 Frasidio im General=Kriegs=Directorio dispensiret,
1188 805 2036 863 im General=Commando der Armee aber in Gnaden
1188 854 2027 899 bestätiget. Zur Beysetzung der Leiche des Höchstsel.
1192 897 2032 954 Königs Majestät ist noch kein Tag bestimmet, doch
1194 931 2027 994 glaubt man mit den prächtigen Anstalten, welche da=
1188 978 2025 1031 zu gemacht werden, noch vor der stillen Woche fertig
1192 1026 2032 1073 zu seyn. Vorgestern, den 5ten dieses, war allhier
1188 1052 2027 1111 die Kälte so stark, daß das Thermometer von Reau¬
1186 1099 2034 1156 mur bis den 9ten Grad unter dem Gefrierpunct ge¬
1188 1143 1915 1201 fallen war; seit dem stehet es auf 5 ½/ Grad.
1400 1182 1804 1237 Paris, den 3. Febr.
1230 1194 2027 1271 Die mit dem letzten Courier aus Bretagne einge¬
1179 1262 2029 1318 gangene Depeschen müssen von Wichtigkeit gewesen
1192 1303 2032 1354 seyn, weil am ersten dieses zu Marly, woselbst Sich
1192 1343 2029 1390 des Königs Majestat befanden, über derselben In¬
1182 1383 2034 1436 halt eine ausserordentliche Rathsversammlung gehal¬
1182 1426 2032 1470 ten worden. Inzwischen vernimmt man, daß das
1192 1464 2027 1513 Regiment Cambresis, und andere Truppen, welche
1182 1509 2029 1558 ihre Standquartiere in gedachter Provinz haben, in
1194 1547 2019 1596 steter Bewegung sind, auch ein starkes Commande
1192 1587 2034 1636 sich nach St. Malo erhoben hat, welches auf die Be¬
1188 1630 2027 1679 fehio der sich daselbst befindlichen Commißion fertig
1188 1666 2027 1717 stehen soll. Der einzige Anblick dieser Commißion
1188 1708 2027 1755 scheint St. Malo mit Schauern und Schrecken er=
1192 1749 2032 1798 füllet zu haben. Kaum ist sie daselbst angelangt ge=
1186 1789 2019 1836 wesen, so hat sich der dortige Stadtmagistrat ver
1186 1830 2027 1881 sammlet, und beschlossen, daß bey so trauriger
1186 1872 2027 1919 Lage der Sachen weder Ball, noch einige andere
1186 1915 2019 1961 Freudensbezeugungen, sogar keine Gastmähler noch
1182 1953 2025 2006 Privatzusammenkünfte, während der Fastnachtszeit,
329 1972 2034 2040 Magistrats, zur Unterstützung der Armuth bey der gehalten werden sollten. Der ehemalige General¬
1179 2034 2032 2093 controlleur der Finanzen, Herr von Silhuette, hat
1186 2078 2025 2134 alle Weltgeschäfte niedergelegt und ein Seminarium
1218 2150 2027 2204 Am 16ten dieses hat das Parlament von Bretagne,
1177 2206 2027 2252 welches theiks aus solchen Beamten, die ihre Stelle
325 2238 2025 2282 desheit, die Erzherzogin Maria Anna, Aebtißin ist, nicht, und theils solchen, die ihre Stelle aufgegeben
1182 2280 2025 2331 hatten, und welche mit ihnen auf Befehl des Königs
329 2316 2017 2367 das Bildniß der Empfängniß Mariä, auf der an= dieselbe wieder angetreten haben, bestand, offene Brie
1175 2361 2025 2416 fe Sr. Maj. vom 9ten desselben Monats registrirt
1177 2403 2027 2450 um ihre gewöhnliche Verrichtungen wieder zu über¬
1179 2442 2027 2497 nehmen. Selbigen Tages hat diese Gesellschaft die
1182 2482 2025 2533 offenen Briefe in Ueberlegung genommen, worin ihr
1179 2520 2029 2578 befohlen ist, ohne Aufschub und so gar währender
1179 2567 2027 2648 Ferien mit Vollführung und Beurtheilung des pein¬
1923 2605 2027 2675 lichen
