2663 3213
765 418 2487 497 wahr halten, gemäß ist, und aus derselben herge= der Vorurtheile zu tragen? Bis §. 50. beweißt er
776 480 1621 523 leitet werden kann ist wahr, was ihr aber wider¬
776 562 1631 607 andrer Sitten und Gewohnheiten. Dieses Vorur¬
770 605 1619 650 theil kann von Rednern und Dichtern zum Wahr
776 647 1627 697 scheinlichmachen sehr genutzt werden. Bis §. 28.
774 688 1629 735 wird dieses alles weitläuftig bewiesen und erlautert.
774 729 1631 776 §. 28. redet der Autor von den Schwierigkeiten alle
767 774 1621 825 Vorurtheile zu vermeiden, hauptsächlich weil es so
778 812 1634 862 schwer ist sie zu erkennen, und schlägt als Mittel wi¬
767 853 1627 905 der das Grundvortheil der Erfahrungserkenntniß
770 898 2482 939 vor, 1) Man lerne die Natur seiner Sinne und Satz: Daß, wann ein Mensch eine Wahrheit er
776 939 1627 984 Empfindungen 2) die Natur der Gegenstände die
770 984 2487 1025 wir empfinden durch Erfahrung der Vernunft ge= der Zeit in seiner Erkenntniß aufführt, er mag nun
767 1025 1619 1065 nauer kennen. 3) Suche man sich zu überzeugen
774 1065 1629 1108 daß wir aus unsern Empfindungen niemals anders
770 1106 1627 1151 den Gegenstand zuverlaßig errathen können, als
778 1149 1623 1198 durch einen sehr behutsamen und genau überlegten
770 1190 1621 1235 Schluß von der Wirkung auf die wirkende Ursache,
770 1226 1627 1280 welches aber vielen Schwierigkeiten unterworfen ist,
767 1273 2482 1314 die man p. 62 = 64 detaillirt findet. 4) Setze man tigen Auszug geliefert, so wollen wir unsern Lesern
774 1312 1621 1370 die Beweise aus der Erfahrung jedesmal so lange
778 1357 1627 1406 fort, bis man endlich auf ein anschauendes Urtheil
767 1398 1619 1441 oder eine Empfindung kommt, die nichts als eine
774 1438 1619 1483 bloße Empfindung und mit keinen andern Vorstel¬
774 1479 1621 1531 lungen vermengt und vereinbart ist. §. 34. enthält
770 1522 1621 1567 ein Mittel gegen die Grundvorurtheile der Ver¬
763 1561 1629 1614 nunftserkenntniß, man soll gleichsam von vorne an
763 1601 1621 1655 zu denken anfangen. §. 35. lehrt den Nutzen, den
761 1649 1621 1698 die Ontologie hiebey verschafft. §. 36. heißt es:
767 1687 1619 1739 die Grundvorurtheile der menschlichen Erkenntniß
761 1730 1621 1779 können nicht leichter verhütet werden als in der ab¬
767 1771 1612 1822 strakten vernünftigen und gelehrten Erkenntniß.
759 1818 1614 1859 §. 39. daß man mit dem Worte bon sens, und den
763 1854 1612 1902 Urtheilen die man durch ihn fällt, behutsam gehen
759 1897 1614 1944 müßte. Im 40ten und folgenden §§. zeigt der Herr
763 1938 1619 1987 Professor daß die Vorurtheile in der Erkenntniß der
761 1979 1616 2030 meisten Menschen, und im größten Theil der Er¬
752 2024 1606 2075 kenntniß aller Menschen, eine solche natürliche Noth¬
761 2062 1610 2112 wendigkeit haben, daß sie nicht vermieden werden
759 2105 1606 2150 können, welches der Autor aus der Natur der Er¬
761 2144 1610 2193 ziehung, Nation rc. herleitet. Die Gelehrten sind
759 2191 1604 2238 diesem Schicksal eben unterworfen, weil 1) nicht
761 2221 2474 2277 jeder Gelehrter ein ächter Gelehrter ist. 2) Ein gen wollte. Es haben sich verschiedne bereits an
752 2275 1604 2317 ächter Gelehrter ausser der Gelehrsamkeit eine unend¬
752 2315 1604 2360 liche Menge andrer Vorstellungen und Erkenntnisse
752 2358 1597 2410 die nicht zur Gelehrsamkett gehören, hat. 3) Eh
759 2399 1604 2446 er ein ächter Gelehrter geworden, vorher schon eine
752 2440 1608 2487 Fertigkeit nach den Grundvorurtheilen zu denken ge¬
748 2482 1606 2532 habt hat. 4) Weil in der menschlichen Seele be¬
755 2527 1610 2581 ständig eine große Menge dunkler Voustallungen an¬
748 2566 1528 2622 getroffen wird, welcher sie sich nicht bewußt ist.
744 2643 1601 2710 ob es vernunftmäßig sey gleichsam geduldig das Joch
1651 478 2487 527 daß es oft sehr vernünftig sey, denjenigen Fleiß
778 523 2491 572 spricht, ist falsch. Hieraus entspringt der Tadel über unterlassen, ohne den kein Vorurtheil verhütet wer¬
1651 564 2495 609 den kann, und sich also in ein Vorurtheil zu stürzen,
1657 605 2491 671 so wie es bisweilen kein Betrug oder Unreblichken
1655 650 2478 699 seyn kann, wenn man einen in einem alten Voru
1657 697 2279 755 theil läßt, oder ihn gar darin bestärkt.
1685 718 2487 785 §. 52. Widerlegt Herr M. diejenigen die etwa
1655 767 2489 849 glauben möchten, daß diese Lehre von den Vorurthei
1651 821 2302 870 len zum Scepticismus verleiten könnte.
1706 847 2487 907 In den letzten §§. redt der Verfasser über den
1649 937 2482 988 kennt, oder wenn er ein richtiges Lehrgebaude mi
1649 1027 2487 1072 diese Wahrheit selbst erfinden, oder von andern ler=
1655 1070 2485 1113 nen, die Erlangung dieser schätzbaren Vollkommen
1649 1108 2476 1155 heit allein oder fürnemlich seinem guten Glück zuzu
1655 1151 2478 1211 schreiben sey, welchen er auch auf die Religion, Sit
1655 1192 1942 1254 ten rc. ausdehnt.
1687 1207 2482 1291 Da wir von diesen Beyträgen einen so weitläuf
1642 1314 2482 1366 das Urtheil überlassen, ob der Hallische Polygrap)
1655 1357 2480 1423 sich um diese Materie verdient gemacht, oder ob seit
1649 1400 2482 1447 Gedanke, manches Neue hierüber gesagt zu haben,
1642 1445 2470 1501 nicht auch ein Vorurtheil sey, von dem er schon
1644 1486 2234 1548 andern Fällen Proben abgelegt hat.
1685 1531 2470 1599 Kosten in den Kanterschen Buchhandlungen 21 9
1906 1670 2238 1754 Leipzig. 1765.
1679 1730 2480 1792 Allgemeine Weltgeschichte von der Schöpfung an
1640 1784 2476 1833 bis auf gegenwärtige Zeit, ausgefertigt von Guthri
1636 1835 2472 1876 und Gray, aus dem Englischen übersetzt, und durd
1640 1871 2470 1940 Herrn P. Heyne berichtigt und mit Anmerkungen
1636 1908 2054 1972 versehen. Erster Theil.
1679 1964 2472 2015 Man müste von dem Nutzen, und dem angeneh
1634 2002 2467 2060 men einer allgemeinen Geschichte, und den unendli
1636 2054 2470 2109 chen Schwierigkeiten sie gut zu verfassen keinen Be=
1640 2097 2474 2148 grif haben, wenn man nicht denjenigen die uns der
1634 2137 2470 2184 gleichen zu liefern unternommen, selbst wenn ihnen
1636 2176 2470 2232 ihr Vorhaben nicht völlig geglückt ist, viel Dank sa
1634 2260 2472 2305 ein sollches Werk gewagt, einige machten es zu weit
1634 2305 2470 2345 läuftig, und für den größten Theil der Leser un¬
1629 2347 2455 2386 brauchbar, andre lieferten kindische Compendia -
1629 2377 2476 2455 Bassait wird den meisten zu rednerisch und zu wenig
1629 2422 1927 2489 historisch scheinen.
1666 2457 2463 2523 Die Verfasser gegenwärtiger Geschichte haben sich
1629 2519 2470 2572 bemüht die allgemeine Geschichte aus dem schicklich¬
1627 2566 2472 2609 sten Gesichtspunkte anzusehen, und zu schreiben.
789 2603 2461 2656 Nunmehro wirft Herr M. §. 48. die Frage auf: Man findet in diesem Theile, der sich mit Jerusa
1627 2641 2472 2716 lems Eroberung vom Titus, schließt, keine gewagt=
