2479 3213
347 405 1200 484 Hitze Verse gemacht, und sind das ohne Mühe ge¬
355 457 1194 515 worden, was sie vielleicht im Leben nicht durch die
355 494 1190 563 Kunst werden konnten. Der ehrliche Alte, der gleich
359 540 1183 602 sam nur vor Alter stirbt, oder weil er aufhört, zi
355 586 1190 650 leden, wie oft segnet er nicht seine Kinder mit allen
353 631 1150 698 emphatischen Feyerlichkeiten der Gottseligkeit,
353 671 1192 723 spricht — kehrt sich um, und stirbt? Bey diesen
353 710 1186 777 arten von Sterbenden wurde nun jene grobe Mate
355 750 1194 814 die nicht weggenommen, und sie thaten doch dasselbe,
355 793 1186 860 was der Verfasser blos von denen Schwindsüchtigen
347 833 1190 899 demerkt haben will. Kann also wohl aus der Ab¬
351 878 1190 947 nahme oder Nichtabnahme der Leibeskräfte und der
355 918 1190 999 dabey sich äussernden Situation der Seele ein sichrer
351 961 747 1028 Schluß gemacht werden?
384 1009 1186 1071 Dies erhellet noch mehr daraus, daß die Aerzte
345 1036 1186 1109 nicht nur es behaupten sondern auch die Erfahrung
353 1088 1186 1159 meistentheils es bestätigt, daß die meiste Schwind¬
353 1125 1181 1188 sächtige vor ihrem Tode gleichfals phantasiren, und
353 1171 1181 1240 dine starke Verwirrung der Seele an den Tag legen,
353 1210 1173 1281 oo gleich, wie unser Verfasser sagt, die grobe Ma
359 1256 1179 1329 terie von ihnen genommen wird. Wenn nun der
361 1294 1186 1368 angläubige zum Unglück blos solche Sterbende ken¬
361 1341 1179 1408 nen lernt: so wird er wohl umgekehrt schliessen:
353 1374 1177 1453 Sehet hier! je nachdem der Körper abnimmt: so ge=
359 1424 1188 1480 taty alles, auch das, was wir Denken heissen, in
1225 413 2076 473 Confusion. Sieht er aber etwa gleich einen Ster¬
1227 465 2078 517 benden, der sich so leicht findet, je näher er dem letz¬
1219 509 2078 554 ten Schritt kömmt: so müßte er wohl ein wenig zu
1227 548 2076 600 seicht philosophiren, wenn er aus diesem Gefühl der
1219 590 2072 637 Leichtigkeit auf eine Unsterblichkeit der Seele schliessen
1221 633 2076 679 wollte. Was auch alsdenn diese Leichtigkeit für eine
1219 673 2078 745 Quelle haben mag; so darf es doch nicht die Seele
1358 718 2066 764 Vielleicht schlafen die Empfindungen, oder
1227 720 1329 772 seyn.
1221 756 2064 822 die schmerzhaft gerührte Sehnen werden matt,
1221 799 1846 866 Dies macht leicht, ruhig und heiter.
1254 830 2072 891 Man halte uns nicht für Leute, die deshalb, weil
1219 880 2078 930 wir hier einen stümperhaften Beweis entkräftet ha¬
1219 920 2068 976 ben, etwa keine beßre Beweise für die wichtigste Leh¬
1221 970 2070 1013 re von der Welt wüßten. Vielleicht zu einer andern
1213 1009 2064 1061 Zeit wollen wir Einen in diesen Blättern anführen,
1215 1049 2064 1096 der noch bisher wenig gebraucht ist. Der Ungläu¬
1215 1084 2064 1144 bige ist ein durch sich selbst gestraftes Geschöpf. Wir
1219 1129 2062 1183 dörfen ihn dadurch nicht noch elender machen, daß
1213 1169 2062 1229 wir ihm etwas als einen Beweis vorlegen, wodurch
1215 1217 2074 1269 er zum Lachen, und zur Beleidigung der Wahrheit,
1206 1264 2064 1314 gebracht wird. Wir müssen uns niemals in die ge¬
1213 1300 2062 1354 fährliche Lage setzen, worin er sich einer Schwach¬
1210 1343 2064 1401 heit zu uns versehen muß. Wenn wir ihn nicht
1206 1383 2066 1460 recht überzeugen können: so wollen wir ihn doch auch
1935 1424 2024 1482 Rs.
1213 1433 1586 1485 nicht falsch überzeugen.
544 1528 968 1590 Berlin, den 8. April.
392 1559 1179 1632 Se. Majestät, der König, haben allergnädigst ge¬
386 1603 1179 1655 her, Höchstdero Residenten zu Danzig, den Herrn
386 1655 1183 1703 ant, wegen seines bishero bezeigten Diensteifers,
374 1690 1181 1759 a Dero Legationsrath zu ernennen. Gestern, des
370 1723 1173 1798 Nrachmittags, geschahe die neun und dreyßigste öf
370 1771 1177 1840 entliche Ziehung der Königl. Preuß. Lotterie, auf
370 1813 1167 1883 sen Berlinischen Rathhause. Die fünf Nummern
370 1852 1177 1925 deiche herausgezogen wurden und gewonnen haben,
370 1891 926 1962 und folgende: 68. 10. 21. 89. 74.
475 1941 1030 1999 Regensburg, den 27 März.
394 1970 1173 2039 Der neulich vermeldeten Nachricht, als ob des
394 2020 1177 2078 inzen von Parma Königl. Hoheit mit Tode abge¬
392 2070 1179 2134 gen, wird dermalen, so gewiß sie auch jüngsthin
386 2147 478 2207 ochen.
525 2182 982 2259 London, den 26. März.
413 2215 1173 2303 tan vernimmt, daß, wie ohnlängst die Sache von
394 2319 1173 2386 gemacht worden, nicht allein einige Lords sich der=
370 2344 1179 2427 den kraftigst widersetzt, sondern auch eine förmliche
386 2390 1165 2467 otestation gethan haben, worin sie die Ursachen ih
370 2425 1173 2510 Weigerung, nebst den nachtheiligen Folgen angefüh=
370 2471 1165 2548 welche daraus entstehen könnten, wenn man durch
370 2510 1173 2591 eolches Exempel das Recht der Krone und des Par=
359 2556 1169 2637 eents von Großbritannien, die Colonien mit Auf=
372 2593 1171 2693 gen zu belegen, vergäbe. Die letzten Briefe von
1206 1499 2062 1576 Neu=York, vom 21sten Januar, welche hier den
1210 1572 2062 1619 14ten dieses, Abends, nebst mehrern aus andern
1206 1613 2066 1661 Theilen des vesten Landes von Amerika, eingegangen
1213 1653 2064 1700 sind, haben unter andern die sichere Nachricht mitge¬
1210 1694 2066 1738 bracht: "daß die vornehmsten Kaufleute, und viele
1219 1732 2060 1781 andere angesehene Personen, den einmüthigen Ent¬
1227 1771 2062 1829 'schluß genommen hätten, sich der Stempelacte aus
1210 1815 2049 1862 "allen Kräften zu widersetzen, und dabey Gut und
1227 1862 1536 1916 Blut zu wagen rc.
1613 1862 2062 1921 Nach der Befriedigung der
1206 1900 2055 1954 Amerikaner, deretwegen man, nächst dem Hrn. Pitt,
1200 1945 2051 1993 das Ministerium mit den größten Lobsprüchen belegt,
1200 1983 2051 2035 ist nun dieses auch, wie es heißt, Vorhabens, die letzte
1204 2028 2055 2074 Auflage auf das Bier, die hier ein so allgemeines
1200 2070 2051 2122 Murren verursachet hat, abzuschaffen. Hierzu kommt
386 2107 2051 2184 n verschiedenen Orten angegeben worden, wider= noch ein anderer beliebter Gegenstand seiner Sorgfalt,
1198 2155 2051 2199 nemlich die Nachsehung und Verbesserung der Accisege=
1206 2199 2051 2244 setze. Diese Revision der Accisegesetze wird sich auch
1194 2236 2045 2286 über alle andere Gesetze, welche die Rechte und Freyhei¬
409 2271 2051 2352 Widerrufung der Stempelacte in dem Oberhause ten der Unterthanen einigermassen verletzen, erstrecken.
1437 2319 1819 2377 Cadix, den 28. Febr.
1237 2334 2051 2408 Seit vielen Jahren haben wir keinen so scharfen
1194 2402 2053 2454 Winter gehabt, als der itzige bisher gewesen ist. Eis
1194 2442 2053 2492 und Schnee zu Cadix zu sehen, ist sonst etwas seltenes.
1200 2485 2045 2533 Diesesmal ist solches in grosser Menge hier gewesen;
1192 2531 2053 2577 und noch häufiger hat es ausserhalb der Stadt gele¬
1188 2560 2047 2626 gen. Den 20sten dieses hatten wir einen Sturm,
1194 2610 2055 2691 der von Mitternacht bis zum Morgen währte, 6 Schiffe
1900 2653 2039 2720 scheitern
