2663 3213
781 407 1643 467 auch der Sachen und der Kunstwörter in beyden
785 454 1633 508 Sprachen ankömmt. Und wo sind hierzu vollständige
785 496 1632 544 Wörterbücher? Allerdings muß hier der Uebersetzer
782 544 1634 586 mit den Kunstverständigen gemeinschaftliche Sache
781 582 1643 635 machen und wenigstens in seinen Kunstwörtern be¬
785 627 1637 666 wandert seyn. "Diejenigen, welche in Zukunft die
784 667 1643 715 Hand an ein französisches=deutsches Wörterbuch le¬
784 714 1644 766 gen, schreibt Hr. D. S., und die Kunstwörter in
785 750 1643 795 Handwerken und Künsten einrücken wollen, werden
782 786 1644 845 in diesen Abhandlungen der Königl. Akademie Stof
782 833 1639 880 finden, ein solch Wörterbuch ansehnlich zu vermehren
782 875 1639 920 und brauchbarer zu machen als alle bisherigen. Ein
788 918 1648 964 neuer Vortheil, den wir auch der Uebersetzung zuzu¬
787 959 1642 1016 schreiben und ihr zu verdanken haben werden, daß
789 1002 1643 1055 sie zum Reichthum der Sprache mit Beytrag ge¬
782 1042 1648 1101 than, der Uebersetzer ist der Candidat der Medi¬
788 1082 1646 1128 cin, Herr Klinghammer, welcher sich bereits
791 1128 1645 1180 durch Schriften als einen geschickten Mineralogen
791 1167 1637 1213 und Chemisten bekannt gemacht hat. Der Herr D.
793 1209 1636 1259 haben seine Arbeiten nochmals mit den Originalen
794 1253 1643 1302 verglichen und Anmerkungen über die Stücke selbst
788 1292 1643 1342 hinzugefügt. Das Wort Limasse, das sonst eine
788 1338 1643 1381 Schnecke ohne Haus bedeutet, ist auf der 237 S.
791 1375 1643 1422 unübersetzt geblieben, weil, was an diesem Ort darun¬
791 1420 1643 1467 ter zu verstehen sey, weder durch ein Wörterbuch
788 1458 1643 1504 noch sonst herauszubringen gewesen. Limasse be¬
788 1504 1643 1547 deutet indessen schon in Frischens Dictionaire nicht
785 1542 1645 1594 nur eine Schnecke, sondern auch eine Drehpumpe.
789 1582 1639 1638 (cochlea Archimedis) Da bey dem Tuchmachen die
789 1630 1639 1682 Rede von einer Limasse ist, die über das Tuch gehet
782 1670 1636 1722 und nicht Flecken nachlassen soll, so kann es vermuth=
788 1709 1636 1752 lich ein Werkzeug seyn, welches mit jenem einige
784 1752 1639 1806 Aehnlichkeit haben möchte. Sollte dieses den Tuch¬
782 1793 1641 1852 machern unbekannt seyn, daß man ihre Erfahrung
791 1831 1310 1892 hiebey nicht anwenden können?
826 1873 1639 1938 Es enthält dieser Theil erstlich die Kunst, Meßing
782 1927 1643 1974 zu machen von Herrn Gallon, nebst der Beschrei¬
782 1963 1641 2021 bung einiger Kupferhämmer in Frankreich; 2tens
785 2009 1632 2052 des Herrn Du Hamel de Monceau Tuchmacher=
785 2052 1639 2104 kunst vornehmlich in feinen Tüchern. Von der Fe¬
777 2090 1630 2137 der dieses berühmten Mannes ist alles Kern und
782 2136 1631 2188 wohl ausgearbeitet. 3tens die Lohgerberkunst von
785 2175 1632 2218 Herrn de la Lande. Seine Abhandlung hat, wie
775 2220 1631 2278 die Vorrede meldet, Kritik gelitten, aber er ist bereit
779 2262 1631 2316 mit dem Hiob nach S. 320 sich gern unterichten zu
777 2305 1629 2362 lassen. Vielleicht nutzet man jene in der Fortsetzung
777 2345 1621 2391 unsers Werkes, welches mit immer wichtigeren Ge¬
772 2387 1628 2433 genständen den Schauplatz besetzen und das Auge
773 2425 1340 2484 des Künstlers auf sich ziehen wird.
815 2453 1624 2514 Der Band ist gegen 3 Alphabete stark und jede
770 2509 1624 2551 beschriebene Kunst hat ihre reichliche Lage von dien¬
770 2552 1631 2598 lichen Kupfern. Kostet in den Kanterschen Buch¬
769 2590 1090 2663 handlungen 12 fl.
1860 388 2346 490 Bamberg und Leipzig.
1705 470 2511 558 Neues Handbuch für Künstler auf alle fast nur
1675 534 2502 597 ordentliche Fälle eingerichtet, bey T. Göbhardl,
1678 602 2347 674 1765. aus dem Französischen übersetzt-
1755 676 2495 733 Hum! aus dem Französischen übersetzt?
1672 706 2499 766 Mein guter Herr Tausendkunstler! diese Mast
1666 748 2502 807 war nicht nöthig. Es fehlte nur noch, daß sie auch
1682 798 2512 859 ihre Vorrede aus dem Französischen übersetzt ausge
1675 838 2506 893 geben hatten. Wer ihnen recht in die Augen siehn
1672 879 2509 929 der merckt wohl, daß sie ein ehrlicher Franke oder
1678 920 2509 970 Schwabe sind, der ein altes Kunsträdlein oder
1675 966 2507 1023 dergleichen herumlaufenden Nürnbergerkram wieder
1672 1003 2502 1064 aufgelegt, und die alte schlechte Sprache sowohl als
1672 1045 2506 1115 Orthographie glücklich beybehalten hat. Inzwischen
1674 1090 2502 1139 weil manches französischen Kunstlers Kunststück mi
1682 1130 2499 1180 darinnen paradiren muß, z. E. S. 179. erster Thei
1672 1175 2506 1237 der Seifen Borax aus Lyon, so heißt es aus dem
1682 1206 2514 1277 Französischen übersetzt. Wir wissen zwar nicht, oo
1675 1253 2500 1304 dieses eben deutsche Künstler überreden wird, groß
1682 1299 2499 1348 Geheimnisse hier aufzusuchen; wir können aus
1672 1337 2509 1400 nicht versichern, ob man unter alle diese Recepte das
1682 1375 2512 1446 probatum est schreiben könne: indessen mögen Kunst=
1678 1421 2503 1483 verständige unter diesem Vorrath von Angaben, be=
1678 1466 2496 1514 sonders zu Farben, Lacken und Firnissen sich das de
1675 1507 2500 1565 liebige aussuchen und ihr Heil probiren; vielleicht
1672 1547 2499 1602 geräth eins oder das andere. Es wird genug seyn
1672 1589 2502 1641 zur Probe ein Kunststückchen ganz genau hinzusetzen,
1675 1630 2502 1684 das eben nicht ein Arcanum ist, dessen sich jedoch
1675 1673 2496 1730 Hohe und Niedrige, Gelehrte und Verliebte bedie
1668 1716 2461 1776 nen können, wofern ihnen daran gelegen ist
1666 1752 2499 1801 Weisse Schrift, die man auf weisen Papier nich
1675 1800 2500 1849 sehen oder lesen kann, man ziehe es dann durch ein
1675 1836 2500 1885 lauter Wasser — Nihm schönen lautern Alaun, zer
1678 1880 2506 1945 stoße den und beule das Pulver, daß es zart seye
1666 1921 2502 1982 thue das Pulver in ein sauber Sacklein, geuß fen
1669 1966 2502 2023 sches Wasser daran, doch mache es nicht zu dünn,
1666 2007 2494 2054 nihm dann eine frische neugeschnittene Feder, und
1666 2047 2497 2103 schreibe aus dem Wasser auf das Pappier was du
1663 2088 2496 2135 willst, und lasse es trocken werden, wer es darnach
1663 2132 2496 2177 lesen will, der lege den Brief in ein breites Becken
1660 2170 2499 2235 mit frischen Wasser, und lasse es darinnen liegen, so
1669 2216 2484 2276 fährts in einer Viertelstunde an, sich selbsten mi
1663 2252 2490 2318 Schriften in Wasser herfür zu thun, weiß auf weiß
1660 2296 2499 2360 daß es ein jeder Verständiger lesen kann. Wann
1655 2340 2485 2382 man mit Eyerweiß schreibet, so kann man es auch
1653 2379 2483 2436 nicht sehen, man zeucht es dann durch ein Wasser¬
1657 2414 2490 2474 Die Tinte kann sich jeder selbst machen, beyde Theile
1659 2463 2482 2540 aber des Werks kosten in den Kanterschen Buchhand
1653 2507 1882 2591 lungen 6 fl.
