<?xml version="1.0" encoding="UTF-8" standalone="yes"?>
<PcGts xmlns="http://schema.primaresearch.org/PAGE/gts/pagecontent/2013-07-15" xmlns:xsi="http://www.w3.org/2001/XMLSchema-instance" xsi:schemaLocation="http://schema.primaresearch.org/PAGE/gts/pagecontent/2013-07-15 http://schema.primaresearch.org/PAGE/gts/pagecontent/2013-07-15/pagecontent.xsd">
    <Metadata>
        <Creator>prov=READ-COOP:name=PyLaia@TranskribusPlatform:version=2.15.0:model_id=39995:lm=none:date=12_07_2024_10:38</Creator>
        <Created>2024-07-12T09:50:03.782+02:00</Created>
        <LastChange>2024-07-12T10:38:03.794+02:00</LastChange>
        <TranskribusMetadata docId="3247625" pageId="74851149" pageNr="11" tsid="177417931" status="IN_PROGRESS" userId="222699" imgUrl="https://files.transkribus.eu/Get?id=OTLSISMSIJJOQDYSVHJGSIPR&amp;fileType=view" xmlUrl="https://files.transkribus.eu/Get?id=USEPNGAKORVYBUFBIDGMSXXD" imageId="60645892"/>
    </Metadata>
    <Page imageFilename="74851149.jpg" imageWidth="2479" imageHeight="3213">
        <ReadingOrder>
            <OrderedGroup id="ro_1720773483795" caption="Regions reading order">
                <RegionRefIndexed index="0" regionRef="r_19"/>
                <RegionRefIndexed index="1" regionRef="r_20"/>
                <RegionRefIndexed index="2" regionRef="r_31"/>
                <RegionRefIndexed index="3" regionRef="r_32"/>
            </OrderedGroup>
        </ReadingOrder>
        <Relations/>
        <TextRegion id="r_19" custom="readingOrder {index:0;}">
            <Coords points="292,462 1189,461 1189,1163 295,1163"/>
            <TextLine id="r_19_tl_1" custom="readingOrder {index:0;}">
                <Coords points="317,514 1128,517 1168,512 1170,452 922,472 677,446 587,476 319,446"/>
                <Baseline points="328,507 373,507 418,507 462,504 507,507 552,504 597,504 642,504 686,507 731,507 776,504 821,504 865,504 910,504 955,507 1000,504 1045,504 1089,504 1134,504 1173,507"/>
                <TextEquiv>
                    <Unicode>ihre Reime die meiste Zeit hart fallen, und die Ge¬</Unicode>
                </TextEquiv>
            </TextLine>
            <TextLine id="r_19_tl_2" custom="readingOrder {index:1;}">
                <Coords points="322,560 1170,560 1170,512 1106,504 322,517"/>
                <Baseline points="334,549 370,549 415,546 459,546 504,549 549,546 594,546 639,546 683,549 728,546 773,546 818,546 862,546 907,546 952,546 997,546 1042,546 1086,546 1131,546 1176,546"/>
                <TextEquiv>
                    <Unicode>danken auf allen Seiten versäumt sind. Das einzi=</Unicode>
                </TextEquiv>
            </TextLine>
            <TextLine id="r_19_tl_3" custom="readingOrder {index:2;}">
                <Coords points="319,602 1168,594 1168,560 1074,547 319,564"/>
                <Baseline points="331,591 367,588 412,588 456,588 501,588 546,591 591,588 636,588 680,588 725,588 770,588 815,588 859,588 904,588 949,588 994,585 1039,585 1083,588 1128,588 1173,588"/>
                <TextEquiv>
                    <Unicode>ge was wir gefunden haben, sind hie und da Empfin¬</Unicode>
                </TextEquiv>
            </TextLine>
            <TextLine id="r_19_tl_4" custom="readingOrder {index:3;}">
                <Coords points="317,639 1162,637 1149,594 317,605"/>
                <Baseline points="328,630 373,630 418,630 462,630 507,630 552,630 597,630 642,630 686,630 731,630 776,627 821,630 865,627 910,630 955,630 1000,630 1045,627 1089,627 1134,630 1167,630"/>
                <TextEquiv>
                    <Unicode>dungen von denen wir wünschten daß sie des rechten</Unicode>
                </TextEquiv>
            </TextLine>
            <TextLine id="r_19_tl_5" custom="readingOrder {index:4;}">
                <Coords points="317,680 1164,675 1164,635 1053,630 317,639"/>
                <Baseline points="328,671 373,671 418,671 462,671 507,671 552,671 597,671 642,671 686,671 731,671 776,671 821,668 865,668 910,671 955,671 1000,671 1045,668 1089,668 1134,668 1170,671"/>
                <TextEquiv>
                    <Unicode>Weges nicht verfehlen, sondern einer redliche Seele</Unicode>
                </TextEquiv>
            </TextLine>
            <TextLine id="r_19_tl_6" custom="readingOrder {index:5;}">
                <Coords points="322,725 1145,718 1164,675 322,680"/>
                <Baseline points="334,719 361,713 406,713 450,713 495,713 540,713 585,713 630,713 674,713 719,713 764,710 809,710 854,710 898,710 943,710 988,710 1033,707 1077,707 1122,710 1167,710"/>
                <TextEquiv>
                    <Unicode>zu Theil werden möchten. Die Gedanken über die</Unicode>
                </TextEquiv>
            </TextLine>
            <TextLine id="r_19_tl_7" custom="readingOrder {index:6;}">
                <Coords points="322,767 1166,759 1149,716 322,727"/>
                <Baseline points="334,758 364,755 409,755 453,755 498,755 543,755 588,755 633,755 677,755 722,755 767,752 812,755 856,752 901,752 946,752 991,752 1036,752 1080,752 1125,752 1170,755"/>
                <TextEquiv>
                    <Unicode>Frage: Ob wir uns in der Ewigkeit wieder kennen</Unicode>
                </TextEquiv>
            </TextLine>
            <TextLine id="r_19_tl_8" custom="readingOrder {index:7;}">
                <Coords points="317,812 1173,832 1153,757 317,772"/>
                <Baseline points="328,797 370,800 415,800 459,797 504,797 549,797 594,797 639,797 683,797 728,797 773,794 818,794 862,794 907,794 952,794 997,791 1042,791 1086,791 1131,794 1176,791"/>
                <TextEquiv>
                    <Unicode>und lieben werden, enthalten vorzügliche Stellen in</Unicode>
                </TextEquiv>
            </TextLine>
            <TextLine id="r_19_tl_9" custom="readingOrder {index:8;}">
                <Coords points="322,849 337,853 352,842 392,862 407,847 429,847 444,860 472,847 510,868 549,845 570,855 613,845 613,808 322,808"/>
                <Baseline points="334,839 379,839 424,839 468,839 513,839 558,839 603,839 618,839"/>
                <TextEquiv>
                    <Unicode>der Sammluug:</Unicode>
                </TextEquiv>
            </TextLine>
            <TextLine id="r_19_tl_10" custom="readingOrder {index:9;}">
                <Coords points="371,920 1158,918 1158,868 1008,838 915,877 851,836 703,881 371,866"/>
                <Baseline points="382,910 403,910 447,904 492,904 537,904 582,904 627,904 671,904 716,904 761,904 806,904 851,904 895,901 940,901 985,901 1030,901 1074,901 1119,901 1164,901"/>
                <TextEquiv>
                    <Unicode>Flieh schwarze Ahndung flieh! die mich vorher betrübet</Unicode>
                </TextEquiv>
            </TextLine>
            <TextLine id="r_19_tl_11" custom="readingOrder {index:10;}">
                <Coords points="371,960 1003,967 990,907 767,911 733,930 371,922"/>
                <Baseline points="382,955 427,955 471,955 516,952 561,952 606,952 650,952 695,952 740,952 785,949 830,952 874,949 919,949 964,949 1009,952"/>
                <TextEquiv>
                    <Unicode>Ein bessrer Trost fließt in mein Herz hinein</Unicode>
                </TextEquiv>
            </TextLine>
            <TextLine id="r_19_tl_12" custom="readingOrder {index:11;}">
                <Coords points="373,1010 971,1008 971,963 945,958 491,978 373,958"/>
                <Baseline points="385,1006 394,1006 438,1003 483,1000 528,1003 573,1000 618,1000 662,1000 707,1000 752,1000 797,1000 842,997 886,997 931,997 976,997"/>
                <TextEquiv>
                    <Unicode>Ich werde seyn! die Doris die dich liebet</Unicode>
                </TextEquiv>
            </TextLine>
            <TextLine id="r_19_tl_13" custom="readingOrder {index:12;}">
                <Coords points="375,1072 472,1053 660,1076 767,1050 890,1053 945,1080 978,1048 1059,1055 1059,986 978,1012 375,1014"/>
                <Baseline points="388,1051 391,1051 435,1051 480,1051 525,1051 570,1051 615,1048 659,1048 704,1048 749,1045 794,1048 839,1048 883,1048 928,1048 973,1048 1018,1048 1063,1048"/>
                <TextEquiv>
                    <Unicode>Wird ewig Freund! nur dich zu lieben seyn</Unicode>
                </TextEquiv>
            </TextLine>
            <TextLine id="r_19_tl_14" custom="readingOrder {index:13;}">
                <Coords points="375,1104 484,1106 512,1132 596,1104 684,1128 830,1110 862,1134 935,1098 1155,1102 1155,1038 978,1046 945,1078 892,1055 375,1072"/>
                <Baseline points="388,1098 397,1101 441,1098 486,1098 531,1098 576,1098 621,1098 665,1098 710,1098 755,1095 800,1095 845,1095 889,1095 934,1095 979,1092 1024,1092 1069,1095 1113,1092 1158,1095"/>
                <TextEquiv>
                    <Unicode>Sie wird im Engel noch dich ihren Damon finden</Unicode>
                </TextEquiv>
            </TextLine>
            <TextEquiv>
                <Unicode></Unicode>
            </TextEquiv>
        </TextRegion>
        <TextRegion id="r_20" custom="readingOrder {index:1;}">
            <Coords points="1189,461 2096,459 2096,1163 1189,1163"/>
            <TextLine id="r_20_tl_1" custom="readingOrder {index:0;}">
                <Coords points="1246,512 1974,497 2026,517 2026,448 1947,437 1880,459 1653,427 1402,467 1246,450"/>
                <Baseline points="1257,498 1269,498 1313,498 1358,498 1403,498 1448,498 1493,498 1537,498 1582,495 1627,495 1672,492 1716,492 1761,492 1806,495 1851,492 1896,492 1940,492 1985,492 2030,495"/>
                <TextEquiv>
                    <Unicode>Olfühlte der der heut mir meine Freuden störet</Unicode>
                </TextEquiv>
            </TextLine>
            <TextLine id="r_20_tl_2" custom="readingOrder {index:1;}">
                <Coords points="1239,555 1747,557 1747,504 1239,506"/>
                <Baseline points="1251,546 1260,543 1304,546 1349,546 1394,546 1439,546 1484,546 1528,543 1573,543 1618,543 1663,543 1708,540 1752,540"/>
                <TextEquiv>
                    <Unicode>Die Hälfte meiner treuen Zärtlichkeit</Unicode>
                </TextEquiv>
            </TextLine>
            <TextLine id="r_20_tl_3" custom="readingOrder {index:2;}">
                <Coords points="1239,611 1822,596 1822,540 1786,534 1719,562 1239,555"/>
                <Baseline points="1251,591 1289,594 1334,594 1379,594 1424,594 1469,594 1513,591 1558,591 1603,591 1648,591 1693,591 1737,591 1782,591 1827,588"/>
                <TextEquiv>
                    <Unicode>Und jene Gluth die jetzt mein Herz empöret</Unicode>
                </TextEquiv>
            </TextLine>
            <TextLine id="r_20_tl_4" custom="readingOrder {index:3;}">
                <Coords points="1237,671 1466,654 1516,673 1546,652 1799,669 1786,594 1745,611 1571,598 1535,620 1430,600 1344,620 1237,611"/>
                <Baseline points="1248,642 1292,642 1337,642 1382,642 1427,642 1472,642 1516,642 1561,642 1606,642 1651,642 1696,639 1740,639 1785,639 1803,642"/>
                <TextEquiv>
                    <Unicode>Er gäb ihr selbst das Recht zur Ewigkeit.</Unicode>
                </TextEquiv>
            </TextLine>
            <TextLine id="r_20_tl_5" custom="readingOrder {index:4;}">
                <Coords points="1233,742 1685,707 1799,744 2019,740 2019,650 1233,671"/>
                <Baseline points="1245,713 1263,710 1307,710 1352,710 1397,710 1442,710 1487,710 1531,710 1576,707 1621,704 1666,704 1711,707 1755,707 1800,707 1845,707 1890,707 1934,707 1979,704 2024,701"/>
                <TextEquiv>
                    <Unicode>Behertzt würd ich mit die mein Schickfal gern</Unicode>
                </TextEquiv>
            </TextLine>
            <TextLine id="r_20_tl_6" custom="readingOrder {index:5;}">
                <Coords points="1589,744 1606,742 1634,759 1644,752 1655,759 1679,748 1773,746 1773,712 1732,712 1724,720 1685,707 1672,714 1589,718"/>
                <Baseline points="1600,740 1645,740 1690,740 1734,740 1779,740"/>
                <TextEquiv>
                    <Unicode>erwarten</Unicode>
                </TextEquiv>
            </TextLine>
            <TextLine id="r_20_tl_7" custom="readingOrder {index:6;}">
                <Coords points="1237,800 1546,812 1724,789 1891,797 1934,823 1934,755 1844,737 1237,750"/>
                <Baseline points="1248,791 1269,791 1313,788 1358,788 1403,788 1448,791 1493,788 1537,791 1582,788 1627,791 1672,788 1716,788 1761,788 1806,788 1851,788 1896,788 1940,785"/>
                <TextEquiv>
                    <Unicode>Das dunkle Zukunft jetzt mir einstens steut</Unicode>
                </TextEquiv>
            </TextLine>
            <TextLine id="r_20_tl_8" custom="readingOrder {index:7;}">
                <Coords points="1231,860 1503,840 1591,864 1638,838 1829,866 1878,842 1878,806 1794,793 1565,795 1535,815 1398,795 1299,812 1231,789"/>
                <Baseline points="1242,839 1257,839 1301,836 1346,836 1391,836 1436,839 1481,836 1525,839 1570,836 1615,836 1660,836 1705,836 1749,836 1794,836 1839,833 1884,836"/>
                <TextEquiv>
                    <Unicode>Ja wenn wir nicht auf beßre Welten harrten</Unicode>
                </TextEquiv>
            </TextLine>
            <TextLine id="r_20_tl_9" custom="readingOrder {index:8;}">
                <Coords points="1246,903 1288,915 1363,892 1473,913 1638,896 1713,915 1741,900 1741,851 1721,845 1621,842 1591,864 1503,840 1246,860"/>
                <Baseline points="1257,886 1301,886 1346,886 1391,886 1436,883 1481,886 1525,886 1570,886 1615,883 1660,883 1705,883 1746,886"/>
                <TextEquiv>
                    <Unicode>So fänd in dir ich meine beste Welt,</Unicode>
                </TextEquiv>
            </TextLine>
            <TextLine id="r_20_tl_10" custom="readingOrder {index:9;}">
                <Coords points="1181,952 2037,945 2017,877 1938,913 1351,894 1278,920 1181,894"/>
                <Baseline points="1194,940 1236,940 1281,940 1325,940 1370,937 1415,940 1460,940 1504,940 1549,940 1594,940 1639,940 1684,940 1728,940 1773,940 1818,937 1863,940 1908,934 1952,937 1997,937 2042,934"/>
                <TextEquiv>
                    <Unicode>Wie gesagt hie und da eine Empfindung — Wir</Unicode>
                </TextEquiv>
            </TextLine>
            <TextLine id="r_20_tl_11" custom="readingOrder {index:10;}">
                <Coords points="1196,997 2034,988 2034,943 1953,939 1196,950"/>
                <Baseline points="1209,988 1233,982 1278,982 1322,982 1367,982 1412,979 1457,979 1501,982 1546,979 1591,982 1636,982 1681,982 1725,979 1770,979 1815,979 1860,979 1905,976 1949,979 1994,979 2039,979"/>
                <TextEquiv>
                    <Unicode>sind indessen alle schwache Menschen, und wer weiß</Unicode>
                </TextEquiv>
            </TextLine>
            <TextLine id="r_20_tl_12" custom="readingOrder {index:11;}">
                <Coords points="1192,1031 2043,1027 2043,995 1955,980 1192,995"/>
                <Baseline points="1203,1027 1242,1024 1286,1024 1331,1024 1376,1021 1421,1024 1466,1021 1510,1021 1555,1021 1600,1024 1645,1021 1690,1021 1734,1021 1779,1021 1824,1018 1869,1018 1914,1018 1958,1018 2003,1018 2048,1018"/>
                <TextEquiv>
                    <Unicode>wenn uns ein Madchen solche feurige Liebeserklä¬</Unicode>
                </TextEquiv>
            </TextLine>
            <TextLine id="r_20_tl_13" custom="readingOrder {index:12;}">
                <Coords points="1192,1074 2037,1065 2022,1025 1192,1040"/>
                <Baseline points="1203,1066 1233,1066 1278,1066 1322,1063 1367,1063 1412,1063 1457,1063 1501,1060 1546,1060 1591,1063 1636,1060 1681,1060 1725,1060 1770,1063 1815,1063 1860,1060 1905,1060 1949,1060 1994,1060 2039,1063"/>
                <TextEquiv>
                    <Unicode>rungen thäte, ob wir nicht so wie ihre erwehnte</Unicode>
                </TextEquiv>
            </TextLine>
            <TextLine id="r_20_tl_14" custom="readingOrder {index:13;}">
                <Coords points="1192,1119 1711,1108 1794,1147 1902,1110 2039,1134 2039,1068 2007,1065 1192,1072"/>
                <Baseline points="1203,1113 1239,1107 1284,1107 1328,1107 1373,1104 1418,1104 1463,1101 1507,1101 1552,1101 1597,1101 1642,1101 1687,1101 1731,1101 1776,1104 1821,1104 1866,1104 1911,1101 1955,1101 2000,1101 2045,1104"/>
                <TextEquiv>
                    <Unicode>Freunde ihre Poesten loben würden. Kostet in be¬</Unicode>
                </TextEquiv>
            </TextLine>
            <TextLine id="r_20_tl_15" custom="readingOrder {index:14;}">
                <Coords points="1181,1155 1689,1162 1736,1151 1739,1113 1183,1119"/>
                <Baseline points="1194,1152 1203,1152 1248,1149 1292,1149 1337,1149 1382,1149 1427,1149 1472,1146 1516,1143 1561,1143 1606,1143 1651,1143 1696,1146 1740,1143"/>
                <TextEquiv>
                    <Unicode>nannten Buchhandlungen 21 gr.</Unicode>
                </TextEquiv>
            </TextLine>
            <TextEquiv>
                <Unicode></Unicode>
            </TextEquiv>
        </TextRegion>
        <TextRegion id="r_31" custom="readingOrder {index:2;}">
            <Coords points="301,1232 1186,1222 1186,2692 314,2692"/>
            <TextLine id="r_31_tl_1" custom="readingOrder {index:0;}">
                <Coords points="540,1291 945,1276 945,1243 903,1226 840,1239 752,1224 705,1250 665,1231 613,1248 581,1220 540,1211"/>
                <Baseline points="552,1275 591,1272 636,1272 680,1272 725,1272 770,1269 815,1269 859,1272 904,1266 949,1269"/>
                <TextEquiv>
                    <Unicode>Berlin, den 2. Jan.</Unicode>
                </TextEquiv>
            </TextLine>
            <TextLine id="r_31_tl_2" custom="readingOrder {index:1;}">
                <Coords points="322,1363 1546,1351 1546,1310 322,1323"/>
                <Baseline points="334,1358 367,1358 412,1358 456,1358 501,1358 546,1355 591,1352 636,1352 680,1352 725,1352 770,1349 815,1349 859,1349 904,1349 949,1346 994,1346 1039,1346 1083,1346 1128,1346 1173,1346 1194,1346 1239,1346 1284,1346 1328,1346 1373,1346 1418,1343 1463,1343 1507,1343 1552,1346"/>
                <TextEquiv>
                    <Unicode>Sr. Königl. Hoheit, des Prinzen Friedrich Heinrich Kammer zu bestellen.</Unicode>
                </TextEquiv>
            </TextLine>
            <TextLine id="r_31_tl_3" custom="readingOrder {index:2;}">
                <Coords points="322,1408 1040,1411 1170,1393 1173,1359 324,1366"/>
                <Baseline points="334,1400 370,1400 415,1400 459,1397 504,1397 549,1397 594,1394 639,1394 683,1394 728,1394 773,1391 818,1391 862,1391 907,1388 952,1388 997,1388 1042,1388 1086,1388 1131,1385 1176,1388"/>
                <TextEquiv>
                    <Unicode>Carl von Preussen, wurden, des Vormittags, von</Unicode>
                </TextEquiv>
            </TextLine>
            <TextLine id="r_31_tl_4" custom="readingOrder {index:3;}">
                <Coords points="313,1449 1158,1441 1158,1396 1087,1387 1040,1411 313,1411"/>
                <Baseline points="325,1442 358,1442 403,1442 447,1439 492,1439 537,1439 582,1436 627,1436 671,1436 716,1436 761,1433 806,1433 851,1433 895,1433 940,1433 985,1433 1030,1430 1074,1430 1119,1430 1164,1430"/>
                <TextEquiv>
                    <Unicode>dem hohen Adel die Glückwünsche bey Sr. Königl</Unicode>
                </TextEquiv>
            </TextLine>
            <TextLine id="r_31_tl_5" custom="readingOrder {index:4;}">
                <Coords points="317,1488 1162,1483 1162,1441 1123,1434 317,1451"/>
                <Baseline points="328,1484 337,1484 382,1484 427,1484 471,1481 516,1481 561,1481 606,1481 650,1481 695,1481 719,1478 764,1475 809,1475 854,1475 898,1472 943,1472 988,1472 1033,1472 1077,1472 1122,1472 1167,1469"/>
                <TextEquiv>
                    <Unicode>Hoheit abgestattet. Des Abends gaben Jhro</Unicode>
                </TextEquiv>
            </TextLine>
            <TextLine id="r_31_tl_6" custom="readingOrder {index:5;}">
                <Coords points="322,1533 2028,1522 2022,1473 1741,1464 324,1490"/>
                <Baseline points="334,1522 370,1525 415,1525 459,1525 504,1522 549,1519 594,1522 639,1519 683,1519 728,1519 773,1516 818,1513 862,1513 907,1516 952,1510 997,1513 1042,1513 1086,1510 1131,1507 1176,1507 1191,1510 1230,1507 1275,1510 1319,1510 1364,1510 1409,1510 1454,1507 1499,1507 1543,1507 1588,1507 1633,1507 1678,1504 1722,1504 1767,1504 1812,1504 1857,1507 1902,1504 1946,1504 1991,1507 2036,1507"/>
                <TextEquiv>
                    <Unicode>Königl. Hoheit, die verwitwete Prinzeßin von Hoheit der Erzherzogin Maria Christina, völlig zu</Unicode>
                </TextEquiv>
            </TextLine>
            <TextLine id="r_31_tl_7" custom="readingOrder {index:6;}">
                <Coords points="317,1571 1863,1567 2011,1561 2039,1522 317,1533"/>
                <Baseline points="328,1561 367,1564 412,1567 456,1567 501,1564 546,1564 591,1561 636,1558 680,1558 725,1561 770,1558 815,1555 859,1555 904,1555 949,1555 994,1555 1039,1552 1083,1549 1128,1549 1173,1549 1194,1549 1239,1549 1284,1549 1328,1549 1373,1549 1418,1549 1463,1549 1507,1549 1552,1549 1597,1549 1642,1546 1687,1546 1731,1546 1776,1546 1821,1546 1866,1546 1911,1546 1955,1546 2000,1546 2042,1549"/>
                <TextEquiv>
                    <Unicode>Preussen, dieserwegen, in den herrlich erleuchteten Stande gekommen sey, höret man für zuverlaßig.</Unicode>
                </TextEquiv>
            </TextLine>
            <TextLine id="r_31_tl_8" custom="readingOrder {index:7;}">
                <Coords points="317,1621 1158,1599 1140,1556 317,1571"/>
                <Baseline points="328,1612 358,1606 403,1606 447,1606 492,1603 537,1603 582,1600 627,1600 671,1600 716,1600 761,1597 806,1597 851,1597 895,1594 940,1594 985,1594 1030,1594 1074,1591 1119,1591 1164,1594"/>
                <TextEquiv>
                    <Unicode>Zimmern Dero Palais, ein großes Soupee, wobey</Unicode>
                </TextEquiv>
            </TextLine>
            <TextLine id="r_31_tl_9" custom="readingOrder {index:8;}">
                <Coords points="319,1655 1100,1651 1164,1646 1166,1606 319,1619"/>
                <Baseline points="331,1648 361,1648 406,1648 450,1648 495,1645 540,1645 585,1642 630,1642 674,1642 719,1639 764,1639 809,1639 854,1639 898,1636 943,1636 988,1636 1033,1633 1077,1633 1122,1633 1167,1633"/>
                <TextEquiv>
                    <Unicode>Sich Ihro Majestät, die Königin, das hier befind¬</Unicode>
                </TextEquiv>
            </TextLine>
            <TextLine id="r_31_tl_10" custom="readingOrder {index:9;}">
                <Coords points="317,1696 1166,1685 1168,1638 319,1655"/>
                <Baseline points="328,1690 367,1690 412,1690 456,1687 501,1687 546,1687 591,1684 636,1684 680,1684 725,1681 770,1681 815,1681 859,1681 904,1678 949,1678 994,1678 1039,1675 1083,1675 1128,1672 1173,1675"/>
                <TextEquiv>
                    <Unicode>liche Königl. Haus, die Durchlauchtigsten Braun¬</Unicode>
                </TextEquiv>
            </TextLine>
            <TextLine id="r_31_tl_11" custom="readingOrder {index:10;}">
                <Coords points="324,1743 1949,1728 1949,1676 1771,1672 326,1698"/>
                <Baseline points="337,1734 367,1731 412,1731 456,1731 501,1725 546,1725 591,1725 636,1725 680,1725 725,1722 770,1722 815,1722 859,1719 904,1719 949,1716 994,1716 1039,1716 1083,1713 1128,1713 1173,1713 1191,1716 1236,1716 1281,1713 1325,1713 1370,1711 1415,1711 1460,1711 1504,1711 1549,1711 1594,1711 1639,1708 1684,1711 1728,1708 1773,1708 1818,1708 1863,1708 1908,1711 1952,1716 1955,1716"/>
                <TextEquiv>
                    <Unicode>schweigischen Prinzen, und verschiedene hohe Stan= Hofstaats für das hohe Paar gearbeitet werde.</Unicode>
                </TextEquiv>
            </TextLine>
            <TextLine id="r_31_tl_12" custom="readingOrder {index:11;}">
                <Coords points="322,1786 1031,1769 1050,1734 699,1721 322,1745"/>
                <Baseline points="334,1773 379,1773 424,1770 468,1770 513,1770 558,1767 603,1767 647,1767 692,1767 737,1764 782,1761 827,1761 871,1758 916,1758 961,1755 1006,1755 1051,1755"/>
                <TextEquiv>
                    <Unicode>despersonen beyderley Geschlechts befaoden.</Unicode>
                </TextEquiv>
            </TextLine>
            <TextLine id="r_31_tl_13" custom="readingOrder {index:12;}">
                <Coords points="356,1822 1164,1801 1166,1745 1098,1732 997,1771 358,1781"/>
                <Baseline points="370,1815 409,1812 453,1812 498,1812 543,1809 588,1809 633,1806 677,1806 722,1806 767,1803 812,1803 856,1800 901,1800 946,1800 991,1797 1036,1797 1080,1794 1125,1794 1170,1794"/>
                <TextEquiv>
                    <Unicode>Gestern, des Mittags, als an dem Neujahrstage,</Unicode>
                </TextEquiv>
            </TextLine>
            <TextLine id="r_31_tl_14" custom="readingOrder {index:13;}">
                <Coords points="317,1861 2030,1841 2030,1803 1942,1792 317,1824"/>
                <Baseline points="328,1854 367,1854 412,1851 456,1851 501,1851 546,1848 591,1848 636,1848 680,1848 725,1848 770,1848 815,1845 859,1842 904,1842 949,1839 994,1839 1039,1839 1083,1836 1128,1836 1173,1836 1197,1839 1227,1836 1272,1833 1316,1836 1361,1836 1406,1833 1451,1833 1496,1830 1540,1830 1585,1830 1630,1830 1675,1830 1719,1830 1764,1830 1809,1830 1854,1830 1899,1830 1943,1830 1988,1830 2033,1833"/>
                <TextEquiv>
                    <Unicode>war die Cour bey Sr. Majestät, dem Könige, sehr gut, Schloßhof genannt, der Erzherzogin Christiana</Unicode>
                </TextEquiv>
            </TextLine>
            <TextLine id="r_31_tl_15" custom="readingOrder {index:14;}">
                <Coords points="317,1906 1158,1891 1158,1848 1098,1837 319,1869"/>
                <Baseline points="328,1899 358,1896 403,1896 447,1893 492,1890 537,1890 582,1890 627,1890 671,1890 716,1893 761,1890 806,1887 851,1884 895,1884 940,1884 985,1878 1030,1878 1074,1878 1119,1878 1164,1875"/>
                <TextEquiv>
                    <Unicode>zahlreich und glänzend. Se. Majestät empfinger</Unicode>
                </TextEquiv>
            </TextLine>
            <TextLine id="r_31_tl_16" custom="readingOrder {index:15;}">
                <Coords points="322,1944 1158,1927 1158,1889 1003,1880 935,1904 324,1908"/>
                <Baseline points="334,1937 358,1934 403,1934 447,1931 492,1931 537,1931 582,1931 627,1928 671,1928 716,1928 761,1928 806,1928 851,1926 895,1926 940,1923 985,1923 1030,1923 1074,1923 1119,1917 1164,1917"/>
                <TextEquiv>
                    <Unicode>die Glückwünsche von den Königl. Prinzen, der</Unicode>
                </TextEquiv>
            </TextLine>
            <TextLine id="r_31_tl_17" custom="readingOrder {index:16;}">
                <Coords points="322,1987 1162,1966 1143,1923 324,1944"/>
                <Baseline points="334,1976 361,1979 406,1976 450,1976 495,1973 540,1970 585,1970 630,1970 674,1970 719,1967 764,1967 809,1967 854,1967 898,1967 943,1967 988,1964 1033,1961 1077,1961 1122,1958 1167,1955"/>
                <TextEquiv>
                    <Unicode>Braunschweigischen Prinzen, den in- und auslän¬</Unicode>
                </TextEquiv>
            </TextLine>
            <TextLine id="r_31_tl_18" custom="readingOrder {index:17;}">
                <Coords points="317,2024 2037,2009 2037,1964 1773,1955 317,1987"/>
                <Baseline points="328,2018 367,2018 412,2018 456,2018 501,2015 546,2012 591,2012 636,2009 680,2009 725,2009 770,2009 815,2009 859,2009 904,2009 949,2006 994,2006 1039,2003 1083,2003 1128,2000 1173,1997 1194,2000 1236,2000 1281,2000 1325,2000 1370,2000 1415,2000 1460,1997 1504,1997 1549,1997 1594,1997 1639,1997 1684,1997 1728,1997 1773,1997 1818,1997 1863,1997 1908,1997 1952,1997 1997,1997 2042,1997"/>
                <TextEquiv>
                    <Unicode>dischen Ministers, der hohen Generalität, und den- allen Dingen das Beste wählte, und allemal einen</Unicode>
                </TextEquiv>
            </TextLine>
            <TextLine id="r_31_tl_19" custom="readingOrder {index:18;}">
                <Coords points="322,2112 1168,2088 1168,2047 1110,2043 1010,2071 322,2075"/>
                <Baseline points="334,2108 367,2105 412,2102 456,2102 501,2099 546,2096 591,2096 636,2093 680,2093 725,2093 770,2090 815,2087 859,2087 904,2087 949,2087 994,2087 1039,2087 1083,2087 1128,2084 1173,2081"/>
                <TextEquiv>
                    <Unicode>zufinden pflegen, worauf Höchstdieselben mit dem</Unicode>
                </TextEquiv>
            </TextLine>
            <TextLine id="r_31_tl_20" custom="readingOrder {index:19;}">
                <Coords points="322,2161 2028,2127 2028,2088 1904,2084 322,2114"/>
                <Baseline points="334,2143 367,2143 412,2143 456,2141 501,2141 546,2138 591,2135 636,2135 680,2135 725,2135 770,2132 815,2132 859,2129 904,2129 949,2129 994,2126 1039,2126 1083,2126 1128,2123 1173,2123 1194,2123 1227,2126 1272,2126 1316,2123 1361,2123 1406,2123 1451,2123 1496,2123 1540,2123 1585,2123 1630,2120 1675,2120 1719,2120 1764,2120 1809,2120 1854,2120 1899,2120 1943,2120 1988,2120 2033,2117"/>
                <TextEquiv>
                    <Unicode>hier befindlichen Königl. Hause und den Braunschwei= ließ einsmals ein vortrefliches Festin daselbst anstel¬</Unicode>
                </TextEquiv>
            </TextLine>
            <TextLine id="r_31_tl_21" custom="readingOrder {index:20;}">
                <Coords points="319,2197 1136,2180 1166,2135 319,2161"/>
                <Baseline points="331,2188 364,2185 409,2185 453,2182 498,2182 543,2179 588,2179 633,2176 677,2176 722,2176 767,2173 812,2173 856,2173 901,2170 946,2170 991,2167 1036,2167 1080,2164 1125,2164 1170,2164"/>
                <TextEquiv>
                    <Unicode>gischen Prinzen das Mittagsmahl bey Ihro Maje¬</Unicode>
                </TextEquiv>
            </TextLine>
            <TextLine id="r_31_tl_22" custom="readingOrder {index:21;}">
                <Coords points="328,2238 1095,2225 1162,2210 1164,2172 328,2197"/>
                <Baseline points="340,2227 361,2224 406,2227 450,2224 495,2224 540,2221 585,2218 630,2218 674,2218 719,2218 764,2215 809,2215 854,2212 898,2212 943,2209 988,2209 1033,2206 1077,2206 1122,2203 1167,2203"/>
                <TextEquiv>
                    <Unicode>stät, der Königin, einnahmen. Des Abends war</Unicode>
                </TextEquiv>
            </TextLine>
            <TextLine id="r_31_tl_23" custom="readingOrder {index:22;}">
                <Coords points="326,2275 1164,2253 1151,2208 328,2236"/>
                <Baseline points="340,2266 364,2266 409,2272 453,2266 498,2266 543,2263 588,2260 633,2260 677,2260 722,2260 767,2257 812,2257 856,2257 901,2257 946,2251 991,2248 1036,2248 1080,2248 1125,2245 1170,2245"/>
                <TextEquiv>
                    <Unicode>bey Ihro Majestat, der Königin, große Cour und</Unicode>
                </TextEquiv>
            </TextLine>
            <TextLine id="r_31_tl_24" custom="readingOrder {index:23;}">
                <Coords points="317,2322 789,2302 907,2332 1162,2328 1153,2251 538,2287 317,2270"/>
                <Baseline points="328,2305 361,2308 406,2308 450,2308 495,2305 540,2305 585,2302 630,2302 674,2302 719,2299 764,2299 809,2299 854,2299 898,2299 943,2296 988,2293 1033,2290 1077,2290 1122,2290 1167,2287"/>
                <TextEquiv>
                    <Unicode>Soupee, wo gleichermaßen wegen dieses Tages die</Unicode>
                </TextEquiv>
            </TextLine>
            <TextLine id="r_31_tl_25" custom="readingOrder {index:24;}">
                <Coords points="334,2365 551,2347 602,2362 757,2343 857,2354 860,2315 592,2307 551,2328 523,2311 337,2315"/>
                <Baseline points="349,2347 370,2350 415,2350 459,2350 504,2347 549,2344 594,2344 639,2344 683,2344 728,2341 773,2341 818,2338 862,2338"/>
                <TextEquiv>
                    <Unicode>Glückwünsche abgestattet wurden.</Unicode>
                </TextEquiv>
            </TextLine>
            <TextLine id="r_31_tl_26" custom="readingOrder {index:25;}">
                <Coords points="322,2437 1166,2425 1168,2377 1132,2373 324,2395"/>
                <Baseline points="334,2427 364,2430 409,2433 453,2430 498,2427 543,2427 588,2427 633,2427 677,2427 722,2424 767,2421 812,2421 856,2418 901,2418 946,2418 991,2415 1036,2415 1080,2415 1125,2412 1170,2412"/>
                <TextEquiv>
                    <Unicode>bisherigen Landbaumeister bey der Gumbinschen Krie=</Unicode>
                </TextEquiv>
            </TextLine>
            <TextLine id="r_31_tl_27" custom="readingOrder {index:26;}">
                <Coords points="319,2487 1113,2470 1155,2461 1158,2420 319,2448"/>
                <Baseline points="331,2475 355,2472 400,2472 444,2472 489,2469 534,2469 579,2469 624,2469 668,2466 713,2466 758,2463 803,2463 848,2460 892,2457 937,2457 982,2457 1027,2457 1071,2457 1116,2457 1161,2454"/>
                <TextEquiv>
                    <Unicode>ges= und Domainenkammer, Herrn Tarrach, zun</Unicode>
                </TextEquiv>
            </TextLine>
            <TextLine id="r_31_tl_28" custom="readingOrder {index:27;}">
                <Coords points="334,2519 1158,2510 1158,2463 1093,2459 334,2480"/>
                <Baseline points="346,2511 358,2511 403,2511 447,2511 492,2511 537,2511 582,2511 627,2511 671,2508 716,2508 761,2505 806,2505 851,2502 895,2502 940,2499 985,2499 1030,2496 1074,2496 1119,2499 1164,2496"/>
                <TextEquiv>
                    <Unicode>Krieges und Domainenrath und Baudirector bey ge=</Unicode>
                </TextEquiv>
            </TextLine>
            <TextLine id="r_31_tl_29" custom="readingOrder {index:28;}">
                <Coords points="322,2555 1162,2553 1162,2506 1115,2502 322,2519"/>
                <Baseline points="334,2547 361,2550 406,2553 450,2553 495,2553 540,2553 585,2553 630,2553 674,2550 719,2547 764,2547 809,2544 854,2544 898,2541 943,2541 988,2541 1033,2538 1077,2538 1122,2538 1167,2535"/>
                <TextEquiv>
                    <Unicode>dachter Kammer; imgleichen den bey dem Lossow=</Unicode>
                </TextEquiv>
            </TextLine>
            <TextLine id="r_31_tl_30" custom="readingOrder {index:29;}">
                <Coords points="322,2605 2024,2585 2024,2538 1959,2530 322,2557"/>
                <Baseline points="334,2594 364,2594 409,2594 453,2594 498,2594 543,2594 588,2591 633,2591 677,2591 722,2588 767,2588 812,2585 856,2585 901,2582 946,2582 991,2582 1036,2582 1080,2582 1125,2579 1170,2579 1194,2576 1239,2576 1284,2576 1328,2576 1373,2576 1418,2576 1463,2576 1507,2576 1552,2576 1597,2573 1642,2573 1687,2573 1731,2570 1776,2570 1821,2570 1866,2570 1911,2570 1955,2570 2000,2573 2030,2576"/>
                <TextEquiv>
                    <Unicode>schen Husarenregiment als Regimentsquartiermeister Majest. sollen auch den Cavalieren im Oesterreichischen,</Unicode>
                </TextEquiv>
            </TextLine>
            <TextLine id="r_31_tl_31" custom="readingOrder {index:30;}">
                <Coords points="313,2652 2024,2622 2004,2579 1841,2572 315,2603"/>
                <Baseline points="325,2639 361,2636 406,2636 450,2636 495,2636 540,2636 585,2636 630,2636 674,2636 719,2633 764,2633 809,2633 854,2630 898,2627 943,2624 988,2624 1033,2624 1077,2624 1122,2624 1167,2621 1182,2621 1224,2621 1269,2621 1313,2621 1358,2621 1403,2621 1448,2618 1493,2618 1537,2621 1582,2618 1627,2618 1672,2618 1716,2615 1761,2612 1806,2612 1851,2612 1896,2612 1940,2612 1985,2612 2030,2618"/>
                <TextEquiv>
                    <Unicode>gestandenen Herrn Redecker, zum Krieges und Do= welche Landgüter mit Jagdgerechtigkeit besitzen, Befehl</Unicode>
                </TextEquiv>
            </TextLine>
            <TextEquiv>
                <Unicode></Unicode>
            </TextEquiv>
        </TextRegion>
        <TextRegion id="r_32" custom="readingOrder {index:3;}">
            <Coords points="1186,1222 2113,1212 2116,2692 1186,2692"/>
            <TextLine id="r_32_tl_1" custom="readingOrder {index:0;}">
                <Coords points="1181,1271 2030,1269 2030,1207 1998,1198 1955,1228 1906,1203 1638,1235 1181,1222"/>
                <Baseline points="1194,1263 1239,1263 1284,1263 1328,1263 1373,1266 1418,1263 1463,1263 1507,1263 1552,1263 1597,1263 1642,1260 1687,1260 1731,1263 1776,1260 1821,1260 1866,1263 1911,1260 1955,1260 2000,1260 2036,1263"/>
                <TextEquiv>
                    <Unicode>mainenrath; nicht weniger den Herrn Flach und</Unicode>
                </TextEquiv>
            </TextLine>
            <TextLine id="r_32_tl_2" custom="readingOrder {index:1;}">
                <Coords points="360,1327 2034,1321 2034,1269 1966,1263 1301,1282 995,1235 930,1280 605,1293 360,1250"/>
                <Baseline points="373,1319 376,1319 421,1319 465,1319 510,1316 555,1316 600,1313 644,1310 689,1310 734,1310 779,1310 824,1310 868,1307 913,1304 958,1304 1003,1304 1048,1304 1092,1304 1137,1304 1182,1304 1191,1304 1233,1304 1278,1304 1322,1304 1367,1304 1412,1304 1457,1304 1501,1304 1546,1304 1591,1304 1636,1304 1681,1304 1725,1304 1770,1304 1815,1301 1860,1301 1905,1301 1949,1304 1994,1304 2039,1301"/>
                <TextEquiv>
                    <Unicode>Am Montage, als an dem hohen Geburtsfeste Herrn Ewert, zu Landbaumeistern bey bemeldeter</Unicode>
                </TextEquiv>
            </TextLine>
            <TextLine id="r_32_tl_3" custom="readingOrder {index:2;}">
                <Coords points="1331,1389 1374,1406 1458,1389 1811,1393 1814,1355 1769,1357 1739,1336 1702,1357 1591,1342 1546,1361 1331,1361"/>
                <Baseline points="1343,1385 1388,1385 1433,1385 1478,1385 1522,1385 1567,1385 1612,1385 1657,1385 1702,1385 1746,1382 1791,1382 1815,1385"/>
                <TextEquiv>
                    <Unicode>Dresden, den 18. Dec.</Unicode>
                </TextEquiv>
            </TextLine>
            <TextLine id="r_32_tl_4" custom="readingOrder {index:3;}">
                <Coords points="1222,1443 2037,1438 2037,1398 1889,1376 1374,1406 1222,1389"/>
                <Baseline points="1233,1424 1278,1427 1322,1427 1367,1427 1412,1427 1457,1424 1501,1424 1546,1424 1591,1424 1636,1427 1681,1424 1725,1424 1770,1424 1815,1424 1860,1424 1905,1424 1949,1424 1994,1424 2039,1427 2042,1427"/>
                <TextEquiv>
                    <Unicode>Daß die Unterhandlung zu einer Vermählung un¬</Unicode>
                </TextEquiv>
            </TextLine>
            <TextLine id="r_32_tl_5" custom="readingOrder {index:4;}">
                <Coords points="1185,1481 2037,1473 2037,1438 1989,1430 1185,1432"/>
                <Baseline points="1197,1472 1236,1469 1281,1469 1325,1469 1370,1469 1415,1469 1460,1466 1504,1466 1549,1466 1594,1466 1639,1466 1684,1466 1728,1466 1773,1466 1818,1466 1863,1466 1908,1466 1952,1466 1997,1466 2042,1469"/>
                <TextEquiv>
                    <Unicode>sers Prinzen Albert Kön. Hoheit, mit Ihro Königl.</Unicode>
                </TextEquiv>
            </TextLine>
            <TextLine id="r_32_tl_6" custom="readingOrder {index:5;}">
                <Coords points="1188,1601 2034,1601 2034,1556 1996,1554 1188,1561"/>
                <Baseline points="1200,1591 1233,1591 1278,1591 1322,1591 1367,1591 1412,1591 1457,1588 1501,1588 1546,1588 1591,1588 1636,1588 1681,1585 1725,1585 1770,1585 1815,1588 1860,1588 1905,1585 1949,1588 1994,1588 2039,1585"/>
                <TextEquiv>
                    <Unicode>Es verlautet selbst, daß diese Vermählung an unserm</Unicode>
                </TextEquiv>
            </TextLine>
            <TextLine id="r_32_tl_7" custom="readingOrder {index:6;}">
                <Coords points="1179,1646 2030,1636 2030,1601 1867,1589 1181,1604"/>
                <Baseline points="1194,1633 1230,1633 1275,1633 1319,1633 1364,1630 1409,1630 1454,1630 1499,1630 1543,1627 1588,1627 1633,1627 1678,1630 1722,1630 1767,1627 1812,1627 1857,1627 1902,1627 1946,1627 1991,1627 2036,1630"/>
                <TextEquiv>
                    <Unicode>Hofe bereits erkläret worden sey; und Nachrichten</Unicode>
                </TextEquiv>
            </TextLine>
            <TextLine id="r_32_tl_8" custom="readingOrder {index:7;}">
                <Coords points="1192,1681 2026,1681 2007,1636 1192,1642"/>
                <Baseline points="1203,1675 1224,1675 1269,1672 1313,1672 1358,1672 1403,1672 1448,1672 1493,1672 1537,1672 1582,1672 1627,1669 1672,1669 1716,1669 1761,1666 1806,1666 1851,1666 1896,1669 1940,1669 1985,1672 2030,1669"/>
                <TextEquiv>
                    <Unicode>von Wien melden, daß schon an der Einrichtung des</Unicode>
                </TextEquiv>
            </TextLine>
            <TextLine id="r_32_tl_9" custom="readingOrder {index:8;}">
                <Coords points="1340,1758 1884,1756 1884,1717 1340,1717"/>
                <Baseline points="1352,1749 1397,1749 1442,1749 1487,1752 1531,1746 1576,1746 1621,1746 1666,1746 1711,1746 1755,1746 1800,1746 1845,1746 1887,1749"/>
                <TextEquiv>
                    <Unicode>Donaustrom, vom 21. Dec.</Unicode>
                </TextEquiv>
            </TextLine>
            <TextLine id="r_32_tl_10" custom="readingOrder {index:9;}">
                <Coords points="1218,1796 2030,1803 2030,1734 1908,1762 1218,1751"/>
                <Baseline points="1230,1788 1275,1791 1319,1791 1364,1794 1409,1791 1454,1791 1499,1788 1543,1791 1588,1788 1633,1788 1678,1788 1722,1788 1767,1788 1812,1785 1857,1788 1902,1788 1946,1788 1991,1788 2036,1791 2039,1788"/>
                <TextEquiv>
                    <Unicode>Se. Majest. der Kayser, haben das schöne Land¬</Unicode>
                </TextEquiv>
            </TextLine>
            <TextLine id="r_32_tl_11" custom="readingOrder {index:10;}">
                <Coords points="1185,1891 2037,1886 2039,1839 1188,1852"/>
                <Baseline points="1197,1881 1236,1878 1281,1875 1325,1875 1370,1875 1415,1875 1460,1875 1504,1872 1549,1872 1594,1872 1639,1872 1684,1872 1728,1872 1773,1872 1818,1872 1863,1872 1908,1872 1952,1872 1997,1872 2042,1872"/>
                <TextEquiv>
                    <Unicode>geschenket. Dieses Schloß ist eines der schönsten und</Unicode>
                </TextEquiv>
            </TextLine>
            <TextLine id="r_32_tl_12" custom="readingOrder {index:11;}">
                <Coords points="1181,1934 2030,1923 2007,1880 1181,1889"/>
                <Baseline points="1194,1920 1230,1920 1275,1920 1319,1917 1364,1917 1409,1917 1454,1917 1499,1914 1543,1914 1588,1914 1633,1914 1678,1914 1722,1914 1767,1914 1812,1914 1857,1917 1902,1914 1946,1914 1991,1914 2036,1911"/>
                <TextEquiv>
                    <Unicode>prächtigsten in dem Oestereichschen; der Prinz Eu¬</Unicode>
                </TextEquiv>
            </TextLine>
            <TextLine id="r_32_tl_13" custom="readingOrder {index:12;}">
                <Coords points="1181,1972 2037,1970 2037,1923 1181,1934"/>
                <Baseline points="1194,1964 1236,1958 1281,1958 1325,1958 1370,1958 1415,1958 1460,1958 1504,1955 1549,1955 1594,1955 1639,1955 1684,1955 1728,1955 1773,1955 1818,1952 1863,1955 1908,1955 1952,1955 1997,1955 2042,1955"/>
                <TextEquiv>
                    <Unicode>genius hat es bauen lassen, der wie Paul Aemil in</Unicode>
                </TextEquiv>
            </TextLine>
            <TextLine id="r_32_tl_14" custom="readingOrder {index:13;}">
                <Coords points="328,2075 2030,2047 2030,2009 1968,2002 328,2026"/>
                <Baseline points="340,2063 367,2060 412,2060 456,2057 501,2057 546,2054 591,2051 636,2051 680,2048 725,2051 770,2051 815,2048 859,2048 904,2048 949,2048 994,2045 1039,2045 1083,2045 1128,2042 1173,2039 1194,2042 1230,2042 1275,2042 1319,2042 1364,2042 1409,2042 1454,2042 1499,2039 1543,2039 1588,2039 1633,2039 1678,2039 1722,2036 1767,2036 1812,2036 1857,2036 1902,2036 1946,2036 1991,2036 2036,2039"/>
                <TextEquiv>
                    <Unicode>jenigen Standespersonen, welche sich bey Hofe ein= der feinsten Geschmack hatte. Der Prinz von Hild¬</Unicode>
                </TextEquiv>
            </TextLine>
            <TextLine id="r_32_tl_15" custom="readingOrder {index:14;}">
                <Coords points="1188,2090 2034,2090 2034,2049 1944,2041 1188,2052"/>
                <Baseline points="1200,2081 1245,2084 1289,2084 1334,2084 1379,2084 1424,2081 1469,2081 1513,2081 1558,2081 1603,2078 1648,2078 1693,2078 1737,2078 1782,2078 1827,2078 1872,2078 1917,2078 1961,2078 2006,2078 2039,2081"/>
                <TextEquiv>
                    <Unicode>burghausen, der es von seiner Gemalin geerbt hatte,</Unicode>
                </TextEquiv>
            </TextLine>
            <TextLine id="r_32_tl_16" custom="readingOrder {index:15;}">
                <Coords points="1188,2174 2028,2169 2028,2129 1921,2120 1897,2142 1188,2133"/>
                <Baseline points="1200,2164 1227,2164 1272,2164 1316,2164 1361,2164 1406,2164 1451,2161 1496,2164 1540,2161 1585,2161 1630,2161 1675,2161 1719,2161 1764,2161 1809,2161 1854,2161 1899,2161 1943,2161 1988,2161 2033,2158"/>
                <TextEquiv>
                    <Unicode>len, und weil es von da an des verstorbenen Kaysers</Unicode>
                </TextEquiv>
            </TextLine>
            <TextLine id="r_32_tl_17" custom="readingOrder {index:16;}">
                <Coords points="1181,2210 2028,2210 2028,2174 1987,2167 1181,2167"/>
                <Baseline points="1194,2206 1239,2206 1284,2209 1328,2206 1373,2206 1418,2203 1463,2206 1507,2206 1552,2206 1597,2203 1642,2206 1687,2203 1731,2200 1776,2203 1821,2203 1866,2203 1911,2203 1955,2203 2000,2203 2033,2206"/>
                <TextEquiv>
                    <Unicode>Majestät ungemein gefiel, so überließ es ihm der</Unicode>
                </TextEquiv>
            </TextLine>
            <TextLine id="r_32_tl_18" custom="readingOrder {index:17;}">
                <Coords points="1185,2257 2030,2253 2030,2210 1968,2206 1185,2212"/>
                <Baseline points="1197,2251 1227,2248 1272,2248 1316,2248 1361,2248 1406,2248 1451,2245 1496,2245 1540,2245 1585,2245 1630,2242 1675,2242 1719,2242 1764,2242 1809,2242 1854,2242 1899,2242 1943,2242 1988,2242 2033,2242"/>
                <TextEquiv>
                    <Unicode>Prinz. Es hat dieser Ort eine ungemein reitzende</Unicode>
                </TextEquiv>
            </TextLine>
            <TextLine id="r_32_tl_19" custom="readingOrder {index:18;}">
                <Coords points="1185,2302 2030,2298 2011,2251 1185,2257"/>
                <Baseline points="1197,2290 1227,2290 1272,2290 1316,2290 1361,2290 1406,2290 1451,2287 1496,2287 1540,2287 1585,2284 1630,2284 1675,2287 1719,2284 1764,2284 1809,2284 1854,2284 1899,2284 1943,2284 1988,2284 2033,2284"/>
                <TextEquiv>
                    <Unicode>Lage, und 124 schöne meublirte Zimmer. Sonst wird</Unicode>
                </TextEquiv>
            </TextLine>
            <TextLine id="r_32_tl_20" custom="readingOrder {index:19;}">
                <Coords points="1177,2332 2028,2332 2028,2298 1977,2292 1177,2298"/>
                <Baseline points="1188,2329 1233,2332 1278,2332 1322,2332 1367,2329 1412,2329 1457,2329 1501,2329 1546,2326 1591,2326 1636,2326 1681,2326 1725,2326 1770,2326 1815,2326 1860,2326 1905,2326 1949,2326 1994,2326 2033,2329"/>
                <TextEquiv>
                    <Unicode>noch emsig fortgefahren, alles zu veranstalten, was zu</Unicode>
                </TextEquiv>
            </TextLine>
            <TextLine id="r_32_tl_21" custom="readingOrder {index:20;}">
                <Coords points="364,2399 1852,2386 2028,2371 2030,2332 364,2358"/>
                <Baseline points="376,2388 412,2391 456,2391 501,2388 546,2388 591,2385 636,2385 680,2382 725,2382 770,2382 815,2379 859,2379 904,2379 949,2379 994,2376 1039,2373 1083,2370 1128,2370 1173,2370 1197,2370 1227,2370 1272,2370 1316,2370 1361,2370 1406,2370 1451,2370 1496,2367 1540,2367 1585,2367 1630,2367 1675,2367 1719,2364 1764,2367 1809,2367 1854,2367 1899,2367 1943,2367 1988,2364 2033,2361"/>
                <TextEquiv>
                    <Unicode>Se. Majestät haben allergnädigst geruhet, den Wegschaffung aller dem Lande und Einwohnern schäd¬</Unicode>
                </TextEquiv>
            </TextLine>
            <TextLine id="r_32_tl_22" custom="readingOrder {index:21;}">
                <Coords points="1185,2420 2030,2420 2030,2373 1185,2380"/>
                <Baseline points="1197,2412 1227,2415 1272,2412 1316,2412 1361,2412 1406,2412 1451,2409 1496,2409 1540,2409 1585,2409 1630,2409 1675,2406 1719,2406 1764,2409 1809,2409 1854,2409 1899,2406 1943,2406 1988,2406 2033,2409"/>
                <TextEquiv>
                    <Unicode>lichen Unordnungen und Lastern dienen kann; der</Unicode>
                </TextEquiv>
            </TextLine>
            <TextLine id="r_32_tl_23" custom="readingOrder {index:22;}">
                <Coords points="1179,2457 2019,2459 2022,2416 1181,2416"/>
                <Baseline points="1194,2454 1221,2454 1266,2454 1310,2454 1355,2454 1400,2451 1445,2451 1490,2451 1534,2451 1579,2451 1624,2448 1669,2448 1713,2448 1758,2451 1803,2448 1848,2448 1893,2448 1937,2445 1982,2445 2027,2448"/>
                <TextEquiv>
                    <Unicode>Statthalter, der Graf von Schrattenbach, soll daher</Unicode>
                </TextEquiv>
            </TextLine>
            <TextLine id="r_32_tl_24" custom="readingOrder {index:23;}">
                <Coords points="1185,2500 2022,2500 1998,2452 1185,2461"/>
                <Baseline points="1197,2496 1221,2496 1266,2493 1310,2493 1355,2493 1400,2493 1445,2493 1490,2493 1534,2490 1579,2490 1624,2490 1669,2490 1713,2490 1758,2490 1803,2490 1848,2490 1893,2487 1937,2487 1982,2487 2027,2487"/>
                <TextEquiv>
                    <Unicode>auf die Hazardspiele und alle andere unerlaubte Er¬</Unicode>
                </TextEquiv>
            </TextLine>
            <TextLine id="r_32_tl_25" custom="readingOrder {index:24;}">
                <Coords points="1185,2547 2030,2545 2032,2497 1185,2502"/>
                <Baseline points="1197,2541 1227,2535 1272,2535 1316,2535 1361,2535 1406,2535 1451,2535 1496,2535 1540,2532 1585,2532 1630,2532 1675,2532 1719,2532 1764,2529 1809,2529 1854,2529 1899,2526 1943,2526 1988,2529 2033,2535"/>
                <TextEquiv>
                    <Unicode>götzlichkeiten ein sehr wachsames Auge haben: Se.</Unicode>
                </TextEquiv>
            </TextLine>
            <TextLine id="r_32_tl_26" custom="readingOrder {index:25;}">
                <Coords points="1902,2690 1917,2693 1940,2678 1947,2684 1962,2682 1972,2690 1989,2688 1996,2693 2032,2686 2030,2626 2011,2624 2002,2630 1996,2624 1955,2620 1940,2628 1914,2615 1899,2618"/>
                <Baseline points="1911,2657 1955,2657 2000,2657 2036,2660"/>
                <TextEquiv>
                    <Unicode>ertheilt</Unicode>
                </TextEquiv>
            </TextLine>
            <TextEquiv>
                <Unicode></Unicode>
            </TextEquiv>
        </TextRegion>
    </Page>
</PcGts>
