2479 3213
359 422 1177 500 Den Nachruhm an Herrn D. Crüger halten
338 489 1175 541 wir für das schlechteste. Die NNeujahrswünsche
319 535 1179 583 wären besser wenn sie epigrammatischer wären. Die
323 577 1165 621 Stücke an Damis sind auch nicht von einerley Güte
319 619 1177 663 das p. 26. und ein anders an ihn bey ihrem Bild=
323 657 1045 705 nisse p. 20. sind ihr vorzüglich gerathen.
1068 661 1173 714 Beym
323 699 1066 772 Grabe des Herrn von Hagedorn schließt sie:
376 760 1102 821 Heiligt ihr Enkel den Namen der ewig soll wehren!
371 789 1179 858 Pflanzt auf dem Grabe Cypressen, und macht es zum Hayn,
365 856 1100 907 Jährlich streut Blumen und singet in festlichen Chören
376 894 1045 959 Seine bewunderten Lieder bey Tänzen und Wein.
401 936 1104 993 Dann unterbrech eure Lieder ein heimlicher Schauer
376 984 1056 1045 und der Gedanke der Sterblichkeit blitz in die Lust,
1242 420 2006 487 Dann geht zum Grabe des Dichters in zärtlicher Trauer
1242 466 2050 552 Weint auf den Staub eure Zähren, und schlagt an die Brust.
1194 539 2042 632 und p. 39. beschreibt sie den standhaften Weisen sehr
1200 594 1442 667 kurz und edel:
1289 623 1943 724 Du lachst weun Neid und Schicksal tohen
1293 699 1801 739 Und sagst mit heiterem Gesicht:
1289 707 1843 783 Jetzt wollen wir den Himmel loben
1289 764 1822 831 Nur bitten, wollen wir ihn nicht.
1190 802 2053 886 Im Vorbericht wird noch eine Nachlese ihrer Scherz=
1192 881 2042 928 gedichte, die eben den seinen und sanften Karakter
1198 909 1532 972 haben, versprochen.
1591 917 2042 982 Kostet in den Kanterschen
1198 955 1595 1030 Buchhandlungen 12 gr.
541 1075 961 1140 Berlin, den 1. Febr.
371 1098 1179 1173 Den 29ten siel das höchst erfreuliche Geburtsfest
359 1156 1175 1211 er verwittweten Prinzeßin Königl. Hoheit ein. Der
355 1200 1173 1251 Hof erschien dieserhalb en Galla, und Ihro Königl.
361 1240 1179 1291 oheit geruheten die gewöhnlichen Glückwünsche des
346 1284 1173 1345 hohen Adels anzunehmen. Des Mittags speiseten
350 1324 1171 1366 Se. Majestät, der König, nebst den Königlichen,
359 1364 1167 1438 Braunschweigischen und fremden Prinzen, in Dert
353 1406 1171 1450 Apartement. Des Nachmittags wurden auf dem
355 1446 1177 1499 Schloßsch auplatze die französischen Lustspiele, le Phi¬
361 1490 1171 1534 plophe marié, und l'Improntû de la campagne, in
359 1530 1175 1578 beyseyn des Hofes aufgeführet. Nach deren Endi¬
359 1572 1175 1633 ung war groß Soupee bey Ihro Majestät, der
361 1610 1167 1656 önigin, woselbst Se. Majestät, der König, und
346 1692 1173 1755 hobner Tasel wurde ein Ball eröfnet, und bis in die
361 1729 1110 1778 sate Nacht mit gröstem Vergnügen fortgesetzet.
371 1763 1163 1820 Gestern, des Abends, wurde in dem Opernhause
361 1813 1163 1857 am Beschluß der diesjährigen Winterlustbarkeiten
359 1851 1165 1906 te Oper, Lucius Papirius, aufgeführet. Nach
359 1893 1175 1962 seendigter Oper war bey Sr. Königl. Hoheit, dem
361 1935 1173 1979 drinzen von Preussen, groß Soupee und Ball, wo¬
346 1975 1167 2021 bey Sich Jhre Majestäten, der König und die Köni=
348 2019 1173 2063 zin, das hier befindliche Königl. Haus, die Durch¬
346 2059 1167 2109 läuchtigsten Braunschweigischen und fremden Prin¬
359 2223 1167 2281 in von Schwedt, des Dauphins, des Herzogs von
350 2260 1276 2332 Lumberland, und des Prinzen Friedrich Heinrich also;
350 2300 1167 2346 von England getragen, so ist nunmehro auch die
361 2342 1167 2397 Lrauer über das Absterben Sr. Königl. Majestät
353 2390 1165 2462 von Dännemark dazu gekommen, welche auf drey
353 2424 714 2479 Monate angeleget wird.
374 2462 1169 2529 Die Königl. Akademie der Künste und Wissen¬
359 2491 1167 2554 chaften hielt am letztverwichenen Donnerstag ihre
350 2546 1169 2598 pffentliche Versammlung, welcher Se. Königl. Ho¬
359 2592 1171 2659 eit, der Prinz von Preussen, beyzuwohnen geruhe=
1192 1060 2044 1127 ten. Der beständige Sekretair derselben, der Herr
1200 1117 2048 1190 Professor Formey, eröfnete die Sitzung mit folgen=
1198 1163 1417 1232 den Warten:
1398 1179 1685 1268 Gnädiger Herr!
1473 1234 1744 1293 Meine Herren!
1251 1266 2042 1335 "Weder die mir obliegende Pflicht, alljährlich das
1198 1316 2042 1385 "Wort zu führen, noch Ihnen die Ursache, welche
1203 1364 2040 1406 "uns allhier versammlet, anzuzeigen, setzt mich in
1194 1402 2042 1446 „Verwirrung: und ich fürchte nicht, durch eine öftere
1213 1442 2040 1494 Wiederholung einer und eben derselben Sache, noch
1200 1480 2042 1530 „durch die allgemeinen gebräuchlichen Ausdrücke be¬
1213 1526 2040 1572 schwerlich zu fallen. Gewiß, ich zweifle gar nicht,
1213 1572 2040 1614 daß, wenn ich getreuen Unterthanen sage; wie das
1192 1599 2040 1666 Leben ihres Monarchen, ihres Beschützers verlängert
359 1645 2040 1694 as Königl. Haus, gegenwärtig waren: nach aufge¬ ist, wie Seine Jahre nach dem ihre Wünsche fort¬
1203 1685 2040 1736 streichen, und wie sie alle Hofnung haben, sich zu ver=
1207 1727 2036 1771 'sprechen, daß Ihr Lauf noch nicht sobald werde unter¬
1203 1763 2034 1815 "brochen werden; ich zweifle nicht, sage ich, hierdurch
1203 1809 2036 1855 "ihre Aufmerksamkein zu erwecken, und alle ihre Em¬
1203 1843 2034 1895 "pfindlichkeit rege zu machen. Ich halte mich also
1203 1891 2032 1935 "an das Wort: Friedrich lebt! und ich höre das aus
1200 1933 2034 2009 "dem Innersten Jhrer Seelen wiederschallende Echo:
1207 1975 1354 2048 Er lebe!
1391 1990 1834 2065 Leipzig, vom 18. Jan.
1228 2048 2034 2107 Man sieht hier die Abschrift von der Uebersetzung
353 2090 2036 2147 sen, und viele Standespersonen beyderley Geschlechts eines französischen Briefes, welchen ein Prinz an
350 2134 2034 2189 befanden. Nachdem der Hof bishero die Trauer den Herrn Joh. Jac. Rousseau geschrieben haben soll.
353 2176 2034 2220 begen des Absterbens der höchstsel. Frau Marggrä= Wie dem seyn möge, so verdienet dieser Brief gele¬
1188 2220 1452 2288 sen zu werden.
1507 2220 2034 2281 Er lautet in gedachter Abschrift
1259 2273 2027 2351 Ihr habet die Republik Genf, euer Vaterland,
1192 2338 2036 2382 "verlassen. Aus der Schweitz, einom Lande, wel¬
1198 2380 2036 2441 ches ihr in euren Schriften so hoch erhoben habt,
1194 2416 2032 2483 „seyd ihr verjagt. Frankreich hat euch verurtheilt,
1209 2458 2032 2506 eingezogen zu werden. Kommt dann zu mir. Ich
1192 2498 2025 2558 "betrachte eure Fahigkeiten mit Verwunderung, und
1198 2542 2036 2594 "eure Mährchen dienen mir zur Zeitverkürzung, mit
1203 2579 2040 2665 welchen ihr euch jedoch, welches ich im Vorbeyge¬
