2663 3213
746 403 2480 476 vier an den Hen. Herzog von Choiseul Praslin abge= eiscus, welcher unter dem Nahmen eines Kron Prä¬
759 465 1612 519 gangen, der diesem Minister die Beschwerden des
752 506 1440 573 Magistrats gegen die Bürger überbringt.
968 543 1377 595 Haag, vom 25. Jan.
800 556 1610 634 Von unserm Gouverneur zu Curacao, Herrn Jo¬
765 625 1614 683 hann Rodier, sind jüngst wichtige Depeschen einge¬
759 664 1608 722 gangen. Dem Verlaute nach, ist man für die Si¬
761 709 1599 759 cherheit der Colonie zu Suriname in einiger Furcht
759 752 1610 802 Theils wegen des Anwachses der Nachbaren von ei¬
754 789 1608 845 ner andern Nation, und Theils wegen einer frischen
752 836 1280 903 Revolte der rebellischen Negers.
905 847 1455 924 Copenhagen, vom 28. Jan.
789 892 1608 970 Alle Königl. Bediente sollen einen von ihrer eige¬
750 953 1608 1011 nen Hand geschriebenen, unterschriebenen und unter¬
761 1002 1603 1069 siegelten Treu- und Huldigungseid nach einem ge¬
750 1041 1358 1090 wissen gedruckten Formular eingeben.
963 1082 1381 1129 Paris, vom 21. Jan.
789 1097 1608 1170 Zehn von den Generalpächter haben die Erlaub¬
746 1162 1601 1218 niß erhalten, sich Adjutanten und Nachfolger aus
750 1202 1601 1254 ihren Söhnen und Verwandten zu ernennen. Man
746 1291 1595 1336 allein man vermuthet, daß ein jeder 200000 Livres
750 1334 1603 1394 gegeben habe, wodurch der Staat 2 Millionen ge¬
746 1371 1121 1433 wonnen haben würde.
791 1390 1597 1461 Der Abt Brancas, Abt von Aulnay, hatte sich
754 1450 1603 1506 jüngst an dem einen Zeh einen Leichdorn also beschnit¬
746 1489 1605 1547 ten, daß er blutete. Einige Tage nachher ist man
750 1534 2472 1588 genöthiget gewesen, ihm den Zeh abzunehmen, und reich angetreten, um dasjenige zu verbitten, was in
746 1582 1605 1640 da seitdem der kalte Brand weiter gegriffen, so hat man
750 1614 1276 1690 auch den Fuß abnehmen müssen.
940 1636 1407 1711 London, den 21 Januar.
782 1672 1601 1752 Auf Befehl des Unterhauses soll von denen Zoll¬
739 1713 1601 1795 einnohmern ein genaues Verzeichuis derer aus und
739 1784 1599 1838 eingegangen Waaren nach und von den Africanischen
743 1825 1597 1875 und Amerikanischen Colonien von den Jahren 1762
739 1868 1593 1914 bis 1765. angefertiget werden, damit man dadurch
739 1905 1593 1957 in den Stand gesetzet werde eine genaue Kenntniß der
735 1946 1595 1996 Handlung nach den Colonien zu erhalten, und diesel=
743 1989 1593 2034 be nach aller Möglichkeit in Aufnahme zu bringen.
735 2032 1588 2080 Nicht nur die Londner Kaufleute, sondern auch aus
733 2075 1595 2127 verschiedenen andern Städten des Königreichs führen
735 2114 1588 2164 wegen des Verfalls der Amerikanischen Handlung die
737 2157 1588 2213 bittersten Klagen, und ersuchen daßelbe, dieserwegen
735 2200 1580 2248 die geschwindeste und dienstlichste Mittel vorzukehren
735 2243 1588 2297 Aus Bengallen haben wir unterm 10. Februar des
737 2282 1586 2327 abgewichenen Jahres die Nachricht daß der Ritter
735 2323 1586 2370 Fletcher die zahlreiche Armee des Souja Doula in
735 2366 1577 2429 die Flucht geschlagen, und sich darauf von Eliabad,
728 2409 1517 2478 und einem ansehnlichen Fort Meister gemichet.
972 2444 1349 2508 Rom, den 3 Januer.
774 2463 1590 2534 In der Nacht vom 1sten auf den 2ten dieses hat
731 2530 1586 2601 alhier der alte Ritter von St. Georg, Eduard Fran¬
1633 468 2478 534 tendenten von Großbrittanien bekannt ist, an einer
1629 509 2478 558 langwierigen und sehr schmerzhaften Krankheit, das
1629 552 2478 631 Zeitliche mit dem Ewigen verwechselt. Er war gebo¬
1629 599 2030 662 ren den 11 Junii 1688.
1780 625 2345 694 Donaustrom, vom 22. Jan.
1666 672 2478 741 Nach einem Schreiben aus Prag soll sowohl in
1629 720 2478 778 dem Königreiche Böhmen, als auch in Steyermark¬
1627 771 2478 821 der Kayserl. Königl. Befehl bekannt gemacht wor
1633 815 2472 871 den seyn, kein Getreide mehr aus dem Lande zu füh
1633 858 2476 927 ren, sondern vielmehr nach den zu errichtenden Ma¬
2032 901 2476 959 Da in vorigem Jahre die
1636 901 1968 950 gazinen zu bringen.
1633 922 2476 985 Erndte nicht allzu ergiebig gewesen, mithin der Preis
1633 978 2476 1026 des Getreides in etwas gestiegen, so ist dieses ver¬
1623 1026 2476 1090 muthlich die wahre Ursache jener Verordnungen des
1625 1060 2248 1138 allerhöchsten Kayserl. Königl. Hofes.
1784 1106 2321 1159 Warschau, den 30 Januar.
1666 1146 2476 1205 Am verwichenen Montag haben Sr. Durchl. der
1633 1187 2476 1248 Oestereichische General Fürst Poniatowski in dem
750 1243 2476 1295 weiß zwar nicht eigentlich, was ihnen dieses kostet, Radziwillschen Palais, worinnen die Redouten jetzt
1629 1289 2472 1336 gehalten werden, jedoch daß dißmal gar keine Spielt
1629 1327 2478 1373 daselbst verstattet sind, einen prächtigen Ball en Mas¬
1625 1366 2474 1418 que für jedermann gegeben. Sr. Majestät der Kö¬
1627 1407 2478 1457 nig haben sich auf demselben auch bis 2 Uhr zu ver¬
1627 1450 2472 1493 weilen geruhet. Nunmehro hat der Herr Poninski¬
1636 1489 2478 1543 Staroste von Ostrzek, wirklich seine Reise nach Frank¬
1629 1573 2470 1642 dem Zwischenreich mit dem Französischen Ambassa
1625 1616 2474 1659 deur beym Fürst Primas vorgegangen. Der Herr
1629 1659 2470 1702 Kammerherr von Loyko ist ebenfalls von hier nun
1625 1698 2474 1750 schon als bestimmter Resident des hiesigen Hofes bey
1627 1739 2467 1795 Sr. Majestät dem Könige von Frankreich nach Pa=
1621 1780 2470 1825 ris abgegangen. Es hat auch eine Erlauchte Reichs¬
1627 1823 2470 1864 Schaz=Commission den Cours der neuen Kupfermün¬
1627 1862 2465 1911 tze durch ein Universal bekannt gemacht und authori
1627 1905 2470 1955 siret. Der Gehalt dieser neuen Münze ist dahin bestim¬
1618 1950 2461 2002 met, daß aus einer Mark Polnisch guten reinen Kup
1618 1987 2439 2064 fers 120 Groschen Stücke gepräget werden sollen.
1614 2105 2463 2196 Wechsel-Cours & Species d. 13. Febr. 1766.
1612 2189 2401 2256 Amsterdam 41 Tage 308gr. 71 Tage 306½ gr.
1616 2230 1989 2308 Hamburg 3 W. 131 gr.
2058 2228 2308 2295 6 W. 130½/ gr.
1980 2263 2336 2336 Dantzig 26 pr. Cto.
1610 2276 1720 2325 Berlin
1614 2304 2000 2377 Ducaten neue 9 fl. 6 gr.
2086 2297 2442 2381 Alberts Taler 134 gr.
1612 2355 1858 2420 Rubel 118 gr.
1983 2349 2444 2420 Alt Polnisch Geld 14 pr. Cto.
1610 2444 2442 2500 Diese Gelehrte und Politische Zeitung wird des Montag
1655 2489 2422 2564 und des Freytags Vormittags um 10 Uhr in dem
1752 2541 2317 2614 Kanterschen Buchladon ausgegeben.
