2663 3213
653 446 2379 517 theilt haben, ihr überflüßiges schwarzes Wildpret ich euch sonst wohl zu sagen hätte; allein ich hoffe,
653 504 2388 560 niederschiessen zu lassen, und nur einige wenige zur ihr werdet doch das Wenige, was ich euch jetzo em¬
653 532 1508 582 Zucht aufzubehalten; in Nichtbefolgung dieses Be=
655 573 1508 629 fehls aber wollen Se. Kayserl. Majestät es selbst
655 621 1504 666 durch Dero Jäger oder durch Bauern thun lassen
662 662 1511 715 und solchergestalt allen Schaden, welcher dem Land¬
666 703 1418 754 manne dadurch zuwachsen könnte, verhindern.
864 739 1304 795 Odensee, den 19. Dec.
700 748 1506 832 Am Montage, den 15ten dieses, Abends um 71
659 812 2381 879 Uhr, kam in dem hiesigen Zuchthause Feuer aus, wo= wollen, so erinnert euch, mein Sohn, und vergesset
666 866 2379 924 bey auf 12 Fach von dem Aussenhause meisten Theils es ja niemals, daß kein anderer Unterschied zwischen
666 905 1511 950 abbrannten, nämlich der Stall das Torfhaus und
670 948 2388 1021 die Heuscheure, so, daß jedoch das unterste halbe Vorsehung euch verliehen habe, beständig für dessen
666 985 1515 1034 Stockwerk dieses Hauses noch erhalten wurde. Der
668 1019 1513 1073 Brand dauerte anderthalb Stunden, da er, weil kein
668 1062 1511 1116 Wind war, durch gute Anstalten gedämpfet wurde.
666 1108 1517 1170 Woher das Feuer entstanden sey, ist noch nicht be¬
677 1153 789 1213 kannt.
877 1159 1306 1248 London, den 17. Dec.
707 1215 1519 1278 Der Hof hat wirklich die letzte Hand an einen
670 1267 1519 1319 Commercientractat zwischen den hiesigen Königl. und
668 1312 2383 1373 den Rußischkayserl. Landen, auch an einen dergleichen bey Ostende an; und, weil der Sturm fortdauerte,
677 1355 1519 1403 zwischen unserer und der Krone Schweden, geleget.
681 1392 1524 1444 Zufolge des zwischen hiesigem Hofe und der Repu¬
677 1433 1526 1478 blik Genua jüngsthin geschlossenen Tractats, betref=
677 1474 1526 1524 fend die Handlung der Engelländer nach Corsica, will
668 1517 1517 1575 versichert werden, daß ehestens ein Engelländischer
677 1565 1384 1610 Consul auf gedachter Insel residiren werde.
847 1601 1373 1642 Versailles, den 21. Dec.
720 1605 1526 1683 Gestern Morgen, gegen 8 Uhr, haben Se. Kö=
675 1674 1526 1724 nigl. Hoheit, der Dauphin, nach einer langen und
677 1711 1526 1769 schmerzhaften Krankheit, in einem Alter von 36 Jah=
675 1758 1524 1806 ren 3 Monaten und 16 Tagen, das Zeitliche mit dem
683 1799 1524 1847 Ewigen zu Fontainebleau verwechselt. Höchstdiesel=
670 1840 1524 1888 ben haben während Dero Krankheit die gröste Ge¬
681 1881 1524 1929 duld und Standhaftigkeit geäussert, und der Kummer
675 1922 1526 1970 den die Nation, durch so mannigfaltige Zeugnisse ih
681 1963 1530 2013 rer Liebe und Verehrung, zu Tage geleget hatte, ist
675 2004 1524 2052 durch den Hintritt dieses Prinzen bis zum empfind
683 2041 1521 2095 lichsten Schmerzen erhöhet worden. Se. Maj. und
683 2084 1526 2136 die Königl. Familie, sind nach erfolgtem Todesfalle
685 2131 1524 2179 sogleich von Fontainebleau anhero gekommen; und
683 2170 1526 2217 der König hat Sr. Königl. Hoheit, dem Herzoge von
681 2207 1524 2261 Berry, den Titel eines Dauphins wieder beyge¬
672 2254 782 2323 leget.
901 2258 1330 2345 Paris, den 23. Dec.
722 2319 1524 2383 Alles ist über das Ableben des Herrn Dauphins
677 2370 1526 2422 in tiefes Trauren versetzet worden. Den Tag, da
683 2418 1528 2465 man bey Sr. Königl. Hoheit die schon bekannte
681 2444 1774 2508 Operation vornahm, beriefen Sie den Herrn Herzog Rubel 115gr.
675 2539 1519 2599 gendes: "Mein Sohn, euer Alter verhindert mich
683 2580 1526 2651 euer Gedächtniß mit demjenigen zu beschweren, was
1528 550 2379 597 pfehlen will, behalten. Ihr sehet, daß ich bereit bin,
1532 590 2377 644 den Tribut der Menschlichkeit zu entrichten. Ich
1528 627 2379 677 weiß nicht, ob der Himmel euch längere Lebenstage
1534 672 2379 715 aufbehalten habe. Jhr müsset sie anwenden, mit
1532 709 2379 756 der Nation, für die Erhaltung des Lebens des Köni=
1528 756 2379 806 ges zu beten. Wenn aber der veränderliche Lauf
1528 795 2379 838 der Natur euch zu dessen Nachfolger sollte machen
1537 920 2379 963 euch und euren Unterthanen sey, als der, welchen die
1537 996 2036 1058 Wohlfahrt angewendet zu seyn.
1543 1009 2383 1116 Aus einem Schreiben von Havre de Grace,
1849 1071 2075 1131 den 6. Dec.
1575 1103 2386 1166 Das Schiff, die Cornelie, welches einem hiesigen
1534 1162 2386 1207 Kaufmanne gehört, ist itzo, durch eine sonderbare
1541 1202 2390 1243 Begebenheit, zu Middelburg. Nachdem es zu Fe¬
1541 1239 2386 1293 camp durch Sturm von seinen Ankern war abgeris¬
1543 1282 2388 1330 sen worden, so kam es eine Meile von den Dämmen
1541 1366 2386 1418 und das Schiff in Gefahr zu setzen drohete, so nah¬
1543 1409 2388 1450 men der Capitain und das Volk, nachdem sie den ein=
1545 1446 2388 1493 zigen noch übrigen Anker ausgeworfen hatten, den
1549 1489 2396 1537 Entschluß, mit der Schaluppe an Land zu gehen, um
1541 1526 2386 1575 Hülfe zu suchen. Inzwischen sind die Lootsen von
1545 1569 2388 1623 Ostende an Bord des Schiffes gekommen, haben sich
1549 1610 2392 1657 desselben bemächtiget, und es nach Middelburg ge=
1549 1651 2392 1707 führt. Sie fordern nun ihren Berglohn, der sich
1545 1696 2388 1739 auf den dritten Theil des Werths ihrer vermeynten
1556 1733 2394 1786 Prise beläuft. Der Capitain hat sich genöthiget ge=
1545 1776 2386 1825 funden, seinem Schiffe nachzureisen, und man ist itzo
1547 1821 2386 1871 mit den Ostendern in Unterhandlung wegen der Ver¬
1552 1862 2394 1909 geltung ihres Dienstes, dessen man sie gern überho¬
1545 1890 1845 1961 ben gehabt hätte.
1715 1937 2226 2002 Petersburg, vom 3. Dec.
1582 1965 2394 2034 Am jüngstverwichenen 25sten November sind zu
1552 2008 2390 2082 Cronstadt noch 2 Schiffe, nämlich J. Simon Sahn,
1545 2073 2388 2114 von Lübek, und Fedde Imes, von Amsterdam, einge¬
1547 2105 2388 2179 kommen; den 27sten darauf aber war die See, so
1549 2149 2006 2205 weit man sehen konnte, vest.
1556 2222 2394 2284 Wechsel-Cours & Species d. 9. Jan. 1766.
2036 2269 2342 2360 71 Tage 304½ gr.
1549 2269 2000 2347 Amsterdam 41 Tage 305 gr.
2002 2314 2233 2381 6 W. 131 gr.
1543 2321 1937 2396 Hamburg 3 W. 1311 gr.
1549 2364 1653 2414 Berlin
1914 2355 2289 2439 Dantzig 26½/ pr. Cto.
1549 2383 1920 2474 Ducaten neue 9 fl. 5gr.
2039 2405 2386 2470 Alberts Taler 137 gr.
1914 2422 2392 2500 Alt Polnisch Geld 131 pr. Cto.
683 2493 2388 2564 von Berry, und sagten Demselben unter andern sol Diese Gelehrte und Politische Zeitung wird des Montags
1590 2554 2353 2616 und des Freytags Vormittags um 10 Uhr in dem
1696 2588 2248 2655 Kanterschen Buchladen ausgegeben.
