2663 3213
658 503 1502 553 uns einen fast bessern Begrif von der Nutzbarkeit der
654 546 1504 589 Klöster, als wohl zu unsern Zeiten. Diese Nonne
656 587 1502 632 philosophirte über die Vereinigung des Leibes und
650 622 1502 675 der Seele und man wil des Herrn von Leibnitz
650 835 2373 888 gen, muste man ihn christianisiren George Major einer kleinen Anmerkung beschließen wir unsern Aus=
654 916 2373 968 gebenden Gehülfen der Reformation, und daher ward det und allerhand Gesichter von Gelehrten ausstellt,
656 953 1504 1005 er auch wegen seines Wankens angefochten. Hype¬
654 1035 1502 1086 und Mark in ihren Schriften verborgen, und ihr
658 1241 1506 1291 Phantast zugleich, der nichts geringeres als die Ver¬
650 1317 2371 1377 dem Christenthum, zum Endzweck hatte Wer wird zu seiner Privatglückseligkeit und erhöhet die Würde
654 1489 1502 1532 dorf bleibt mehr ein mühsamer als angenehmer
658 1530 1502 1573 Geschichtschreiber. Seine Uebersetzung des Lucans
648 1570 2371 1626 kommt wohl in keine Rechnung. Sirmond, Lobrede, als in einer Kritik über die gelehrten Ver¬
650 1607 1504 1654 einer der gelehrtesten Jesuiten, hat mehr Verdienst
654 1652 1504 1697 durch seine Ausgaben von Kirchenscribenten, als
650 1689 1502 1732 durch eigene Arbeiten. Wir ruhmen hiebey die gute
654 1732 1502 1779 Claßification seiner Schriften. Lensant hat noch
654 1775 1504 1820 mehr Vorzug in der Geschichte als auf der Kanzel,
656 1811 1504 1863 und seine Aufheiterung in Gesellschaften Fluß seiner
663 1848 1499 1910 Feder ist ein liebenswürdiges Kunststück. In sei¬
656 1895 1504 1947 nem Lebenslauf vor seinen Predigten findt man noch
654 1936 1495 1983 eine besondere Anekdote von der Ahndung seines To¬
650 1977 1497 2026 des, die hier nicht berührt ist. J. A. Fabricius, der
654 2059 1495 2113 bürgerlich und mehr als ein Handlanger der Ge¬
658 2102 1495 2151 lehrsamkeit geschildert zu seyn. Solte er nur ein
658 2134 1495 2192 bloßer Sammler vom ersten Range gewesen seyn?
654 2184 1502 2233 Doch es mag seyn, wenn ihn nur nicht zehn andre
658 2304 1499 2358 ßeau! Was wil dieser Saul unter den Prophe¬
650 2347 1493 2403 ten? Der größte Odendichter, der Franzosen, ein
654 2431 1493 2485 in der Gesellschaft! Vielleicht, weil er andächtig
648 2470 1484 2528 gestorben; Obgleich dieses noch ein eben so proble¬
654 2506 1491 2562 matischer Ruhm wäre, wie die Frage von dem wah¬
648 2551 2366 2609 ren Verfasser des berüchtigten Couplets. Jedoch zu beklagen. Wir reden von Amt= und Rechtswegen,
641 2603 2373 2670 molliter ossa cubant! Querini der gelehrte Car= und können nicht umhin ihr frey herauszusagen, daß
656 417 2386 521 umstände sind sparsam, aber ihre Schriften machen dinal war freilich in Religionssachen verträglicher,
1527 516 2375 561 aber alles aus Ehrgeitz, und der Streit wegen der
1532 546 2377 598 überflüßigen Feste mit dem Pabst macht ihn zum
1523 594 2373 639 Bigot. Er hatte Genie Litieratur aber zu wenig
1523 632 2371 686 glückliche Kühnheit im Denken. Durch seinen Eti=
650 673 2379 723 metaphysisches Glockenspiel, seine vorherbestimmte keit von Brieswechsel mit protestantischen Theologen
656 719 2377 766 Harmonie, schon in ihren Lustspielen entdecken, die erlangte er weiter nichts nach unserm Urtheil, als
658 753 2369 802 aber blos dialogisirte Erzählungen heißen können, daß er, wie ein Bischof, offene Tafel hielt, und jene
654 798 2373 845 Denn um damals den Terenz auf die Bühne zu brin= artige Schmarotzer waren, die zu leben wußten. Mit
652 878 2377 931 war aus der Schule Philipps, des bekannten nach= zug. Obgleich Herr S. sich an keinen Zwang bin¬
1525 957 2373 1009 so wolten wir doch lieber immer mehr ein entschei¬
650 998 2373 1050 rius gehört unter die Gottesgelehrten, die Kern dendes Urtheil von den Gaben seiner Helden, davon
1525 1041 2371 1091 ihre Schriften Zeugen sind, als von dem morali¬
658 1078 2373 1129 Talent nicht im Sweißtuch vergraben haben. Man schen Charakter derselben vor bewahrt annehmen.
658 1121 2371 1168 siehet aus vielen neueren Werken, wie viel uns die Denn so wenig ein Spinoza in seinen Irrthü¬
656 1166 2371 1213 lieben Alten vorgearbeitet haben. Wilhelm Postel mern gerechtfertiget ist, weil er ein tugendhaftes Le¬
654 1209 2377 1252 war ein großer Linguist, Kabbalist und ein großer ben geführt, so wenig darf ein frommer Wandel ei¬
1525 1246 2369 1293 gentlich in der Waagschale der Gelehrsamkeit eines
648 1289 2373 1334 einigung aller Religionen, selbst des Mahomeds mit Mannes das Gewicht austragen. Denn er gehört
658 1366 2373 1418 uns doch aus dem Wust solcher Ebentheurer und ih= der Gelehrsamkeit, aber er bestimmet sie nicht an
654 1407 2371 1456 ren Labyrinthen einmal das Gehalt und den Leitfa= und für sich, sondern das Genie und die Wissen¬
650 1450 2371 1493 den herauszusuchen wissen? V. L. von Secken= schaft sind allein hiebey abzuwägen. Doch, als Ge¬
1525 1491 2373 1540 schichtschreiber betrachtet, giebt man Erwähnung da¬
1525 1536 2373 1579 von zu, nur sie findet eher statt in einer Leichen= und
1525 1616 2369 1689 dienste eines Mannes. Kostet in den Kanterschen
1525 1652 1900 1723 Buchhandlungen 1 fl.
1710 1764 2184 1857 Leipzig und Rinteln.
1562 1829 2369 1902 Gedichte eines jungen Frauenzimmers sind bey
1523 1874 2037 1945 Berth 1766 herausgekommen.
1553 1925 2364 1986 Der Titel dieser Gedichte wird durch zwey Vorre
1519 1983 2369 2029 den, unter welchen die erste sich vom Herausgeber,
654 2016 2369 2067 berühmte hamburgische Polyhistor, scheinet uns zu die zweyte von der Verfasserin herschreibet, bestäti¬
1519 2065 2371 2110 get, und zwar mit dem Zusatze, daß es eine große
1523 2097 2371 2149 Jugend sey in der sich un ere Dichterin befinde. Wir
1517 2140 2364 2194 wollen also zur Steuer der Wahrheit annehmen daß
1525 2186 2377 2231 sie 14 Jahre alt sey, und zur Vorbereitung zum Pre¬
658 2224 2369 2276 Sammler mit ihren Schubkarren wieder plündern diger gehe, als worauf uns unter andern ein verun¬
654 2267 2364 2317 wolten Auch ein Dichter! Johann Bapt. Rou= glücktes Stück gebracht hat, welches: Gedanken am
1523 2313 2364 2356 Charfreytage an Thirsis, überschrieben ist, und
1517 2347 2364 2401 durchaus keine Vergebung verdient. Mit einem
656 2386 2369 2442 Cynicker in seinen Couplets, und ein unruhiger Kopf Worte das gute Mädchen liebt, und wenn sie ihre
1517 2429 2369 2476 Freunde, die sie zur Herausgabe dieser Gedichte, wie
1519 2472 2366 2526 sie anzeiget, überredet haben; in allen andern Stücken
1512 2517 2371 2562 so unverantwortlich hintergehen; so ist sie recht sehr
