2663 3213
789 427 2508 499 schiedenen andern Nationen, den Frieden bekräftiget diesem und dem Hrn. Casanova, mithin auch als ou
956 519 1479 592 Warschau, den 13. März.
821 560 1644 630 Von dem neulich gemeldten Duell des Grafen
791 609 1649 667 Branicki mit dem venetianischen Edelmann Cassano=
785 662 1640 710 wa, ist annoch zu merken, daß solches zu Wola ge¬
793 705 1640 752 schehen. Es war nemlich der Herr Kronuntertruch
791 746 1646 795 ses, Graf Branicki, mit dem Herrn General Czaps¬
782 787 1649 836 ki dahin gefahren, um einige vor kurzem erhaltene
789 832 1644 879 Pistolen zu probiren. In dem daselbst befindlichen
791 875 1642 924 Garten traf der Herr Graf obgedachten Venetianer
782 913 1649 960 an, und weil er schon sonsten auf den Herrn Kronun¬
785 958 1642 1001 tertruchses eine Art von Feindschaft geworfen; so kam
793 1001 1640 1046 es zwischen ihnen zu einem hitzigen Wortwechsel, auf
785 1040 1642 1087 welchen allen möglichen Vorstellungen des Herrn Ge=
782 1080 1638 1128 neral Czapski ohnerachtet, diejenige Satisfaction,
782 1125 1649 1170 welche sie beyde von einander gefordert und auch ver¬
791 1166 1651 1213 sprochen hatten, und zwar aus denen zur Probe
782 1205 1642 1256 geladenen Pistolen erfolgte. Bey dem ersten Gange
782 1252 1649 1297 traf der Herr Casanova den Herrn Kronuntertruchses
793 1293 1651 1338 in den Unterleib, doch so daß die Kugel unter der
785 1331 1651 1385 Haut ihren Weg nahm und an der rechtrn Seite wie=
789 1372 1651 1423 der herauskam, und weil sie das Eingeweide nicht im
797 1421 1653 1468 geringsten beschädiget, der Hr. Kronuntertruchses sich
791 1456 1646 1507 ausser aller Gefahr befindet. In dem andern Gange
793 1501 1642 1550 war der andere Schuß des Hrn. Kronuntertruchses,
789 1541 1646 1589 ohngeachtet derselbe schwer verwundet sich befand,
789 1584 1646 1629 nicht schlechter gerathen, und die Kugel, welche dem
789 1623 1646 1676 Hrn. Casanova die Haut des Unterleibes gestreifet,
789 1666 1644 1715 verwundete ihn am linken Arm und blieb daselbst in
789 1709 1651 1760 dem Knochen sitzen. Die erste Hitze, in welche der
793 1749 1649 1799 Hr. Kronuntertruchses bey dem Anblick des Hrn. Ca¬
797 1792 1653 1841 sanova und durch das erneuerte Andenken der ehema¬
797 1833 1649 1878 ligen Beleidigung gesetzt worden, war nicht vermö¬
791 1874 1651 1923 gend zu verhindern, daß er nicht Proben seiner edeln
791 1914 1649 1962 Denkungsart und seines großmüthigen Herzens hätte
797 1959 1649 2004 geben und für die Erhaltung und Sicherheit seines
791 2000 1649 2047 Widerparts, besonders da es ein Ausländer war der
789 2039 1651 2092 ihn beleidigt hatte, nicht hätte sorgen sollen. Weil
793 2086 1651 2133 aber dies kein vorsetzlicher Zweykampf, sondern eine
789 2122 2497 2169 ohngefehre Streitigkeit gewesen, wurde die Sache genommen worden, welche sich, wie gesprochen wirr
791 2167 1586 2217 beygelegt und ist nicht weiter untersuchet worden.
836 2187 1649 2260 Am selbigen Tage da der Duell zwischen dem Grafen
797 2238 1646 2298 Branicki und dem von Casanova, vorgefallen, hat
789 2285 1646 2343 der bisherige Oberste der leichten Truppen und Kö¬
793 2335 1642 2390 nigl. Stallmeister, Biszewski, nachdem er erfahren,
789 2380 1646 2429 daß gedachter Graf Branicki durch einen Italiener
791 2420 1651 2472 verwundet worden, aus unüberlegtem Eifer, ohne
800 2461 1646 2504 sich gnugsam zu erkundigen, durch wen, nun 6 Uhr
791 2504 1651 2549 Abends, den Grafen Tomatis, Director des Thea¬
789 2547 1646 2594 ters, welcher vor kurzem einige Verdrießlichkeiten mit
793 2585 1642 2637 dem Hrn. Kronuntertruchses gehabt, und den er folge
791 2630 1651 2699 lich vor den Urheber des Mißverständnisses zwischen
1674 489 2508 557 Ursache der nachhero erfolgten Verwnndung ansahe, in
1674 532 2508 590 seinem Logis übersallen, und nach demselben geschon
1679 577 2506 647 sen, aber zum Glück verfehlet, und zugleich den
1672 620 2508 684 Krongroßtruchses Moszinski, welcher ihn in seiner
1674 658 2508 729 Verbitterung besänftigen wollen, mit dem Säbel ge
1679 705 2506 761 fährlich im Gesichte bleßirt, und ist darauf zu Pferd¬
1674 742 2508 821 eschapiret. Se. Majestät haben, sobald Ihnen dies
1672 787 2500 840 schändliche That zu Ohren gekommen an delse
1672 827 2508 896 Stelle sogleich zum Oristen der Ulahnen den Herrn
1666 868 2506 926 Kammerherrn von Coulon, und zum Generaladju
1674 915 2502 965 tanten den Hrn. Czapski, zu Dero Stallmeister abe
1672 954 2502 1014 den Herrn Krusziaki ernennet; zugleich dem Kron
1672 999 2506 1048 marschallamte empfohlen gedachten Biszewski sory
1672 1046 2506 1093 fältigst aufsuchen zu lassen, und mit demselben laus
1674 1083 2508 1136 Recht exemplarisch zu verfahren. Es ist vor kurzen
1674 1121 2500 1173 ein Lieferantjude entlaufen, welcher vor die hiesis
1679 1170 2506 1218 Münze Silber geliefert, und hat über 6000 poln.
1672 1207 2506 1284 Gulden an neuem Gelde entwandt, es ist demselben
1674 1258 2069 1303 auch nachgesetzt worden.
1711 1282 2508 1353 Das Schloß Ujasdow wird fleißig repariret und
1679 1329 2508 1393 dabey viele neue Werke angelegt. Da Se. Majest¬
1672 1376 2500 1428 nach Östern daselbst zu residiren gesonnen; so arber
1672 1411 2506 1462 ten täglich über 200 Leute daran, um solches zu die
1681 1458 2500 1509 ser Zeit in gehörigen Stand zu setzen. Der Her
1674 1494 2508 1546 Kronmarschall, Graf Bilinski, hat sein richterlich
1670 1543 2497 1586 Amt, wegen schwacher Gesundheit, dem hier befin
1674 1580 2508 1634 lichen Hofmarschall von Lithauen, Fürsten Saugu=
1672 1625 2502 1676 ki, übergeben, und hat derselbe am 6ten im Beysey
1672 1666 2506 1726 vieler Herrschaften diese Jurisdiction feyerlichst fun
1672 1706 2502 1758 diret. Der Graf Moszynski hat ausser dem Hier
1681 1745 2506 1816 im Gesicht, wodurch er 3 Zähne verloren, eine statt¬
1679 1801 2407 1846 Wunde längst dem linken Arm bekommen.
1672 1837 2502 1886 Majestät besuchen den Grafen Branicki, welcher nou
1679 1874 2506 1938 nicht ausser aller Gefahr seyn soll, östers in höchste
1681 1914 2504 1979 Person. Man spricht daß die Kronschatzcommißion
1672 1955 2500 2015 aller Schatzofficianten Pensiones und Accidentien
1679 2002 2504 2062 verkürzen willens sey, weshalbst ein Universal beren
1672 2039 2502 2099 publiciret seyn soll. Es sind 2 Bediente des Wol
1674 2079 2508 2148 woden von Masuren vor einigen Tagen in Verhaf¬
1672 2178 2437 2225 gegen die Ronde zur Wehr gesetzet haben.
1679 2221 2403 2270 soll mit denenselben scharf verfahren werden.
1672 2247 2508 2337 Wechsel-Courr & Species d. 28. Märtz r766.
1672 2322 2133 2399 Amsterdam 41 Tage 308 gr.
2167 2332 2461 2397 71 Tage 306½/gr.
1679 2371 2075 2440 Hamburg 3 W. 130½ gr.
2131 2365 2367 2433 6 W. 130 gr.
1672 2412 1784 2465 Berlin
2075 2403 2416 2478 Dantzig 28 pr. Cto.
2159 2446 2500 2515 Alberts Taler 138 8
1676 2459 2079 2521 Ducaten neue 9 fl. 5 gr.
2043 2491 2506 2555 Alt Polnisch Geld 144 pr. Cto-
1674 2495 1917 2549 Rubel 116gr.
1666 2555 2500 2611 Diese Gelehrte und Politische Zeitung wird des Montay=
1717 2603 2482 2658 und des Freytags Vormittags um 10 Uhr in dem
1811 2643 2382 2712 Kanterschen Buchladen ausgegeben.
