2479 3213
1211 1497 1655 1576 den 10. Merz 1766.
712 1501 1190 1595 20tes Stück. Montag,
345 1610 1179 1695 Ueber die Nothwendigkeit beschäftigt zu seyn,
484 1668 1026 1755 um nicht Langeweile zu haben.
345 1772 1186 1853 Die Menschen haben kein natürliches Vergnü=
350 1887 1186 1958 und dieses wolte vielleicht Plato zu verstehen ge=
350 1973 1290 2051 Sprache sagt: die Liebe ist ein Kind des Ueber: nach.
352 2013 800 2077 flußes und der Bedürfniß.
352 2224 1181 2290 Vergnügen nur halb so lebhaft, als bey dem, wo
350 2305 1192 2371 ben Mahlzeit stillt. Die Kunst ersetzt die Natur
343 2433 633 2493 dürfniß es thut.
1201 1591 2054 1653 thätigkeit folgt, fügt dem Menschen so schmerzhafte
1203 1642 2054 1695 Uebel zu, daß er oft die schwersten Arbeiten unter¬
1196 1683 1943 1740 nimmt um nur ihren Qualen zu entgehen.
1237 1704 2051 1774 Die Seele beschäftigt sich nur auf zweyerley
1203 1764 2056 1813 Art: entweder überläßt sie sich den Eindrücken der
1203 1806 2051 1864 äussern Gegenstände, welches man Empfinden
345 1847 2049 1896 gen, das nicht die Frucht der Bedürfniß wäre, nennt; oder sie unterhält sich mit Betrachtungen
1203 1885 2054 1949 theils nützlichen, theils neugierigen, über verschied-
350 1924 2054 2002 ben, wenn er in seiner gewöhnlichen allegorischen ne Vorwürfe, das heißt, sie überlegt oder denkt
1245 1983 2056 2060 Dieses letzte wird ihr oft verdrießlich ja selbst
375 2058 2051 2107 Je größer die Bedürfniß ist, desto empfindlicher unthunlich, fürnemlich wenn der Gegenstand ihrer
350 2083 2060 2143 ist das Vergnügen, das aus ihrer Sätigung ent- Betrachtungen nicht eine wirkliche oder neue Em-
350 2139 2060 2201 springt. Bey dem köstlichsten Gastmal, zu dem pfindung ist. Alsdann muß sie sich anstrengen ihm
350 2175 2054 2224 man nur den gewöhnlichen Apetik bringt ist das achtsam zu folgen, und nicht selten beschließen sich
1207 2222 2060 2275 diese durch die Lage des Gehirns unfruchtbar ge-
345 2256 2051 2312 man einen wirklichen Hunger nur mir einer gro- machte Anstrengungen mit der Ueberzeugung, daß
1211 2305 2051 2359 sie vergebens nachgedacht habe, oder die zu erhitzte
350 2341 2056 2401 schlecht, und alles Nachgrübeln kann das Vergnü= Einbildungskraft stellt sich nichts eigentliches mehr
345 2386 2056 2476 gen nicht so zubereiten und würzen, als die Bez vor, und verliert sich in unendlichen Ideen ohne
1203 2420 2058 2478 Verbindung und Bezug, die im Tumult aufein¬
386 2459 2051 2529 Leib und Seele haben eins wie das andre die ander folgen — oder der von der Spannung er=
348 2499 2058 2563 jhrigen, und eine der größten des Menschen besteht müdere Geist wird schlaf, und seine finstre schmach¬
345 2542 2051 2597 in der Nothwendigkeit, die Seele beschäftigt zu tende Träumerey, während welcher er so zu sagen,
352 2591 2060 2683 erhalten. Die Langeweile die so bald auf ihre Un= nichts denkt, ist die einzige Frucht des Bestrebens
1962 2627 2058 2700 nach
