2663 3213
825 431 1449 524 "Wo nun schon wieder hin? "Zu Weine.
821 494 1063 560 Zank du alleine.
863 537 1462 611 "Du gehst? -= Verdammtes Kaffeehaus!
821 579 1515 662 "Ja: blieb er nur die Nacht nicht aus¬
819 632 1279 694 "Gott! ich soll verlassen seyn?
834 655 1555 745 "Wer pocht?==Herr Nachbar?== nur herein
834 719 1339 791 "Mein böser Teufel ist zu Weine:
834 762 1086 825 "Wir sind alleine.
762 817 1604 887 Hieraus wird es offenbar erhellen, daß man diesen
757 885 1604 948 Kleinigkeiten ein Motto aus dem Hagedorn zu setzen
755 923 1222 997 alles Recht in Händen hat:
857 967 1400 1042 Den jetzt an Lieder reichen Zeiten
863 1029 1394 1095 Empfehl ich diese Kleinigkeiten
859 1073 1372 1150 Sie wollen nicht unsterblich seyn.
764 1118 1394 1222 Sie wollens nicht, sie können es nicht.
793 1213 1602 1315 Kosten in den Kanterschen Buchhandlungen 24 gr.
893 1440 1455 1525 Leipzig und Danzig, 1765.
787 1508 1604 1606 Der Schüler der Natur. Aus dem Französischen
751 1551 912 1627 übersetzt.
1245 1597 1375 1665 Meare
791 1633 1559 1739 de coelo ad terram de terra ad fidera cocli.
1445 1703 1595 1784 LuCRET.
791 1752 1591 1845 "Weil wir durchaus Bücher haben müssen, so ist
749 1820 1595 1886 eines vorhanden, welches nach meinem Sinne die
747 1998 1589 2047 Zeit seine Bibliothek ganz allein ausmachen, und es
747 2036 1582 2085 wird stets einen angesehnen Platz darinnen behalten.
747 2079 1582 2132 Es wird der Text seyn, welchem alle unsre Unterre
747 2151 1587 2212 Auslegung und Erläuterung dienen werden. Es
747 2193 1582 2251 wird bey unserm Fortgange zum Stande der Ur¬
740 2236 1576 2285 theilskraft zum Beweise dienen, und so lange unser
740 2276 1580 2329 Geschmack nicht wird verderbt seyn, wird uns das
742 2314 1574 2367 Lesen desselben allezeit gefallen. Welches ist denn
738 2361 1576 2416 dieses wundersame Buch? Jst es Aristoteles? Jst
742 2401 1582 2473 es Pinius? Jst es Buffon? Nein; es ist Ro=
728 2433 1003 2509 binson Crusoe?
766 2488 1572 2573 Diese Stelle aus dem 3ten Buch des Aemils hat
717 2531 1565 2616 nach dem Vorbericht, den Verfasser bewogen seinen
1631 441 2463 509 Schüler der Natur bekannt zu machen. Diejenige,
1635 507 2463 571 die verstehen was es für Mühe kostet sich zu der
1631 541 2461 596 wahren Simplicität herabzulassen, und die Eindrü=
1633 588 2463 634 cke der Natur auf ein ganz neues Herz zu beschrei
1640 624 2461 675 ben, werden über die Stärke dieses Buch, das 421
1635 664 2155 717 Seiten in 8vo hat, erschrecken.
2215 672 2459 730 Geßner, dieser
1633 713 2461 753 glückliche Mahler der schönen Natur, hat sie nur an
1631 753 2459 800 sehr wenigen Stellen über den ersten Wirkungen auf
1627 789 2459 840 die menschliche Seele ertappt — In den Jahren
1625 832 2461 878 wenn wir die erste Empfindungen haben, wissen wir
1633 870 2463 916 sie nicht recht auszudrücken, wir hupfen über sie
1633 916 2463 961 weg, einige Jahre drauf erinnern wir uns dersel¬
1619 950 2459 999 ben, aber nicht mehr deutlich genug, und wagen wir
1619 991 2463 1056 es deutlich über solche Materie zu reden, so merkt
1619 1029 2465 1086 der Zuhörer uns leicht ab, wie viel die reine Em¬
1625 1073 2461 1129 pfindung durch die Erfahrungen, und was wir theo¬
1625 1122 2183 1192 retisch gelernt haben, gelitten hat.
1661 1179 2465 1239 Unsern Schüler der Natur hat das beynah allge¬
1621 1222 2463 1277 meine Schicksal getroffen, er erfindt und raisonnirt
1621 1275 2459 1326 immer wie ein Franzose, und der Leser wird fast
1625 1313 2461 1366 überall sagen: Er hat entweder alles in der Studir=
1627 1353 2459 1425 stube erdichtet, oder sein Gedächtniß ist ihm sehr un¬
1625 1400 2461 1462 getreu gewesen. Die meisten Erfindungen dieses
1621 1440 2459 1483 bis ins 15te Jahr in einem Kefigt erzognen, und
1619 1476 2454 1529 nachher auf eine Jnsel ausgesetzten Menschen schme=
1625 1523 2463 1574 cken nach Witz, manche Auftritte möchten gar der
1619 1557 2456 1616 Natur entgegen seyn, wenn man sie auch bloß nach
1621 1595 2456 1644 der Geschichte des Robinsonschen Freytags prüfen
1621 1633 2456 1686 wolte. Zweydrittheile des Werks sind blos roman¬
1621 1678 2459 1729 haft, der Verfasser bringt in selbigen Akteurs aus
1619 1718 2450 1790 allen Nationen an, um seine Moralen einkleiden zu
1616 1763 2454 1820 können. Die Cpisode des Baron Dorville wird
1621 1803 2456 1848 nach unserm Erachten die Leser am besten unterhal¬
1616 1841 2461 1892 ten, weil die eingestreute Lehren durch ihren bekann¬
755 1877 2459 1932 glücklichste Abhandlung von einer natürlichen Erzie= ten Werth die Leser intereßiren. Der Anhang von
755 1915 2454 1971 hung an die Hand giebt. Dies Buch wird das er= der Geschichte des Ackerbaus, Mathematik, Klei¬
755 1952 2461 2005 ste seyn das mein Aemil lesen wird; es wird lange dung rc. hätte füglich wegbleiben können. Den Be¬
1619 2000 2452 2077 schluß machen einige Satze über die Erziehung nach
1612 2043 2452 2109 Rousseau. An wenigen Orten entdeckt man etwas
1606 2083 2452 2132 Naivität, an sehr vielen aber Spuren von einer
747 2115 2448 2200 dungen von den naturlichen Wissenschaften nur zur Philosophirsucht, die ein Wilder niemals auf solche
1610 2168 2087 2236 Art ausüben wird und kann.
1648 2212 2446 2297 Dieser Fehler ohngeachtet wird dieses Werk al
1610 2270 2446 2335 len gefallen, die bisweilen den Untersucher und Ken¬
1604 2331 2446 2374 ner affektiren, die die gewöhnliche Robinsons zu
1606 2365 2446 2416 schlecht halten, die wahre Naivität nicht verstehen,
1604 2408 2446 2452 und sich beym Lesen von schweren Arbeiten ausruhen
1597 2454 2433 2520 wollen. Rousseau aber möchte es wohl nie dem Ro¬
1595 2490 2212 2560 binson an die Seite zu setzen erlauben.
1591 2546 2427 2622 Kostet in den Kanterschen Buchhandlungen 1 fl. 15 gr.
