2663 3213
773 404 1619 481 Die komische Erzählungen sind voller Stellen eines
771 475 1611 528 reichen Genies, nur tadelt man manche entbehrliche
773 518 1621 563 Geschwätzigkeit. Kann aber Phocion wie man es
771 556 1613 608 haben will, in Athen immer lakonisch sprechen, und
765 597 1613 649 trift es hier auch nicht ein: wes das Herz voll ist,
762 646 1613 694 gehet der Mund über? Wieland, (dieser wird zu¬
771 685 1619 730 verläßig als Autor genannt doch mit einigem Kopf¬
771 724 1628 773 schütteln über diese ihm vorher so fremde Leyer,) ist
769 773 1619 822 also unser deutscher Hans la Fontaine, ein Götter¬
765 805 1621 853 mährchen und ihren Liebesschwänken, unser Cervan¬
771 848 1370 913 tes und Fielding im Don Sylvio.
1402 848 1621 906 Cäcilia, ein
773 891 1611 943 deutscher Roman, ist mittelmäßig. Man råth an,
765 930 1619 979 den eigenthümlichen Charakter und den Sitten un=
767 973 1615 1027 srer Nation Stof zu Romanen geben zu lassen, folgt
773 1020 1619 1065 lich die Scenen nicht immer auswärts zu verlegen.
765 1057 1621 1108 Unter den Nachrichten ist Cube über Heumann und
767 1095 1619 1153 Tellers Schreiben an Boysen merklich. Nach dem
767 1142 1615 1188 gegebenen Wort des Verlegers finden wir in diesem
773 1185 1619 1228 Theil mehr juristisches mitgenommen. In den schö¬
758 1228 1615 1276 nen Wissenschaften finden wir ein neues englisches
767 1269 1617 1316 komisches Heldengedicht, der Trappenschütze; aber
767 1310 1615 1351 von einem Ton, den man in J. — burschikos nen¬
767 1353 1624 1394 net. Arminius (Herrmann) par le B. de Cronzeck
760 1392 1613 1445 ist eine lustige Erscheinung. Der Recensent weiß
760 1437 1621 1482 nicht, wie Sch — — in Cronzeck verwandelt wor¬
758 1475 1617 1525 den, ob der Uebesetzer das Gedicht selbst oder die
758 1518 1615 1559 deutsche Nation lächerlich machen wollen — Unsre
760 1559 1606 1606 Bibliothek wird nach dieser schon gelieferten Probe
765 1598 1611 1645 ein immer gemeinnützigeres Produkt von Deutsch¬
756 1679 1615 1739 beiter keine Zeloten und Ketzermacher seyn, alles
760 1722 1613 1791 Sanftmuth und Bruderliebe, obgleich sie der Wahr¬
758 1763 1615 1817 heit nicht zu nahe treten lassen; indessen möchte
752 1810 1615 1860 mancher von ihrem Ton das fordern, was dort der
752 1849 1615 1896 Heiland zu verbinden besiehlt: seid klug wie die
760 1888 1611 1935 Schlangen und einfältig wie die Tauben. In den
758 1933 1606 1986 schönen Wissenschaften ist der Geschmack fein und
756 1976 1606 2023 richtig, ihr Urtheil hebt sich mit einem scharfen
756 2019 1604 2068 Strich aus, jedoch vermeiden sie ein Sprechen über
749 2059 1606 2105 die Brust, und die so vielen hurtigen Schriftstellern
752 2102 2457 2182 fürchterliche Diktatur des Witzes und einen So= Dingen vermischt angegeben, die eine allzu so
743 2141 1198 2197 lipsismus des Geschmacks
749 2163 2455 2253 Kostet in den Kanterschen Buchhandlungen 4 fl. 18gr. liefen Philosophenmäntel und Soldatenröcke durch
1076 2313 1278 2401 /Leipzig.
734 2427 1598 2476 von des Herrn Le Beau Geschichte des morgenlän¬
737 2476 1596 2528 dischen Kaiserthums, als eine Fortsetzung der Wer¬
734 2519 1596 2571 ke des Rollin und Crevier, in einer deutschen Ueber¬
734 2553 1596 2611 setzung. Es enthält die Geschichte unter den Söh=
737 2603 1596 2665 nen Constantius des Großen, die ihrem Charakter
1643 412 2500 490 nach fast noch unter dem Vater zu setzen sind. Man
1643 479 2491 526 will aus der römischen Historie bemerken, daß die
1647 518 2493 565 Cäsare, welche ihren Vätern nachfolgten, und schon
1643 558 2502 610 zum Reiche berusen waren mehrentheils aus der Art
1647 603 2498 653 geschlagen. Wir sehen unter ihren Regierungen
1651 646 2493 691 wenig große Auftritte von Helden, desto mehr aber
1647 687 2493 734 von Bischöfen. Athanasius macht eine ansehnliche
1651 728 2493 775 Rolle, und die Bewegungen der Arianer zerrütten
1643 767 2493 812 die Kirche. Von den Streichen und dem Verderben
1651 814 2491 876 der damaligen Bischöfe findet man S. 97. ein sehr
1641 853 2491 896 ärgerliches Beispiel. Unter dem Constans unter
1658 898 2483 947 hielten die kriegerische Perser noch die Neige der rö
1643 941 2478 986 mischen Tapferkeit; Constans selbst war ein Prinz
1651 979 2483 1033 der zwischen den Rechtgläubigen, die er beschützte
1647 1020 2493 1065 den Ketzern, die er verwarf, und den Heiden, deren
1643 1063 2485 1108 Abgötterey er zu zerstören suchte, mitten inne stand.
1643 1104 2491 1149 Nie hat ein Regent einen so zweideutigen Ruf hin¬
1639 1145 2485 1194 terlassen, obgleich ihm der Titel beatissimus gegeben
1643 1190 2485 1241 worden. An seinem Hofe war nur ein einziger wür
1647 1233 2485 1276 diger Mann, Euthenius. Bey allen Söhnen Con¬
1647 1271 2485 1321 stantins des Großen traf also beynahe das Sprüch
1643 1319 2470 1362 wort ein: Heroum nati noxae, worauf wir den den
1643 1359 2478 1402 schen Reim nicht zusetzen mögen. Unter dem Con¬
1651 1396 2478 1447 stantins kamen Gallus und Julian aus. Was S
1643 1441 2470 1488 158. von dem Bau dieser beiden Brüder auf der
1643 1480 2474 1538 Grabe des heiligen Mamas als wunderbar erzähl
1636 1523 2472 1568 wird, verdient mehrere Prüfung. Das Schlo
1639 1566 2476 1615 Daphne bey Antiochien, welches S. 160. als eir
1634 1604 2476 1651 Auffenthalt des Vergnügens reitzend beschrieben wird
758 1639 2485 1697 lands Gelehrten. In der Theologie wollen die Ar= war ein anders Capua. Die Schlacht bey Mursa
1636 1694 2483 1737 mit den Magnentius, wird S. 177. sehr lebhaft ge¬
1636 1731 2472 1776 schildert. Man hörte von allen Seiten schreien
1636 1772 2467 1832 ihr seid Römer; erinnert euch des Ruhms und de
1636 1815 2467 1873 Tapferkeit der Römer. Es ist sehr nützlich daß di
1636 1855 2465 1911 Gesetze dieses Kaisers berührt werden; noch meh
1628 1888 2455 1946 Untersuchung würde nicht geschadet haben. Julia
1634 1941 2470 1984 erscheinet S. 318. bey seiner Ernennung zum Cäsat
1630 1986 2459 2027 als ein politischer Heuchler, aber als ein bessere
1634 2021 2470 2074 Feldherr gegen die Deutschen. Seine schöne Ei¬
1628 2064 2467 2111 genschaften werden S. 384. mit widersinnischen
1630 2150 2467 2197 phistische Erziehung eingeflößt, und an seinem Hofe
1628 2231 2467 2298 einander; sein Ruhm that indessen dem Constantius
1619 2272 2467 2319 Abbruch, und erregte seinen Neid. Die Rede an
1621 2315 2476 2377 seine Truppen S. 430. und ihr heldenmüthiger Ent=
1630 2358 2465 2403 schluß sind ein rührendes Ueberbleibsel der alten rö¬
775 2382 2461 2448 Bey Casp. Fritsch erscheinet schon der 2te Theil mischen Zeiten, wie überhaupt die Feldzüge die
1628 2435 2463 2483 ses nachherigen Kaisers. In diesem Theile gehet
1615 2487 2455 2532 die Geschichte noch immer unter dem Constantius
1619 2521 2465 2568 bis auf die letzten Jahre seines Regiments. Man
1621 2564 2452 2611 kann sagen, daß die Vorfälle interessanter und die
1615 2607 2450 2680 Schreibart immer lebhafter wird. Wir sind begie
