2663 3213
678 384 1528 475 kerie eine Abhandlung verdiente, allein wir besinnen
674 460 1531 522 uns daß eine Recension aus ihr zugeschnitten wer=
674 507 1531 557 den soll. Herr Professor Gruner hat die löbliche
682 546 1528 596 Absicht gehabt, eine Anweisung zur geistli¬
674 587 1522 641 chen Beredsamkeit herausgeben; allein wir
680 630 1526 680 zweifeln sehr ob er seine Absicht erreichet habe. Das
682 674 1535 721 Buch ist denen beyden Herren Oberconsistorialräthen
682 708 1533 771 Sack und Spalding zugeeignet, und man muß
680 764 1526 814 gestehen, daß wenn der Verfasser so glücklich die
682 801 1528 848 Materien in seiner Anweisung gewählt hätte, als er
680 840 1533 894 das Paar Männer zu seiner Zueignung gewählt hat;
680 879 1522 937 so würde sein Unternehmen denjenigen Dank verdie
674 920 1531 974 nen den wir ihm jetzt nicht völlig zugestehen können.
678 963 1531 1017 Es ist bekannt was Sack und Spalding vor eine
678 1002 1531 1056 ungekünstelte, und wenn ich so frey seyn darf, vor
674 1082 1531 1140 ten großen theologischen Einsichten besitzen — Wir
680 1127 1526 1185 haben heute wieder die Recensentenart so viel Lust zu
674 1170 1524 1222 loben, daß wir weit lieber denen oft aus Neid oder
674 1207 1526 1263 Bosheit verkannten Verdiensten derer unsterblichen
671 1248 1522 1308 Sack und Spalding Gerechtigkeit widerfahren lassen,
667 1300 1520 1349 als den Herrn Prof. Gruner herumnehmen möch¬
665 1334 1520 1395 ten. Doch damit wir mit ihm säuberlich verfahren,
674 1373 1518 1427 so mag er wissen daß es eine höchst unnöthige Arbeit
663 1416 1524 1466 sey, in der Anleitung der geistlichen Beredsamkeit
667 1459 1513 1515 die Beredsamkeit überhaupt, und was noch mehr ist,
665 1496 1518 1550 die Beredsamkeit in §§, und überhaupt in einer
663 1539 1520 1595 höchst unschicklichen Lehrart vorzutragen. Seine zwey¬
658 1589 1520 1641 te Anmerkung ad §2. wo er sich nicht entbrechen kann
658 1632 1513 1680 des Aristoteles Texms ρνο ßα Ti
658 1675 1513 1731 des Cicero de ofatore ad Q. Fratrem libri tres, und
656 1718 1511 1768 des Quinctilianus de Institutione oratoria libri duo-
658 1764 1511 1813 decim, nach seiner Art anzupreisen, hätte hienächst
656 1798 1507 1846 unter andern neuern Anleitungen zur Beredsamkeit
656 1839 1507 1889 den ramlerschen Batteux empfehlen sollen, und
656 1885 1513 1928 wenn seine Zuhörer dieses alles hinreichend ver¬
656 1921 1507 1975 dauet; so hätte er sein Collegium mit der geistlichen
656 1969 1511 2016 Beredsamkeit anheben sollen. Ueber die Beredsam¬
658 2010 1505 2059 keit überhaupt hat er das lange nicht so vorzüglich
656 2053 1507 2100 gesagt und sagen können, was andere vor ihm gesa¬
658 2090 1511 2141 get haben; vielleicht wäre er nach unserem Plane
656 2129 1507 2182 glücklicher gewesen — Vom Redner zum geistlichen
650 2174 2375 2232 Redner ist der Schritt eben so klein, als der vom wird also eine Arbeit übernehmen, die dem Ka¬
658 2221 2377 2271 vernünftigen Mann zum Christen — Wir bedecken rakter eines gemeinnützigen Gelehrten vollkommen
654 2260 1505 2310 andere Fehler mit dem Mantel der Liebe, und neh¬
650 2295 1502 2347 men uns die Freiheit, dem Herrn Professor wegen
654 2338 1505 2390 des unvermutheten Ablebens seiner treuen Ehegat¬
650 2381 1502 2433 tin, seiner geliebtesten Grötznerin, zu condoliren,
650 2424 1500 2467 und das aus Lebensart, weil er uns nemlich ihren
658 2467 1498 2513 Tod in der Vorrede gemeldet, nächstdem wünschen
654 2506 2375 2562 wir seinem ältesten Sohne, der nach seiner Erzäh= Herrn Gottscheds, der in des Herrn H. Sprache
654 2545 1496 2595 lung gefährlich krank darnieder lieget, eine baldige
643 2588 2379 2644 Besserung. Kostet in den Kanterschen Buchhand= Abschnitt von Weisheit und Klugheit, seinen Gedau¬
639 2625 987 2707 lungen 1 fl. 15 gr.
1863 417 2105 499 Jena 1766.
1593 458 2413 533 J. C. Hennigs moralisch und politische Abhand=
1554 514 2368 574 lung von dem Wege zur Weisheit und Klugheit.
1597 568 2409 622 Gewiß ein wichtiges Thema, welches bey gehöri¬
1552 613 2409 658 ger Ausführung allen Ständen des menschlichen Le¬
1550 648 2403 715 bens nützlich seyn muß — Dem Verfasser hat es
1559 695 2413 745 aber beliebt alle Hofnung zu übertreffen, und die
1559 725 2424 777 Wörter Weisheit und Klugheit bloß an seiner Feder¬
1559 766 2411 833 spitze hängen zu lassen. Die 21 Paragraphen seiner
1552 812 2407 868 Schrift enthalten ganz bekannte Sachen, denen er
1552 844 2405 917 durch eine schlafmachende Atmosphere von Anmer¬
1552 889 2394 948 kungen gern ein gelehrtes Ansehn gegeben hätte. Er
1559 933 2403 991 spricht sehr viel von Endzwecken, Zwecken, Mitteln
1552 980 2403 1034 und Projekten — Er behauptet daß es gleich gute
1561 1017 2403 1077 Mittel gäbe, aber gleichgültige hält er für unmög¬
678 1045 2407 1112 eine herzliche Beredsamkeit bey ihren ausgemacht lich — Seine Einsicht, die sich nicht durch die Au¬
1550 1101 2396 1155 torität eines Leibnitz, Wolfs und anderer Ober= und
1552 1140 2405 1194 Unterofficiers des principii indiscernibilium blenden
1554 1181 2405 1237 läßt, lacht jeden aus der hierin nur einen Schein
1544 1220 2407 1280 von Widerspruch findet. Sein Exempel von den
1554 1265 2407 1315 zwey Löffeln zum Medicineinnehmen mag seine Zu¬
1552 1310 2394 1358 hörer ungemein überzeugt haben. Die angeführte
1546 1349 2401 1405 Beyspiele des Herrn Professors zeigen indessen daß
1546 1395 2401 1440 er ein gutes Herz hat, er sahe das Einschläfernde sei¬
1548 1438 2401 1498 ner verunglückten Abhandlung ein, und wolte sie
1552 1470 2394 1524 durch ein paar Erzählungen aufgeweckt machen —
1546 1513 2398 1567 Wir können nicht unterlassen dem Herrn H. wegen
1550 1554 2401 1617 seines Witzes zu gratuliren, wofern der Einfall des
1546 1600 2398 1651 Tartüffe p. 68. sich von Angeliken castriren zu lassen,
1546 1634 2424 1690 um sie dadurch zur Frau zu bekommen, von seiner
1544 1675 2398 1731 Erfindung ist. Vielleicht ist der V. in seiner prakti¬
1546 1716 2401 1770 schen Logik, die er bisweilen als einen starken Be¬
1541 1766 2388 1813 weisgrund seiner in allen halbvergeßnen Moralen
1544 1803 2394 1857 befindlichen Problem Auflösungen anführt, glücklicher
1535 1841 2392 1895 gewesen. Er giebt dem Herrn Darjes und Meyer
1537 1891 2394 1936 im Vorbeygehen die verbindlichsten Beynamen und
1539 1928 2394 1977 führt sie an, wir zweifeln aber daß sie das Vergel¬
1535 1960 2385 2023 tungsrecht brauchen werden. Einmal erwähnt er
1535 2014 2392 2059 auch den Rabner, ohne zu bemerken daß dieser ihn
1537 2057 2377 2107 mitgemeynt da er Noten ohne Text schrieb. Uebri¬
1531 2096 2385 2148 gens sind wir sehr der Meynung des Herrn Ver¬
1537 2133 2379 2189 fassers wenn er in seiner Vorrede sagt: Derjenige
1528 2262 2383 2314 gemäß ist, wer sich bemühet seinem Nebenmenschen
1528 2306 2379 2357 den Weg zur Weisheit und Klugheit zu bahnen,
1528 2342 2379 2396 einen Weg auf welchem wir nur gerade fortwan¬
1524 2381 2126 2442 deln dürfen, um glücklich zu werden.
1569 2405 2377 2478 Bis daß der Verfasser diese Materien besser be¬
1526 2465 2379 2517 handelt, wird er uns erlauben in der Moral des
1528 2545 2379 2606 höchstens ein Gefreyter in der Philosophie ist, den
