2479 3213
743 1489 1660 1566 3tes Stück. Freitag, den 10. Jenner 1766.
645 1592 884 1662 Dresde 1765.
361 1609 1149 1713 Fanny ou l'heureux repantir, histoire angloise.
412 1679 1183 1739 Milord Thatley sieht die Tochter seines Päch¬
338 1722 1183 1769 ters, und beschließt sie zu heyrathen. Sir Thoward
333 1756 2051 1809 sein Freund ein niederträchtiger Mann, sucht ihn da¬ alt sind nicht ihre Natur verlieren — Ich zweifle
338 1846 1179 1893 Thatley nur eine Scheinheyrath schließt, die durch
338 1886 1183 1931 eine anderweitige Verbindung mit des Lord Dorsons
338 1929 1183 1974 Tochter, wozu Dirton, Thatleys Oncle ihn halb
340 1970 1188 2019 zwingt, zerrissen wird. Adams, Fanys Vater, ein
333 2008 1179 2055 ehrwürdiger Carakter thut alles um den Lord Dir¬
338 2051 1186 2100 ton zu bewegen, und verfallt nebst seiner Familie in
338 2089 1179 2136 die größte Armuth, weil er das Geschenk des Dir¬
333 2136 1186 2177 tons für den seiner Tochter gespielten Betrug anzu¬
338 2175 1186 2222 nehmen zu edel ist. Einige Jahre hernach stirbt die
333 2209 1179 2264 Lady Thatley, nachdem sie ihrem Gemal manchen
333 2249 2042 2301 Kummer verursacht. Thatley wird durch eine uner= wird. Der Verfasser ist der Herr Prof. Schröckh
338 2294 1179 2339 wartete Begebenheit zum Gefühl der Ehre erweckt,
340 2376 872 2431 thet seine liebenswürdige Fanny.
380 2393 1186 2472 Wenn die Scene mit dem Sir Windham nicht in
333 2446 1186 2514 diesem Roman stünde, so würde man ihn von der ersten
340 2504 1186 2553 Seite an errathen können — der Verfasser hat den
340 2578 1188 2649 Die vorkommende Briefe sind höchst schlecht, so wie
1207 1587 2051 1651 auch die Sprache — Sehr gut daß Herr von Pre
1209 1636 2051 1686 montwal nicht mehr lebt, er machte dem Verfasser
1207 1679 2051 1728 gewiß einen Proceß. Der Leser muß gerührt wer¬
1207 1715 2051 1762 den, weil die vorkommende Scenen dadurch daß sie
338 1792 2051 1846 von abzuhalten, und bringt es endlich dahin daß daß man diese Geschichte bekommen hätte wenn kei¬
1201 1837 2055 1916 ne Pamela vorher da gewesen wäre. Kostet in den
1207 1891 1884 1946 Kanterschen Buchhandlungen 1 fl. 9 gr.
1542 2006 1730 2098 Leipzig.
1237 2055 2053 2143 Nunmehro erhalten wir schon bey C. G. Hilschern
1207 2126 2040 2175 Leipzig 1765 die 3te Sammlung von den Abbildun=
1211 2168 2049 2226 gen und Lebensbeschreibungen berühmter Gelehrten
1209 2209 2047 2260 nebst 10 Kupfern, womit der erste Band beschlossen
1207 2288 2049 2339 in Leipzig, und wir sehen mit Vergnügen, daß sich
346 2326 2055 2382 sucht die Familie des alten Adams auf, und heyra; diese Biographie in ihrem guten Credit noch immer
1207 2369 2049 2429 mehr bestärket. Es gefällt uns auch recht wohl, daß
1207 2412 2055 2461 man Gelehrte aus allen Kirchen und Zeitaltern,
1220 2450 2049 2506 Sprachen und Zungen auftreten läßt und in der
1213 2493 2049 2546 Wahl so viel Unpartheylichkeit als feinen Geschmack
340 2531 2059 2587 Marmontel in seiner Erzählart nachahmen wollen. äußert. Roßwitha, die berühmte deutsche Non¬
1209 2574 2061 2664 ne zu Ganderheim erscheinet zuerst. Ihre Lebens¬
1893 2617 2057 2692 umstände
