2479 3213
1216 1438 1643 1523 den 3. Merz 1766.
720 1446 1201 1540 18tes Stück. Montag,
615 1557 901 1630 Königsberg.
376 1604 1186 1673 Bey unserm Verleger ist herausgekommen: Träu¬
348 1656 1183 1739 me eines Geisterssehers erläntert durch Träume der
361 1718 857 1797 Metaphysik, 8 B. in 8, 1766.
380 1758 1188 1824 Da der Titel dieses Buchs doppelte Träume an¬
348 1805 1179 1886 rundiget: so setzten wir uns bey Lesung desselben
348 1859 1181 1912 auch in die Lage, Träume zu hören; denn was kann
348 1897 1179 1974 aufmerksamer machen, als Träume eines Gei
352 1931 1186 1997 stersehers, Träume der Metaphysik, und die ohn¬
348 1989 1192 2061 geachtet ihrer Verschiedenheit, doch durch einander
355 2019 1186 2072 erläutert werden sollen. Wir lasen die Vorrede
348 2059 1186 2132 durch, einen Vorbericht, der sehr wenig, wie der
344 2102 1188 2160 Verfasser sagt, für die Ausführung verspricht; wir
355 2147 1188 2200 gingen den ersten dogmatischen Theil in seinen 4
352 2183 1194 2254 Hauptstücken durch, und fanden, daß diese Träume
352 2224 1194 2299 einen so feinen Leitfaden haben, als wir gemeinig¬
352 2264 1196 2343 lich an unsern physischen und gelehrten Träumen
352 2305 1188 2380 vermissen. Wir schifften zum zweiten historischen
350 2348 1186 2427 über, der uns den Aufschluß zur Gelegenheit des
359 2393 1203 2459 ganzen Buchs gab; wir schlossen endlich mit dem
361 2427 1194 2502 sanften Schauder oder Schlummer, mit dem man
359 2472 1192 2540 Traum/ und Geistererzehlungen hört, und hingen
359 2517 1196 2568 unsern eignen Träumen nach. Die Leser, die dies
1216 1532 2049 1600 sem ganzen Buch eine feine einnehmende Art des
1216 1577 2051 1645 Vortrags finden, die ihrem Zweck und Inhalt sehr
1207 1632 2053 1679 angemessen ist; den glücklich getroffenen dämmern¬
1207 1673 2051 1720 den, und hinsinkenden Ton, den etwas dunklen Ne¬
1209 1705 2055 1758 bel, der das Gewand der Träume zu seyn pflegt; die
1203 1743 2049 1799 treuherzige Laune zu erzählen, und philosophiren,
1207 1788 2049 1841 welche Sätze unter Meynungen, und Zweifel unter
1209 1822 2047 1886 Zergliederungen verbirgt; und daher sich oft der
1207 1867 2055 1925 Laune des Tristram Shandy mit Fleiß und vie¬
1211 1910 2051 1965 ler Unterhaltung nähert — Kurz! wir können diese
1207 1950 2051 2010 Schrift mit der ehrlichen Mine des Altvater Ho¬
1207 1991 2055 2044 mers empfehlen; wenn er allemal hinter die
1218 2029 2057 2085 Träume seiner Helden das Nota bene setzt; "denn
1224 2076 2036 2145 "wahrlich der Traum kommt vom Jupiter!
1222 2115 1792 2183 (raj yug r ovag èx Alos 85w)
1258 2162 2061 2228 Dies ist die Form der Schrift, die ein Räthsel
1218 2207 2061 2271 seyn muß, wenn wir nicht den Inhalt nennen:
1216 2252 2027 2322 und da fangen wir vom historischen Theil an.
1254 2279 2057 2341 Der Verfasser giebt von einem berühmten Gei¬
1224 2326 2057 2397 sterseher Nachricht, der wirklich ein Phönomenon in
1218 2369 2057 2435 einer Zeit seyn muß, die wie die unsere so neugierig
1218 2412 2053 2476 auf Beobachtungen in einer unbekannten Welt ist,
1220 2446 2064 2512 als sie sich gesetzte Philosophie anmaßet, sich über
1218 2491 2074 2555 die Leichtgläubigkeit zu erheben. Es ist Herr Schwe¬
359 2534 2072 2649 nach unsermn Exempel thun wollen: werden in die, denberg in Schweden, von dem der Verfasser 3 Er=
1933 2572 2072 2638 zählun
