2479 3213
770 1448 1678 1531 9tes Stück. Freitag, den 31. Jenner 1766.
350 1595 2054 1657 len: eine Einladungsschrift, womit zur feierlichen die Hand, die aus den Wolken sich senkt und tausend
345 1674 2060 1736 lutherischen Gymnasii zu Halle . . . .. einladet Schulen, Lehrer von großer Geschicklich¬
345 1772 616 1853 3 Bogen in 4.
350 1883 2058 1938 unser deutscher Rollin, giebt uns hier Erfahrungs= lich abgelegt, und nach zehn treuen Schuljahren mit
352 1917 2058 1977 volle Vorschläge zur Verbesserung der Schulen, von den einträglichsten Pfarrstellen belohnt, oder wenn
352 1966 2058 2019 denen er nicht weiß, ob er sie Ahnung, Hofnung, sie außerordentliche Schultalente haben bey heran¬
352 2005 2060 2060 Wunsch oder einen süssen Traum nennen soll. Er nahendem Alter in einem Stifte, (wie Sokrate im
352 2132 2056 2182 besserung der Landschulen, und durch den Eifer, durch den abgeschaft, und die schönen Jugendanstalten in
358 2211 2058 2271 worden. So wie wir wissen, daß seine Plane, len schlechten lateinischen Trivialschulen werden ver¬
358 2297 2060 2346 dern Stückweise hin und wieder schon versucht wor= deutschen Schulen kleiner Städte schlägt er das
358 2341 1201 2391 den sind: so wünschen wir, daß sein Nachfolger, der
358 2423 1203 2472 wird, schon Materie gnug von einer völlig erfüllten
365 2544 1207 2597 unter dem Namen Gelon; — (denn zu allen Ver¬
373 1546 2060 1616 Die Hofnung besserer Zeiten für die Schu= besserungen der Schulen ist der Arm des Regenten
350 1638 2062 1691 Begehung des zweiten Jubelfestes des evangelisch= andre in Bewegung setzen muß.) Er fodert für
350 1717 2058 1781 M. Joh. Pet. Miller, Halle bey Gebauer, 765. keit und von den besten Willen. Zu diesen
1203 1761 2060 1810 wil er junge Gelehrte, die auf Akademien die Phi¬
1207 1802 2058 1855 lologie und Philosophie als Privatdocenten gelehrt,
386 1842 2058 1892 Der berühmte und verdiente Herr Rektor Miller, eine halbjährige Probe des Schulunterrichts glück¬
356 2047 2060 2101 ist zu dieser Prophezeyung, wie er sagt, durch die Prytaneum) anständig versorgt werden sollen. Alle
356 2090 2058 2145 Peterburgschen Anstalten, durch die Preußische Ver= niedrige Amtsverrichtungen der Schulmänner wer¬
360 2173 2058 2228 den Sachsen seine Schulen heilen will, veranlaßt Würtemberg zum Muster genommen. — Die vie¬
358 2254 2066 2307 nicht ganz mehr zu den Luftgebäuden gehören, son mindert und in größere zusammengezogen: in den
1222 2335 2062 2386 Reccardsche Schulbuch, gründliche theologische
365 2378 2071 2435 zum dritten Jubelfeste das Programm schreiben Anweisungen, einen Auszug aus den Baumeister¬
1228 2412 2058 2465 schen, Gottschedischen oder Ernestischen
373 2455 2066 2512 Hofnung besserer Schulen hätte. Herr Miller ers Philosophien, eine Kenntniß der Künste und Hand¬
371 2499 2066 2555 dichtet sich einen Fürsten, der ein Schulfreund ist, werker, und zum Nachschlagen das Jablonski¬
1228 2536 2069 2595 sche Lexicon vor, und rühmt die Gothaischen An¬
1949 2580 2077 2651 stalten
