2479 3213
349 402 1192 501 Beantwortung eines Goldarbeiters aus Berlin auf
381 531 1166 615 deiters zu Paris, künstlich verfertigtes wohl=
624 572 912 637 riechendes Gold.
407 611 1194 693 Daß die Franzosen in der Jonvelierkunst es so
344 663 1194 727 weit gebracht, dem Golde alle Gestalten zu geben,
346 703 1198 766 wird ihnen wohl niemand glauben, indem schon lan=
349 740 1192 800 de vorher, ehe man noch die Gallier unter die Gesit¬
346 790 1185 850 teten gezählet, schon das Gold in alle Gestalten un
346 826 1192 897 Hormen gebracht worden. Daß sie demselben aber
349 869 1192 942 aue Farben geben können, noch viel weniger, indem
346 908 1185 979 es bey den Mahlern schon lange ein allgemeine
351 949 1200 1022 Grund, daß aus 2 vermischten Farben eine dritte,
353 998 1192 1065 and aus 3 oder 4 eine andere hervor kommt; die
353 1080 1190 1155 oder dreyerley Vermischung wird eine andere produ¬
346 1123 1185 1200 dirt, nemlich aus feinem Silber und feinem Gold
344 1166 1194 1228 entstehet ein anscheinendes Grün, nachdem das Sil¬
346 1205 1190 1271 der wohl rafinirt, daß es ins Blaue fällt, ist es et
349 1248 1190 1314 was grüner, aber es kann noch nicht recht Grün
346 1286 1196 1360 heissen, weil niemalen das Silber blau werden wird,
346 1321 1185 1411 durch rafinirt Kupfer und fein Gold wird ein braun
346 1375 1192 1435 geldes, aber nicht rothes Gold, wie sie es heissen.
355 1413 1185 1489 Stahl mit Gold vermischt, macht eine finstere, graue
355 1443 1183 1525 sprode Masse, aber nicht, wie sie es nennen, Blau
349 1489 1183 1564 das sind alle sogenannte Farben, aber deswegen kön
346 1530 1192 1605 nen diese Massen nicht couleurt Gold, sondern nur
346 1581 1185 1650 eine Metallmasse genannt werden. Wer aber das
349 1618 1183 1691 Sold per se in seiner Farbe erhöhen, oder dieselben
346 1661 1185 1747 chne Addition brechen kann, den wird man mit
346 1695 824 1790 Recht einen Künstler nennen.
374 1730 1185 1833 Was aber den Geruch betrift, wird ihnen auch
340 1783 1183 1872 dar von einem halben Kenner der Mettalle nicht zu
346 1833 1185 1912 gestanden werden, denn alle compacte Körper haben
353 1880 1179 1962 teinen Geruch, nehmen auch keinen an, als von ei=
346 1912 1175 1999 nem ausserlichen Anstrich, welche Perfumirung ihner
346 2005 1175 2087 nas wohlriechend kann genannt werden, die Poröser
346 2050 1177 2117 noer, sowohl in Gestein, Erdart als halb Metall,
346 2082 1170 2164 daden einige sowohl einen stinkenden als angeneh
338 2123 1183 2209 nen Geruch, und nehmen ihn auch an, die festen
340 2177 1179 2250 noet, voraus die fixen Metalle, nehmen keinen Ge=
338 2209 1187 2293 rach an, indem ihnen in der Schmelzung keiner bey¬
338 2263 1179 2360 dabringen, und ist kein Geruch, der nicht durchs
346 2291 643 2379 schmelzen vergehet.
340 2431 1816 2530 den etwas gegen genugsame Erkenntlichkeit aus, da= Oberhauses eingeladen werden sollten.
336 2459 1183 2547 mit man es durchs Feuer examiniren kann, denn oh=
338 2508 1185 2592 de Feuer kann kein Metall tractirt werden, sonst
331 2584 501 2665 der halten
1254 424 2072 495 Es könnte diese Materie viel weiter und chimischer
346 475 2072 540 der Herrn Tritton von Nanteville, Königl. Goldar= extendirt werden, dieweil man sich aber in keine ge¬
1211 534 2072 585 lehrte Controversen einlassen will, so habe es nur,
1211 570 2070 630 dieweil ichs mit meines gleichen zu thun habe, so kürz=
1226 615 1669 678 lich, als möglich, abgefaßt.
1381 641 1902 712 Frankfurt, vom 10. März.
1271 697 2076 751 Zu Rom ist zu Ende des Monats Januars ein
1218 740 2070 792 Seelenamt für den verstorbenen Dauphin gehalten
1215 785 2070 835 worden, wobey alles, was man in diesem Fall präch¬
1215 826 2070 876 tig nennen kann, beobachtet worden ist. Diese Ce¬
1215 860 2070 914 remonie wurde in dem Apostolischen Pallast in der
1215 910 2074 962 Pauliner Capelle verrichtet. Selbst der Pabst woh=
1211 951 2070 1000 neten derselbigen bey, indem Sie, Ihrer schwanken¬
1215 992 2067 1037 den Gesundheit ohngeachtet, Sich nicht entschliessen
346 1035 2065 1091 Metalle haben auch ihre Farben, und durch zwey, können, dem Andenken dieses Prinzen eine so wohl
1218 1071 2065 1127 verdiente Ehre zu versagen. 26 Cardinäle und eine
1222 1119 2065 1168 Menge Prålaten waren dabey zugegen; alle mit den
1215 1160 2063 1207 schmerzhaftesten Gesinnungen erfüllt, die der Ver¬
1215 1203 2063 1252 lust eines um die Religion so verdienten Prinzen von
1211 1241 2063 1317 einem jeden ihrer Verehrer mit Recht erwarten läßt.
1357 1284 1917 1332 Donaustrohm, vom 15 Márz.
1252 1321 2065 1379 Se. Kayserl. Majestät haben einen Schneidermei¬
1209 1366 2061 1420 ster aus Erdburg, welcher bey der letzten Feuersbrunst
1209 1409 2061 1461 zu St. Marcus, ohne Rücksicht der Gefahr sich zu Lö=
1211 1450 2063 1506 schung derselben außerordentliche Mühe gegeben, mit
1209 1493 2061 1540 einer goldenen Medaille, 24 Ducaten schwer, aller¬
1211 1534 2065 1585 huldreichst zu beschenken geruhet. Der Feldmarschall,
1207 1577 2065 1628 Fürst Wenzel von Lichtenstein, hat einen prächtigen
1207 1618 2065 1665 und ganz besonders gearbeiteten Staatswagen, nebst
1209 1661 2063 1704 einem Zuge von 8 Finnländischen Schimmeln von der
1207 1702 2054 1749 Rußischen Kayserin zum Präsent erhalten. Heute
1207 1745 2065 1794 sind Se. Königl. Hoheit, der Prinz Clemens, Bischof
1207 1779 2061 1831 von Freysingen und Regensburg, mit einer Suite von
1209 1826 2063 1884 9 Personen eingetroffen, und werden in allem von dem
1203 1869 1859 1928 Kayserl. Königl. Hose aus sofort bedienet.
1409 1912 1848 1964 London, den 14 März.
1248 1940 2057 2001 Den 18ten des vorigen Monats hat der Hof einen
353 1964 2063 2039 egen, deswegen folget nicht, daß der Körper durch= Courier mit der Ratification des zwischen Grosbrit¬
1200 2039 2063 2087 tannien und Schweden geschlossenen Bündnißes nach
1200 2076 2059 2130 Stockholm abgefertiget. Den 11ten wurde im Ober¬
1200 2121 2054 2171 hause zum zweyten mahl die Bill wegen Einziehung der
1209 2164 2057 2207 Stempel Acte gelesen, und es wurde nach vorhergegan¬
1207 2205 2061 2252 genen heftigen Debatten sestgesetzt, daß selbige den 13ten
1203 2248 2057 2295 in einer großen Comitte sollte untersucht werden. Die
1203 2287 2057 2336 zu dieser Comitte verordnete Glieder des Oberhauses
1203 2332 2054 2384 haben obgedachte Bill ohne die geringste Aenderung
383 2336 2059 2431 Soute aber ein solches künstliches wohlriechendes approbiret, und zugleich festgesetzt, daß sie auf den 17ten
344 2371 2057 2465 Seld ronnen gemacht werden, so bittet man sich da= zum letzten mahl gelesen, und hiezu alle Glieder des
1409 2495 1844 2545 Paris, den 14 März.
1239 2508 2057 2590 Den 3ten dieses, Vormittags um 10 und ein halb
333 2541 2063 2659 eiro man es immer vor einen französischen Schni¬ Uhr, kam der König, ohne daß dem Parlamente vor¬
1194 2625 2054 2691 her Nachricht gegeben war, auf dem hiesigen Palais
