2663 3213
740 444 1586 506 „hen sagen muß, allzu lang aufhaltet. Man muß
740 491 1589 551 endlich weise und glücklich werden. Jhr habet schon
767 540 1591 596 genug, durch einige sonderliche Sachen, die einem
746 581 1582 632 „wahrhaft großen Manne nicht anständig sind, vor
761 620 1586 667 euch reden lassen. Zeiget dann euren Feinden, daß
746 658 2463 705 "ihr bisweilen einen natürlichen Verstand besitzet. sagungen vor die gnädige Anrede abzustatten, wel¬
740 703 1591 744 „Dies wird ihnen Herzeleid anthun, ohne euch Scha=
744 742 1591 812 „den zu bringen. Meine Lande werden euch zur
744 778 1591 836 "sicheren Zuflucht dienen. Ich suche euer Bestes,
759 823 1589 890 "und ich will es befördern, wenn ihr es nicht selbst
759 873 943 928 "verhindert.
960 885 1387 965 Paris, den 16. Febr..
791 920 1595 999 Der Chef d'Escadre Hr. von Rohan, soll, wie
744 980 2064 1046 man sagt, den Grafen d'Estaing, in seinem Gou= allhie glücklich eingetroffen.
746 1023 1593 1085 vernement ablösen. In dem abgewichenen Jahr
755 1068 1589 1130 sind in hiesiger Hauptstadt geboren 19439 Perso=
746 1113 1599 1175 nen. Gestorben sind 18034. Die Zahl der Find=
746 1158 1194 1228 linge beläuft sich auf 5495.
958 1185 1391 1254 London, den 10. Jan.
791 1205 1606 1286 Die Amerikaner haben an unser Ministerium
746 1273 1595 1331 wiederholte Beschwerden gelangen lassen, deren schleu¬
744 1314 1591 1368 nige Abstellung sie mit Inständigkeit verlangen. Die
748 1351 1591 1415 Handlung ist bey ihnen wie aufgehoben, sie können
746 1441 1599 1490 machen, und es ist in Handlungssachen zwischen den
748 1471 1597 1531 drey Königreichen und den Colonien nicht mehr Ge¬
752 1516 1597 1574 meinschaft, als wenn zwischen denselben ein decla¬
746 1556 1593 1610 rirter Krieg wäre. Diese kritische Umstände sind
752 1597 1599 1657 jedoch für England noch schädlicher, als für die Co¬
746 1634 1597 1691 lonien. In verschiedenen Gegenden des Königreichs
752 1676 1595 1743 finden sich tausend Manufacturiers von allerley Gat=
748 1724 1595 1777 tung, die, wegen der Händel mit den Colonien, keine
748 1758 2461 1811 Arbeit haben. Diese Manufacturiers sind bey dem Kammer=Herrn Rick, welcher als Königl. Resident
755 1801 1601 1856 Ministerio mit weitläuftigen Bewegungs=Schriften
755 1882 1593 1938 bürger, und insonderheit die vom ersten Range des
752 1919 1591 1981 Staats, auf eine klägliche Art um Hülfe anrufen,
746 1959 1597 2015 und hinzufügen, daß dieselben, da sie die Werkzeu¬
746 2002 1597 2064 ge ihrer Noth und Verzweifelung gewesen wären,
748 2043 1597 2101 itzt auch ihre Advokaten und Helfer bey dem Parle¬
744 2086 1595 2148 mente seyn möchten. Allem Ansehen nach, wird das
755 2129 1599 2189 Parlement verordnen, daß in den Hauptstädten des
755 2172 1597 2225 Königreichs öffentliche Kornmagazine, zum Besten
746 2210 1597 2264 des Volks, angelegt werden. Den 14ten begab sich
746 2253 1597 2311 der König nach dem Oberhause, und eröfnete die
748 2287 1593 2341 Sitzung mit einer Rede, worinnen Dieselben die in
746 2330 1591 2386 America wegen der Stempel=Acte, entstandenen Un=
746 2373 1591 2422 ruhen den Berathschlagungen des Parlements aufs
755 2410 1595 2474 angelegentlichste empfehlen. Se. Maj. geruheten
752 2455 1599 2517 zugleich zu verordnen, daß beyden Häusern alle auf
748 2497 1599 2560 die Americanische Unruhen sich beziehende Schrif¬
746 2538 1593 2594 ten vorgelegt werden sollen, welches denn auch vom
748 2577 1597 2641 Herzoge von Grafton als ersten Staats=Secretaire
744 2615 1591 2678 beym Oberhause: so wie vom General Conwuy, als
746 2660 1591 2716 2ten Staats=Secretair beym Unterhause befolget wur
746 2701 1601 2778 de. Bey dieser Gelegenheit suchten einige Anhän=
1606 435 2461 506 ger des alten Ministerii die Aufführung der jetzigen
1612 497 2457 545 Ministres zu tadeln; allein Herr Pitt wußte durch
1614 538 2459 605 die ihm gewöhnliche Beredsamkeit die Maaßregeln
1612 581 2457 622 der letzteren vollkommen zu rechtfertigen. Beyde
1612 613 2457 662 Häuser beschlossen hierauf dem Könige ihre Dank=
1614 703 2461 750 ches denn auch bereits den 15ten und 16ten gesche=
1619 742 2463 787 hen. Der neue Nabob von Bengalen, ist in der
1621 780 2455 823 Mitte des abgewichenen Januars gestorben. Sein
1614 823 2459 873 Sohn ist hierauf den 4ten Märtz durch den Rath
1612 864 2465 915 der Compagnie in seine Stelle zum Nabob erkläret
1612 907 2457 950 worden. Lord Clive, ist um die Zeit noch nicht an
1612 948 2461 1001 gekommen gewesen. Herr Rousseau ist den 13ten
1796 1001 2281 1074 Warschau, den 30. Jan.
1655 1061 2461 1117 Heute früh sind Sr. Maj. mit der gewöhnlichen
1621 1093 2459 1158 Suite auf die Jagd, in die Gegend von Kapinos
1614 1151 2461 1198 verreiset, und werden selbigen Abend retourniren,
1619 1192 2463 1237 um dem Ball en masque, so der Fürst Canzler heu¬
1625 1228 2463 1273 te geben soll, beyzuwohnen. Der Kammer=Herr
1612 1273 2463 1323 Loboleski, ist von Sr. Maj. zum Gesandten nach
1619 1310 2463 1359 Coppenhagen ernennet, die Zeit zu dessen Abreise ist
1619 1355 2463 1402 noch nicht bekannt. Es wird vor gewiß gesprochen,
746 1393 2470 1456 auch keine Bezahlung für empfangene Waaren über= daß der Baron Riaucour, seine hiesige Gründe zu
1627 1434 2463 1483 verkaufen, und weg zuziehen gesonnen sey. Dieses
1621 1473 2465 1522 Gericht soll der Bewegungsgrund seyn, daß Sr.
1627 1509 2472 1561 Maj. die Schatz Commißion erinnern lassen, auf die¬
1619 1554 2470 1608 jenigen, welche nach Verkaufung ihrer Güther sich
1619 1599 2463 1642 von hier wegzubegeben, Mine machen sollten, we¬
1625 1638 2463 1683 gen Entrichtung des dem Kron=Schatze, davon ge¬
1625 1676 2455 1728 hörigen dritten Theils ein wachsames Auge zu ha¬
1621 1717 2461 1762 ben. Die vornehmsten Verhaltungs-Befehle des
1621 1807 2463 1854 nach Mitau gesandt wird, bestehen darin, daß er,
752 1841 2465 1897 eingekommen, worinn sie am Ende alle ihre Mit= wann etwa dasige Stände einen Landtag zu halten,
1625 1882 2459 1929 sich versammlen möchten, solches im Namen des Kö
1627 1923 2463 1974 nigs bis zu Endigung des mit ihrem Herzoge vor¬
1629 1959 2463 2009 habenden Processes zu verbiethen. Sr. Maj. ha¬
1625 2007 2463 2047 ben die erledigte Castellaney von Samogitien am
1625 2045 2461 2088 Herrn Gorsky, bisherigen dasigen Fahnenträger ver¬
1619 2086 2455 2135 geben, und hat derselbe gestern in Beyseyn des Kö
1619 2127 2189 2195 nigs den Senatoren Eyd abgelegt.
1848 2159 2242 2227 Eingekommene Fremde.
1762 2193 2322 2270 Vom 1sten bis zum 7ten Febr.
1657 2236 2459 2309 Herr Sörmann, Berendt und Blech, Kaufleutt
1619 2298 2457 2350 aus Danzig, log. bey Daniels im Kneiphof. Herr
1625 2343 2455 2388 Lehmann, Kaufmann aus Danzig, log. bey Sey
1625 2382 2459 2431 frieds im Kneiphof. Herr Blanck, Lieutnant in
1625 2427 2461 2465 Braunschweig=Lüneburgschen Diensten, kommt vor
1627 2463 2457 2512 Danzig, geht nach Rußland, log. bey Rach in der
1621 2504 2455 2551 Vorstadt Herr Crohn, Kaufmann aus Dänzig
1619 2542 2455 2594 log. bey Nagel auf dem Roßgarten. Herr Winter, Kauf=
1619 2583 2463 2630 mann aus Straßburg, log. bey Remus im Kneiphol.
1619 2626 2448 2686 Diese Gelehrte und Politische Zeitung wird des Montag
1670 2675 2429 2723 und des Freytags Vormittags um 10 Uhr in dem
1766 2708 2322 2776 Kanterschen Buchladen ausgegeben.
