2479 3213
521 426 954 513 Berlin, den 18. Febr.
350 460 1152 553 Am Sonntage haben Se. Königl. Hoheit. der
323 612 1156 675 nachdem Sie zuvor den Königl. Hofprediger, Herrn
316 656 1080 709 Noltenius, hatten predigen gehört, empfangen.
359 675 1158 751 Die Königl. generalprivilegerte Schuchische Ge¬
323 726 1144 791 sellschaft deutscher Schauspieler ist aus Königsber,
314 776 1158 842 in Preussen hier angekommen. Wie man aus Glo=
316 823 1158 876 gau vernimmt, so sind daselbst den 8ten dieses Se.
329 857 1156 909 Excellenz, Herr Carl Albrecht, Graf von Reder,
323 935 1156 1000 nigl. Majestät in Preussen würklicher geheimder
325 979 1156 1038 Ctats= und Kriegesminister, Ritter des schwarzen Ad¬
316 1063 1152 1123 rung und Oberconsistorio, wie auch Pupillencollegio
544 1167 933 1247 Halle, den 11. Febr.
376 1194 1150 1293 Aus Warschau meldet man, daß der Chursäch
346 1255 1156 1334 liche geheime Rath, Baron von Gartenberg 8
342 1507 532 1574 diren geruhet.
549 1530 937 1614 Wien, den 29. Jan.
359 1561 1152 1648 Aus Coppenhagen wil man uns versichern, daß der
344 1703 1882 1751 daß Se. jetzt regierende Majestät denselben gleich- Frau ist an den Wunden sogleich gestorben.
346 1756 1158 1812 als bestätiget hätten. Die Vermählung des schwe=
342 1874 452 1933 verden.
492 1899 964 1977 Hannover, vom 7. Febr.
359 1929 1154 2026 Dieser Tage ist hier ein sardinischer Officier an
354 1990 1154 2053 erommen, welcher im Hollsteinschen eine Anzahl
346 2030 1163 2110 nemontpferde aufkaufen soll. Die Münstersche Ca¬
338 2076 1152 2140 dallerie soll gleichfals beritten gemacht werden. Zu
338 2110 1158 2188 Herrenhausen hat sich vor einigen Tagen eine Was=
344 2190 808 2268 ches in sich zu haben scheinet.
490 2222 973 2302 Hamburg. vom 11. Febr.
365 2247 1150 2332 Dem sicheren Vernehmen nach soll zu Torgau in
340 2363 1150 2433 durch die unsrigen noch mehr verfallen werden, wel¬
344 2397 1150 2458 de ohnehin schlechten Abgang haben. Diejenigen
342 2553 616 2631 Schaden verkauft.
1325 437 1884 515 Donaustrom, vom 30. Jan.
1213 468 2019 551 Zu Wien ist den 5ten dieses, des Mittags, der
323 523 2015 578 Prinz Heinrich, den Gottesdienst in der Domkirche Kaiserl Königl. Hofkriegsrathspräsident und Feld¬
323 572 2015 618 abgewartet, und daselbst die heilige Communion, marschall, Leopold des heiligen Römischen Reichs
1179 618 2015 677 Graf und Herr von und zu Daun, an seiner Krank=
1179 660 1403 722 heit gestorben.
1388 667 1791 749 Paris, den 2. Febr.
1215 711 2015 789 Von Carpentras in der Grafschaft Avignon, mel¬
1177 772 2021 844 det man uns folgende ganz seltsame und traurige Ge¬
1186 817 2017 871 schichte. Ein Particulair dasiger Stadt verheyrathe=
1177 861 2015 912 te seine Tochter, die Feyerlichkeit wurde in seinem
329 895 2015 947 greiherr zu Krapitz= und Herr zu Berg, Sr. Kö= Hause vollzogen, und nach deren Endigung das neue
1186 939 2009 987 Ehepaar in dero Zimmer begleitet. Den folgenden
1177 979 2015 1032 Morgen erwartete man dieselbe bis nach 11 Uhr,
323 1017 2013 1072 terordens und Oberpräsident bey der Oberamtsregie= ohne das mindeste Geräusche in dem Zimmer zu be¬
1177 1061 2015 1108 merken, man ward endlich unruhig und klopfte an
329 1097 2015 1171 ein ö8sten Jahre Dero ruhmvollen Alters verstor= der Thür an, worauf mit halbverstorbener Stimme
1171 1142 2015 1198 geantwortet wurde, es sollte sich niemand wagen, in
1179 1179 2015 1234 das Zimmer hinein zu treten, dieses erweckte nur ei¬
1177 1222 2013 1272 ne größere Begierde, zu vernehmen, was vorgefal¬
1177 1264 2013 1315 len, man stellte derohalben eine Leiter an, und sahe
333 1300 2015 1346 Millionen Silbermünze und eine Million Kupfer= durch das Fenster mit äußerster Bestürzung, die Frau
323 1344 2009 1418 munze für das Königreich Pohlen zu schlagen über- auf dem Boden in ihrem Blut ausgestreckt liegen,
338 1384 2017 1445 nommen. Se. Königl. Majest. haben den 27ten die von dem Manne auf eine erbärmliche Weise mit
338 1420 2015 1473 Jan. in höchsteigener Person die Münze zu besu= den Zähnen zerrissen wurde. Alles, was im Hause
338 1469 2015 1526 chen, und die ganze Einrichtung gnädigst zu appro= war, lief auf diese Nachricht herbey und der Bedien¬
1173 1504 2015 1559 te desselben sagte aus, wie er sich erinnere, daß sein
1173 1547 2015 1599 Herr ehemals von einem wütenden Hunde gebissen
1173 1587 2015 1635 worden. So bald man dieses hörete, so ward eine
359 1627 2015 1675 öchstselige König wenig Tage vor seinem Ableben bewafnete Person in das Zimmer geschickt, denselben
338 1667 2015 1722 den Subsidientractat mit Frankreich erneuert, und todt zu schiessen; welches auch alsobald erfolget. Die
1209 1720 2015 1804 Der regierende Fürst von Löwenstein=Wertheim ist
333 1785 2019 1831 dischen Kronprinzen mit Sr. Majestät ältsten Prin= von der hiesigen Königl. Akademie der Wissenschaf¬
333 1827 2015 1910 deßin Schwester, soll mit dem nächsten vollzogen ten zu ihrem Ehren=Mitglied ausgenommen worden.
1167 1865 2015 1920 Dieser Fürst hat der Akademie eine Abhandlung
1188 1910 2015 1962 von den verschiedenen Eigenschaften des Meers,
1171 1952 2015 2015 und von der Nothwendigkeit, die Versuche, welche
1188 1994 2009 2047 zur Erkenntniß dieser verschiedenen Eigenschaften
1188 2032 1977 2091 fuhren können, oft zu wiederholen," eingeschickt.
1376 2072 1806 2131 London, den 31. Jan.
1209 2087 2013 2156 Seit dem 28sten, da ein Courier von unserm Am=
350 2154 2019 2232 eequelle hervorgethan, deren Wasser viel Minerali= bassadeur zu Wien, Vicomte von Stormond, eintraf,
1165 2194 2013 2251 wird hier für eine ausser allen Zweifel gesetzte Sache
1167 2237 2013 2287 gehalten, daß zwischen den beyden Höfen wichtige
1171 2277 2015 2327 Verbindungen in Unterhandlung sind, welchen jedoch
344 2308 2015 2389 Sachsen eine Zuckersiederey angelegt werden, wo- auch andere Höfe in Deutschland und in Norden,
1173 2357 2021 2414 sollen beytreten können. Se. Durchlaucht, der Erb¬
1173 2395 2015 2450 prinz von Braunschweig, sind am 27sten wieder im
346 2433 2026 2513 des Geldes entrathen können, haben ihren Zucker Parlementhause gewesen, welches voller war, als seit
346 2473 2021 2524 sas der Braunschweiger Messe, in Hofnung beßrer manchen Jahren. Es heißt, das Verbot wegen Aus¬
346 2517 2028 2600 senten, stehen lassen, andere haben ihn mit 10 p. C. führung des Korns werde nächstkünftigen Montag
1165 2555 2019 2640 angehen, und bis zu Michaelis währen. Der Preis
