2663 3213
765 440 1624 518 des Korns fällt indessen täglich. Bey dem letzt zu
774 502 1621 555 Edenburg gewesenen Tumult, hat der Pöbel einen
778 544 2474 606 reichen dortigen Kornhändler im Bildniß an einen Tagen von dem bisherigen Eigenthümer besagten
776 582 2474 640 Galgen gehangen. Am Sonnabend sind bey Hofe Pallais dem Fürsten Ordinaten von Kleck, einige
780 631 1628 686 wichtige Depeschen von dem Gouverneur von Gre¬
776 663 2478 725 nados, Hrn. James Melville, eingekommen; und nen deshalb expreß anhero gesandten Plenipotenten
776 722 1626 767 es will verlauten, daß daselbst Unruhen vorgefallen
780 744 2482 808 wären, von deren eigentlichen Beschaffenheit jedoch König für das neue Cadetten=Corps, und am Sonn¬
780 793 1628 842 noch nichts zu erfahren ist. Einige der jüngsten
780 827 2484 884 Nachrichten aus Ost=Florida machen uns von dem Maj. abgetretenen so genannten Kussenischen Pal=
780 867 2478 918 dortigen Lande einen sehr vortheilhaften Begrif. lais, einen prächtigen Ball für mehr als 3000 Mas
786 907 2476 965 Das Etablissement des Hrn. Dennis Rolle, Esqu. quen gegeben. Die einiger Zeit sich hier aufhaltend
782 948 2482 1003 welches auf einer Höhe am St. John Fluß angelegt Ablegati des Curländschen Adels, haben eine neulich
788 994 1630 1043 worden, ist bereits in dem schönsten Flor. Es ist
780 1035 1628 1086 in demselben die reichste Erndte von Reiß, Korn,
782 1069 2490 1120 Coton, Melonen, Cucumbern und allerley Garten- chet, worinnen dieselbe sich erkläret, daß ob schon sie
790 1116 1630 1169 früchten gewesen. Mit den benachbarten Indianern
786 1156 2484 1218 hat Hr. Rolle eine recht gute Freundschaft gestiftet, ten bereits versammleten, dennoch dieselben einge
782 1198 1630 1247 vermöge welcher er in völliger Sicherheit lebt, und
782 1230 2493 1290 eine Menge Hornvieh, Schaafe, Schweine und al= nigl. Majestät Genehmhaltung deshalb erfolgen
782 1273 2482 1330 lerley Federvieh unterhält. Der Fluß hat einen Ue= dürfte. Die Kron=Schatz=Commißion hat vori
782 1318 1630 1375 berfluß an Fischen; und die Wälder sind mit eßbaren
788 1358 2482 1407 wilden Thimep und Vögeln reichlich versehen. Es erstere die Exactornie des gewöhnlichen Viertheil¬
786 1400 2484 1454 giebt daselbst schöne Orange=Wälder, über dieses aus denen Revenüen derer Königl. Güther, das an
786 1441 1634 1490 Weintrauben, Honig und andere trefliche Producten
782 1481 1630 1530 in Menge. An alle Königl. Bauwerfte sind in die
790 1519 1634 1572 sen Tagen die Befehle abgefertiget worden, einige
782 1558 1636 1611 daselbst im Baue liegende Schaluppen, so bald als
782 1604 1636 1649 thunlich, fertig zu schaffen, und jede mit 70 Mann zu
788 1643 1636 1689 besetzen. So viel man hört, sollen diese Schaluppen
790 1683 1640 1738 zu unsrer Flotte nach der Afrikanischen Küste geschtckt
790 1726 1630 1783 werden. Einiges vornehmes Frauenzimmer soll ei¬
788 1762 1643 1810 ne Subscription eröfnet haben, um zu Marybone ein
790 1804 1634 1851 Hospital für arme Krüppel aufrichten zu lassen. Itzo
786 1844 1630 1896 läßt sich wohl nicht mehr davon zweifeln, daß der
790 1885 1638 1934 berühmte Herr Joh. Jac. Rousseau wirklich bey uns
795 1921 1634 1974 sey. Als er vorigen Donnerstag in Drury Lane der
780 1970 2482 2048 Aufführung des Stückes: Sara und Lethe, beyge; im Kneiphof. Herr Wolters und Gerdens, Kauf
786 2006 1634 2068 wohnet gehabt, hat er unserm Englischen Roscio fol=
786 2048 1634 2102 gendes Compliment gemacht: "Mein Herr, Sie ha¬
786 2089 1636 2136 „ben es dahin zu bringen gewußt, daß ich bey Ihrer
790 2134 2478 2172 "Tragödie habe weinen, und bey Ihrer Comödie mern. Herr Freeser und Berens, Kaufleute, kom
790 2161 1638 2242 "lachen müssen; ob ich gleich von Ihrer Sprache
801 2206 1630 2257 "kein Wort verstanden." Nach unsern Briefen von
797 2244 2478 2301 Cadix, haben daselbst einige Spitzbuben die Firma sier und Gaily, Kaufleute aus London, komme
795 2295 1632 2338 von verschiedenen dortigen grossen Kaufmannshäu
790 2335 1634 2380 sern nachgemacht, und in deren Namen falsche Wech¬
795 2374 1632 2442 sel auf verschiedene Bankiers zu Amsterdam rc. an
782 2408 1422 2482 die Ordre von Pallet und Co, gezogen.
969 2450 1447 2520 Warschau, den 13. Febr.
831 2486 1638 2561 Dem Fürsten und Canzler von Litthauen Czarto=
786 2539 1630 2616 risky, ist statt einer verlangten Prorogation des
1649 442 2478 516 Miethe=Contracts, vermöge dessen er das fürsti=
1649 502 2474 555 Radziwillsche Pallais bishero inne gehabt, diesel
1649 625 2476 682 völlige Ceßion desselben auf einige Zeiten durch ei
1651 706 2478 761 überbracht worden. Am vorigen Dienstage hat der
1655 784 2482 837 tage der Fürst Sulkowsky, in dem neulich an Sr.
1651 988 2478 1041 von denen versammleten Curischen Ständen aus
1651 1031 2480 1086 Mitau überkommene Declaration dem Hofe überrei
1658 1109 2488 1171 sich um die gewöhnliche Berathschlagungen zu hal
1655 1190 2482 1254 stellet, und nichts vornehmen würden, bis Sr. Kö¬
1649 1315 2484 1375 ge Woche zwey Universals publiciren lassen, davon
1660 1441 2476 1492 dere aber die prompte Eintreibung des neulich einge
1655 1483 2270 1551 führten Jüdischen Kopfgeldes betrift.
1813 1511 2348 1590 Königsberg, den 24. Febr.
1696 1564 2484 1626 Der von Sr. Maj. dem Könige, zum Comman
1655 1613 2482 1664 danten der hiesigen Veste Fridrichsburg ernannte Hr
1653 1651 2482 1734 Major von Zilsdorf, ist bereits gestern allhie einge
1660 1702 1776 1762 troffen.
1906 1796 2252 1851 Einpaßirte Fremde.
1791 1836 2352 1898 vom 15ten bis zum 21sten Febr.
1694 1883 2484 1946 Herr Stender und Simpson, Kaufleute, kommen
1658 1934 2484 1978 von Danzig, gehen nach Memel, log. bey Remu¬
1660 2012 2476 2061 leute, kommen von Danzig, log. bey Remus in
1658 2053 2476 2104 Kneiphof. Herr Rittmeister von Janitz, ist auße
1660 2095 2476 2144 Diensten, kommt von Stallupohnen, geht nach Pom
1658 2174 2478 2229 men aus Amsterdam, log. bey Mattuschke in der
1655 2216 2478 2284 cent Straße, gehen nach Petersburg. Herr Dem
1658 2297 2469 2346 von Danzig, gehen nach Petersburg, log. bey R
1658 2338 2474 2388 mus im Kneiphof. Hr. Commercienrath Siebang
1655 2380 2474 2454 kommt von Stolpe, log. bey Guttowsky in der Vol
1664 2422 1755 2493 stadt.
1658 2450 2474 2539 Diese Gelehrte und Politische Zeitung wird des Montag
1702 2524 2454 2580 und des Freytags Vormittags um 10 Uhr in den
1808 2565 2352 2626 Kanterschen Buchladen ausgegeben.
