2663 3213
674 438 1531 520 Weltbürger seyn dürfte — Es ist sehr wahr was
674 509 1537 563 er felbst sagt: Es sind zu viel Bücher in der Welt,
680 550 1537 600 und es ist zu weuig Welt in den meisten unsrer Bü=
686 630 1541 682 seyn. Der 3te Abschnitt über einige Regeln, welche in
689 674 1539 723 der Gesellschaft selbst zu beobachten sind hätte der inte¬
684 758 1537 799 Nachdenkensquelle hier erschöpft zu haben. Man
686 792 1544 846 sey nicht heute einsam und morgen gesellschaftlich,
680 840 1535 883 man traue allen und keinem, dieses sind die einzige
674 874 1537 933 Dinge die er lehrt, das letztere verleitet den V. im
686 965 1544 1012 stand, in der fast alles gegründet ist, so wie haupt¬
682 1002 1537 1049 sächlich der Satz: daß die Glückseligkeit des geistli¬
680 1043 1537 1097 chen Redners von der Wahrheit abhängen müßte,
680 1086 1537 1133 deren Erkenntniß er den übrigen als das allernoth=
686 1127 1537 1174 wendigste und heilsamste anpreist. Er und seine
682 1168 1544 1215 Zuhörer haben dabey einerley Vortheil. So bald
680 1207 1531 1254 die Zuhörer überzeugt sind, daß ihr Prediger eben
689 1252 1535 1297 das glaube was er von ihnen geglaubt wissen will,
682 1293 1528 1341 eben das thun, was er von ihnen fordert, so erhal¬
686 1373 1531 1425 Beweisgrund, der desto beweisender ist, je mehr er
680 1451 1541 1502 dacht verhanden, daß der Prediger dasjenige nicht
689 1498 1541 1548 selbst für wahr halte, was er andern vortragt, so
686 1537 1537 1582 erhebt sich in dem Gemüthe der Zuhörer ein gehei¬
680 1580 1537 1632 mer Widerwille, wenigstens ein verborgnes Mis¬
682 1662 1533 1710 mer in eine Abneigung gegen die Sache selbst ver¬
682 1703 1535 1744 wandelt. Seine Gedanken über die geistliche Bered¬
686 1738 1531 1792 samkeit haben uns bis auf einige noch zu machende
689 1774 1539 1826 Einschrenkungen, ganz wohl gefallen — so wie an
689 1826 1541 1872 einem andern Orte die über den Witz, ob er gleich
689 1895 1531 1958 unsre Recensiongrenzen nicht überschreiten, sondern
680 1952 1526 1997 nur noch kurz anführen, daß der Verfasser von der
680 2031 1531 2077 unter die Theoris des Cicero, und Young herab¬
689 2109 1531 2157 Ehestande verbunden haben, in den Herzen zweier
689 2152 1528 2204 Ehegatten würde dann die Freundschaft ihren Sitz
686 2193 1528 2243 gefunden haben, und man hätte Montagnens Satz:
682 2232 1522 2286 daß sie in der Vereinigung aller Interesse bestehe,
678 2314 1528 2368 hindung der Ehe und der Freundschaft den Herrn V.
674 2360 2403 2424 bewogen alles auszulassen, was jetzt eine unrechte wachsen und auf die Vorsichtigkeit die bey dem Torf¬
680 2398 1526 2446 Beurtheilung des Moliers verräth — die schöne
680 2435 1522 2487 Apostrophe an die deutsche comische Schriftsteller
674 2483 1520 2526 würde alsdann von selbst weggefallen seyn, und der
674 2517 1520 2571 Herr Verf. hätte mehr Fleiß auf die Bearbeitung des
671 2565 1522 2619 letzten Abschnittes vom Verhalten der Unterthanen
1561 436 2418 533 Abschnitt von der Vorbereitung des Ehestandes ist
1556 516 2392 574 beynahe auf Kosten dieses letzten gut gerathen -
1559 555 2416 613 Noch ein Wort von der Schreibart, sie ist unendlich
686 596 2424 656 cher — im gegenwärtigen solte gewiß noch viel mehr ungleich, und laßt den Leser im Zweifel ob die guten
1561 641 2418 697 Stellen dem Verfasser nur von ohngefehr gerathen,
1565 684 2416 734 oder ob es bloß am Willen gelegen. Wir wünschen
689 723 2416 777 ressanteste seyn sollen, allein der Wörterfluß scheint die daß der Verfasser nicht viele Exemplaria habe abdru¬
1561 764 2416 814 cken lassen, damit er bald Gelegenheit habe, eine
1561 807 2416 853 umgearbeitete Ausgabe, dieses in der That der Ge¬
1559 842 2290 902 sellschaft zuträglichen Werkes zu besorgen.
1561 887 2418 939 braucht indessen nicht mehr Seiten zu haben. Ko¬
686 930 2413 1006 4ten Abschnitt zu einer Lobrede auf den Prediger= stet in den Kanterschen Buchhandlungen 2 fl. 9 gr.
1852 1058 2144 1142 Copenhagen.
1604 1099 2416 1185 Sören Abildgaards Abhandlung vom Torf. Aus
1561 1172 2418 1233 dem Dänischen 1765. bey Mummens Witwe. Die=
1559 1215 2416 1265 se Abhandlung ist aus dem Dänischen Magazin ge¬
1561 1263 2416 1313 nommen und eine Preisschrift des Verfassers. Nach¬
1550 1293 2416 1347 dem er die Erzeugung brenubarer Materien im Pflan¬
689 1336 2413 1392 ten alle seine Lehren und Ermahnungen einen neuen zen- und Mineralreich vorausgesetzt, und sein Au¬
1554 1392 2413 1444 genmerk auf den Zuwachs der ausgeleerten Torfgrat
689 1412 2409 1474 in die Sinne fällt. Ist aber auch der geringste Ver= ben gerichtet; so unterscheidet er bey dem Torf, als
1561 1466 2409 1518 einer verbrennlichen zusammenhangenden erdartigen
1561 1502 2416 1561 Materie den Heidetorf als den schlechtesten, den
1559 1541 2409 1593 Mohrtorf, welchen er genauer untersuchet, den
1559 1585 2416 1638 Strand= oder Meertorf, in Holland Bracktorf, wel¬
686 1619 2416 1680 trauen wider seine Person — welches sich fast im= cher mehrentheils aus verdorbenen Seepflanzen be¬
1563 1662 2409 1716 stehet und einen salzigten Grund hat, endlich den
1556 1708 2403 1762 Bergtorf der eisenhaltiger ist. Er beschäftiget sich
1561 1751 2411 1798 hierauf hauptsächlich mit dem Mohrtorf, dessen Ur¬
1556 1785 2403 1848 sprung er in verfaulten Gewachsen findet, wobey
1559 1831 2409 1882 Ueberschwemmungen das ihrige mit beytragen kön¬
680 1867 2407 1923 nur von einer Art des Witzes redet — Wir wollen nen, und die Moräste zu solcher Erdart zubereiten.
1552 1917 2403 1964 Das Verwachsen der Seen mit Moos, Schilf und
1550 1949 2407 2016 Gras vermehret die Torfmaterie, besonders an den
682 1990 2403 2051 Freundschaft zu viel geredet, zumal da er sie so tief Ufern, daher ausgeleerte Torfgraben in einer Zeit
1552 2038 2409 2094 von 20 Jahren mit neuem Torf erfüllet werden kön=
689 2072 2403 2135 setzt — wir würden diesen Abschnitt mit dem vom nen, außer wo der Grund sehr salzigt und schwefel¬
1559 2113 2403 2170 haltig ist. Manche Torfmohre sind vorzeiten mit
1554 2159 2405 2217 Wald bewachsenes Land gewesen. Der Verf. wider¬
1550 2195 2403 2254 legt Lulolf und Degnern, als ob aus verfaulten
1550 2239 2398 2301 Bäumen kein Torf entstehen könne, nimt aber das
680 2277 2403 2342 nicht verwerfen dürfen — Vielleicht hätte diese Ver= Wassermoos zu Hülfe. Nach gezeigtem Ursprunge
1552 2321 2398 2375 und Natur der Torfmohre kömmt er auf ihr Zu¬
1559 2403 2394 2461 stechen nöthig ist. Kein scharfer mineralischer Grund
1544 2459 2398 2513 oder ausgetrockneter Mohr muß ausgestochen werden,
1544 2493 2398 2545 und überhaupt ist der Torf an den äußersten Ufern
1537 2528 2401 2590 des Mohres auszustechen, wo er der beste ist. Die
1544 2569 2398 2634 Größe und Weite der Torfgraben muß der Tiefe
678 2603 2398 2698 gegen die Obrigkeit anwenden können — Der 6te proportionirlich seyn, damit der Zufluß vom frischen
2267 2662 2394 2729 Wasser
