2479 3213
1231 1445 1709 1522 den 17. Jenner 1766.
774 1458 1207 1537 5tes Stück. Freitag,
714 1563 857 1631 Halle.
405 1591 1198 1685 Den Christoph Peter Franken ist herausgekom
360 1642 1196 1717 men: Johann Friedrich Gruners, der Theolog
360 1704 1209 1766 ordentlichen Lehrer zu Halle, Anweisung zu
360 1734 1209 1807 geistlichen Beredsamkeit. Es ist kein Stand
364 1773 1211 1848 unter den Gelehrten und ihren Zunft- und Kunst
364 1792 2084 1878 verwandten, der so viel Gelegenheit hätte sein Licht waltig predigte und nicht so wie die Schriftge¬
364 1863 1211 1929 leuchten zu lassen vor den Leuten, als der geistliche
371 1904 1216 1972 welche wöchentlich an heiligen Oertern erscheinen,
371 1951 1218 2009 und außer der Hauptpflicht zu erbauen, zu einer an
371 1985 1224 2047 dern, beredt zu seyn, die Erlaubniß haben. Rech¬
371 2026 1216 2099 net man zu dieser Gelegenheit noch die wichtigen
373 2071 1224 2127 Gegenstände der Lehre Jesu welche ihnen anver¬
373 2189 1222 2266 so lebhafter Feierlichkeit zu begehen, daß die Zuhö¬
388 2260 1751 2339 der thun, leiden und sterben sehen, und hienächst nach dem aufrichtigen Seufzer:
386 2315 1224 2380 den großen Vortheil daß der Mund ihnen davon
386 2397 1224 2463 das Herz voll ist; so wird man unsere Anmerkung
384 2442 1233 2508 in ihrer beträchtlichen Ausdehnung einigermaßen
388 2480 1233 2542 übersehen. Wie wenig aber gemeinhin unsere Pre=
394 2530 1235 2590 diger von diesen Vortheilen Gebrauch, machen leh¬
392 2572 1231 2656 ret die Erfahrung. Eine sehr unrechte Auslegung
1231 1539 2082 1610 der geheiligten Ermahnung, so nicht in Worten die
1235 1593 2058 1681 meischliche Wesheit lehren kann hat mit ihr.
1241 1636 2069 1689 natürlichen Ungeschicklichkeit oder mit ihrer ange
1231 1679 2082 1724 wöhnten Gemachlichkeit zu viel Uebereinstimmung,
1233 1715 2090 1764 als daß sie sich von ihrem Jrrthum abführen lassen
1231 1760 2082 1809 solten. Das Beyspiel ihres Oberlehrers der ge¬
1231 1839 2082 1891 lehrte, und die Aufmunterung eines geheiligten
1237 1886 2092 1932 Apostels: Seyd begierig nach der vernunftigen
1237 1927 2088 1981 lautern Milch, ist nicht im Stande auf sie zu wirken,
1239 1962 2090 2013 und wenn nicht die heiligen Lehren unserer Religion
1239 2013 2086 2058 an sich eine Kraft hätten unser Herz zu besiegen, ge¬
1239 2049 2088 2103 wiß es würden noch weniger der Christenfahne fol=
373 2082 2084 2174 trauet sind, die Gewohnheit in unsern Gemeinen die gen als es jetzo geschieht. Wir enthalten uns unse¬
375 2144 2092 2214 Geburt, das Leben des Erlösers und seinen Tod mit ves Urtheils um zu bestimmen, in wie weit Lehrer
1237 2178 2090 2227 des Worts an dieser einreissenden Gleichgültigkeit
386 2210 2090 2296 rer ihn, so zu sagen geboren werden, lehren, Wun, Theil haben; allein wir können uns nicht entbrechen
1400 2290 1882 2341 In dieser letzten betrübten Zeit
1398 2330 1880 2384 Verleih uns HEir Beständigkeit,
390 2341 2094 2422 übergehet oder mindestens übergehen solte, wovon anzuführen, daß Leute, die die Natur mit vorzüglichen
1252 2410 2097 2459 Gaben ausgestattet hat, und denen die gehörige Ein¬
1248 2448 2094 2504 sicht in die christliche Lehre mangelt, gemeinhin über
1252 2500 2097 2549 die Steine straucheln und fallen, die ihnen unver¬
1256 2532 2101 2585 nünftige Lehrer in den Weg werfen. Man siehet
1256 2566 2101 2641 aus diesen angegebenen Strichen wie sehr diese Ma=
2022 2624 2105 2688 terie
