2663 3213
812 407 1662 500 scheitern machte, und einige andere beym Eingange
806 481 1666 550 der Bay wider die Felsen warf. Fast kein einziges
814 525 1553 598 Schiff im Haven ist unbeschädiget geblieben.
982 571 1473 634 Warschau, den 3. April.
848 598 1669 684 Vorgestern haben Se. Maj. die in denen Kron¬
810 655 1669 716 Parade Casernen gelegene und durch den Fürsten
816 703 1660 777 Woywoden von Rußland, ohnlängst erbaute Kreutz
810 743 1671 798 Kirche in hohen Augenschein genommen, indem
816 785 1666 848 Dieselben solche zu mehrerer Bequemlichkeit besag¬
816 837 1669 888 ten Regiments zu erweitern und auf eigne Kosten
816 871 1664 923 auszuzieren gesonnen sind. Um bey Einwechselung
816 911 1675 972 der alten Geldsorten gegen die Neue allen Schaden
812 953 1681 1018 des Publici vorzubeugen, ist dieser Tagen von E. Er¬
816 995 1675 1060 laucht. Schatzcommißion eine ausführliche Tabelle
816 1037 1675 1100 ausgegangen, worinn die Proportion besagter Spe¬
812 1075 1671 1142 cies gegen einander beschrieben, laut welcher man
816 1117 1671 1173 an dem alten Gelde nach bisherigen Cours nicht mehr
819 1163 1673 1221 als 6 5 p. Cent. verlieret, wenn man solches gegen
819 1207 1679 1266 Neues einwechselt. Es hat der Hof von denen
827 1247 1675 1301 Gräntzkammern verschiedne wichtige Depeschen er¬
816 1289 1679 1352 halten, welche wie man spricht, von einigen auswär¬
825 1329 1675 1383 tigen dem hiesigen Münzwesen sehr schädlichen An=
827 1370 1666 1431 schlägen berichten, und soll deshalb bey der Münz
827 1412 1675 1473 commißion künftigen Freytag in Beyseyn Sr. Maj.
819 1457 1671 1519 und derer Kron=Schatzcommissarien große Conferenz
812 1494 1673 1559 gehalten werden, um diesen und dergleichen schädlichen
825 1536 1675 1591 Anstalten vorzubeugen. Man hoffet im kurzen unser
827 1578 1671 1635 neues Geld häusig coursiren zu sehen, da sowohl das
827 1622 1671 1675 hiesige Generalpostamt als auch die Königl. Opera und
827 1673 1677 1725 Comödie kein anderes als solches oder wichtige Duc.
825 1706 1675 1765 anzunehmen Ordre hat; imgleichen die Zoll= und Sa=
825 1748 1673 1805 linenkammern im kurzen gleiche Ordre erhalten sollen.
827 1790 1681 1851 Das neue Cadetten=Corps ist bereits bis 200 Mann
831 1834 1675 1893 stark und bezeigen dessen Chef der Fürst General Czar=
823 1874 1683 1933 toryski, einen ganz besondern Eifer besagte adeliche
833 1916 1681 1971 Jugend bestens zu exerciren. Der Graf Moßinski,
825 1956 1683 2009 imgleichen der italiänische Cavalier Cassanova, befin¬
827 2000 1679 2055 den sich vollkommen hergestellt, wie wohl letzterer
827 2002 2514 2101 seinen linken Arm nicht wird gebrauchen können, sie einer über das Evangelium am Sonntage Reminen
833 2088 1687 2143 fahren beyde schon aus und haben sich auch schon bey
825 2126 1685 2174 Hofe gezeiget, der Graf Branicki hingegen, befindet
833 2134 2521 2239 sich zwar außer Gefahr doch bettlägrich. Man er= trachtet von G. C. Reccard. 9gr. gebunden 122
825 2208 1685 2260 wartet hier im kurzen den Bischof von Cracau, und
823 2252 1685 2307 den Kron=Hofmarschall Grafen Mnißech, welchem
831 2292 1685 2346 letzteren die Kron=Marschalls Jurisdiction in Abwe¬
833 2338 1685 2411 senheit des Grafen Bielinski, welcher nach Ostrok ge¬
837 2380 1131 2451 het, obliegen soll.
865 2409 1645 2479 Von der Pohlnischen Gränze, den 25. März.
875 2460 1687 2527 Zur Bereicherung der Arzeneywissenschaft, mit ei
825 2500 1694 2567 ner neuen wunderbaren Arzeney, kan man Folgendes
833 2556 1681 2609 nicht unangezeiget lassen: Ein Pohlnischer Edelmann
835 2598 1681 2659 hatte, auf seiner Reise nach Frankreich, das Unglück
825 2636 1681 2707 gehabt, den heissen Brand am Knie zu bekommen.
1689 407 2518 487 Sein Wundarzt, ein Franzose, hatte ihn schon so 9e
1689 455 2512 523 duldig gemacht, daß er sich das Bein wollte abney
1694 495 2525 562 men lassen. In der Nacht vor der Operation, soe
1694 537 2523 607 derte der Patient zu trinken. Sein Bedienter, ein
1689 575 2514 651 rechte Schlafmütze, der mehr fühlte, als sahe, reich
1689 617 2512 693 te ihm, statt des vorgeschriebenen Tranks, eine groß
1687 661 2518 732 Kanne Branntewein, die vielleicht die Frau Wi.
1700 707 2521 770 thin zu ihrem eigenen Gebrauche bey Seite gesetze
1700 745 2518 819 hatte. Der Cavalier that einen recht Pohlnische
1694 785 2514 863 Zug, ohne genau zu spüren, daß es Branntewen
1694 827 2523 900 wäre, und verfiel sogleich darauf in einen tiesen
1700 871 2518 944 Schlaf, aus welchem er nicht eher wieder erwacht
1696 917 2514 986 als bis der Wundarzt kam, das Bein abzunehmen
1704 955 2512 1028 Allein, die Operation war nicht mehr nöthig. De
1702 993 2514 1077 Branntewein hatte die Lebensgeister und das Bu
1700 1039 2514 1123 dermaßen in Bewegung gesetzet, daß dadurch de
1702 1085 2516 1150 Stockung gehoben, und der Brand verschwunde
1696 1121 2518 1194 war. Viel hilft viel. Aber vielleicht ist auch, wen
1696 1159 2523 1234 diese Arzeney die vorgedachte glückliche Wirkung
1704 1230 2361 1280 ben soll, ein Pohlnischer Magen nöthig.
1849 1257 2403 1320 Königsberg, vom 14 April.
1740 1268 2521 1360 Nachdem durch die unermüdete Sorgfalt Sr. E=
1700 1329 2516 1402 cellenz, des wirklichen geheimen Etats= und Krieg=
1704 1370 2525 1452 ministri, Herrn von Braxein, der Bau des im lee
1702 1415 2523 1486 teren großen Brande gleichfals im Feuer aufgegu
1702 1454 2521 1530 genen großen Hospitals, so weit gediehen, daß “
1700 1499 2521 1572 reits die eingeäscherte Wohnungen derer bisher¬
1702 1538 2521 1612 in den so genannten Gemeingärten, befindlich gen=
1702 1595 2514 1654 senen Hospitaliten, wiederum hergestellet worden:
1702 1629 2493 1696 bezogen selbige am gestrigen Tage, nach der Vor
1704 1677 2487 1736 tagspredigt, im öffentlichen Aufzuge, und unter
1704 1717 2512 1784 stimmuug eines Lob- und Dankliedes, zu nicht
1708 1752 2512 1822 ringer Rührung der in großer Menge versammlen
1708 1788 2516 1889 hiesigen Einwohner, wiederum ihre vorige We
1708 1859 1843 1925 nungen.
1964 1874 2309 1967 AVERTISSEMENT.
1752 1908 2508 2011 Bey dem Verleger dieser Zeitung ist zu hab=
1702 1979 2508 2044 Der mit JEsu kämpfende und siegende Glaube,
1708 2057 2512 2128 re vor der Sackheimischen Gemeinde, in der fran
1710 2092 2514 2172 sischen Kirche zu Königsberg gehaltenen Predigt,
1971 2199 2307 2273 Einpaßirte Fremde,
1878 2239 2409 2309 vom 5ten bis zum 11ten April.
1748 2250 2529 2349 Herr von Brionselle, Capit. in französischen Dur¬
1717 2313 2529 2390 sten, kommt von Warschau, log. bey Barkovius d.
1717 2372 2472 2443 der Burgfreyheit. Herr Ludwich, Domherr
1713 2422 2447 2474 Frauenburg, log. bey Sachs in der Vorstadt.
1713 2449 2468 2516 Fläsh Münz=Secret. kommt aus Warschau,
1713 2477 2521 2556 nach Petersburg, log. bey Bernau auf dem Sackher
1710 2510 2525 2613 Diese Gelehrte und Politische Zeitung wirddes Moni
1752 2571 2512 2657 und des Freytags Vormittags um 10 Uhr in der=
1855 2634 2420 2709 Kanterschen Buchladen ausgegeben.
