2479 3213
324 422 1161 493 zwotes Leben rauben? Vielleicht blüht Hofnung,
328 481 1168 548 wo Verderben in schwangrer Erndte gewachsen ist?
616 565 851 626 Abadonna.
358 616 1168 681 Halt Verwegner! du lästerst! So machte Sa¬
322 646 1171 708 tan es auch, als der Göttliche die Hölle verließ.
328 700 1168 761 er sah die Bewohner des Abgrunds als ein, in
328 740 1165 805 unordnung gerathnes Heer an, und mit listiger,
331 784 1165 846 erkunstelter Hoheit rief er sie zusammen, und
331 821 1170 879 sprach: Was ists furchtbare Mächte, ihr Geister,
330 876 1169 929 vor denen die Schöpfung so oft gezittert hat, die
334 907 1161 962 thr Judaa beherrscht — und die Priester des
331 948 1170 1013 Tempels glücklich beredetet, den Nazareer zu töd¬
334 987 1161 1038 ten — Geister auf Thronen! was ists, daß ihr
331 1034 1168 1084 gaget? Wie? ihr lasset euch durch ein einfältig
334 1079 1165 1142 Gesicht, wie Seher im Traume, betrügen? So
322 1114 1166 1163 dachte auch ich erst — aber jetzt sagt dieser den¬
322 1159 1166 1204 cende, tiefsehende Geist es mir anders. Ich zittre
322 1201 1166 1247 nicht mehr — Bey der Hölle schwör' ich! Er
328 1243 1165 1311 ist todt! Er lebt nicht! Einer, der Engel des
328 1286 1170 1347 Eichts, von höhern Kräften verführt, machte uns
322 1328 1166 1379 dies Schattenspiel hier, unsern Muth zu prüfen,
325 1377 1074 1418 oder, uns blindes Schrecken zu erregen.-
322 1409 1166 1458 gesetzt, Er lebt noch! sind wir nicht noch mächtig?
331 1457 1165 1515 Gesetzt, Er hat die Pfosten dieser Wohnung er¬
331 1493 1165 1547 schüttert, noch steht sie! Noch hat er uns nicht
322 1534 1168 1599 den Muth, die Macht nicht geraubt — Ich denke
322 1577 1166 1623 noch! Ich fühle mich noch, der Beherrscher der
328 1618 1169 1681 Holle. Ich will noch Verwüstung — Menschen¬
330 1661 1167 1733 seelen — Verderben der Schöpfung! Auf Gei¬
331 1703 1165 1749 ster! Muth! Muth! Eilet — vielleicht noch
328 1748 1165 1795 einmal == So sprach er, und Angst als eines
331 1784 1159 1832 Sterbenden Angst überschauerte ihn — die schon
331 1831 1159 1871 gusammengekettete Schaar stürzte auseinander und
471 1868 1161 1931 Ich auch — und fühle nun hier Wi¬
331 1912 1165 1954 derspruch — Fluch — Ahndung — und einen
331 1950 1168 1999 Fanken = wie heißt es das Wort, die Empfin¬
328 1993 1165 2062 dung, die ich seit meinem Fall nicht mehr aus¬
330 2035 617 2103 sprechen konnte?
633 2093 845 2171 Samniel.
361 2157 1126 2214 Hofnung, vielleicht? Vielleicht, Abadonna!
331 2197 1161 2266 es lispelt nur in meine Seele, etwas, das ehe¬
328 2241 1158 2305 mals — ach! da war ich noch ungestürzt! Ruhe
330 2279 532 2337 hieß! — —
560 2287 1158 2342 wo nicht, doch Vernichtung, dafern
331 2326 1119 2395 Vernichtung nicht Gnade wäre — Ich fliehe.
1498 435 1747 508 Abadonna.
1242 494 2060 552 Fliehe — ich bleib, noch mit dem Antlitz dort¬
1200 542 2051 596 hin gerichtet, wo ich den Göttlichen sterben sah!
1203 588 1846 641 Weh mir, ich sah ihn und bin noch!
1972 644 2058 709 Rs.
1203 750 2055 829 Was staunen sie! wo fliehn sie hin die Wächter?
1200 836 1846 903 Was für ein Schaur in der Natur!
1194 884 2059 965 Die Erde bebt — es schmelzt der Ohnmacht Siegel
1200 952 1740 1035 Wie Wachs vom Sonnenstral.
1230 1036 2013 1121 In Blitzgestalt erscheint des Himmels Bothe
1191 1112 1809 1178 Des Grabes Stein ist fortgewälzt,
1203 1161 1956 1252 Es tagt noch vor der purpern Morgenröthe
1197 1243 1627 1299 Und alles Leben jauchzt.
1237 1312 2033 1371 Traurt nicht verzagt, weil er am Kreutze seufzte-
1194 1378 1949 1440 Und starb — sein Gott verließ ihn nicht -
1191 1441 2009 1502 Nehmt weg die Specerey, des Grabes Balsam
1197 1501 1760 1583 Ist Er — und ists für Euch.
1239 1579 1991 1648 Er ist nicht hier, der HErr ist auferstanden
1194 1647 1764 1707 Seht an die Stäte wo Er lag,
1194 1703 2051 1778 Er zwang den Tod, da liegt des Grabs Geräthe
1196 1770 1693 1848 Zum Zeichen des Triumphs.
1233 1861 2007 1917 Des Blitzes Gluth trift die erhabne Ceder,
1197 1911 1732 1992 Versenget ihr balsamisch Kleid;
1188 1967 2003 2028 Dann klagt die Gegend, wo sie lieblich blühte:
1194 2046 1723 2114 Sie wird nicht wieder blühn!
1230 2121 2048 2182 Doch bald sproßt durch die reiche Kraft des Erdreichs
1188 2190 1858 2263 Ein neues Grün, das Schatten wirft,
1194 2248 2021 2302 Und dann freut sich, der sich nach Kühlung sehnet,
1188 2320 1797 2388 Und preist des Frühlings Kraft! -
1187 2401 2045 2473 der Cand. Theol. Herr Jester, den grossen Se¬
603 2429 872 2483 Königsberg.
1185 2461 2046 2514 gen auf Golgatha in dem Tode des Gottmenschen,
355 2451 1158 2525 Die Königl. deutsche Gesellschaft allhier, begieng
1188 2490 2048 2544 vorstellte, und Rührung und Beyfall einer ansehn,
328 2497 1156 2571 die jährliche Andachtsfeier des Charfreitags auf ihrem
331 2541 1154 2610 dimmer nach geschlossenem nachmittägigem Gottes=
1185 2537 1934 2594 lichen Versammlung zu erhalten sich bestrebte.
328 2586 1159 2651 dienst in den Kirchen, mit einer Rede, in welcher
