2663 3213
851 422 1627 478 derg estalt geläutert und ausgekocht werden kön¬
853 478 1633 531 ne, daß es durchaus und immer gleich fein und
859 505 1064 561 körnicht sey.
776 597 1627 644 nung und Läuterung des Salzes, als auch besonders
774 638 1631 682 auf die Ersparung des Holzes ankömmt, so werden
783 714 1623 763 Großen anzustellen und anstellen zu lassen, bey sol
776 759 1629 808 chen Proben und bey Beantwortung der Frage, ihr
776 798 2491 853 Augenmerk nicht bloß etwan auf neue Einrichtungen von 27sten Nov. 1765 datiret, es soll selbige in 105
776 840 1627 883 der Salzpfannen, sondern auch fürnehmlich darauf zu
778 881 1629 923 richten haben, daß sie angeben können, wie, und wie
776 917 1633 970 ferne des Winters der Frost sowohl zum gradiren, als
774 960 1633 1015 zum crystallisiren und körnen des Salzes gebrauchet
774 1004 1636 1051 und hingegen bey hellen und heissen Sommertagen
776 1045 1627 1088 in dem Clima von Deutschland die Hitze der Sonne
774 1079 1627 1130 dabey genützt werden könne, da bekanntermaaßen zu
776 1128 1627 1177 dem feinsten Auskochen des Salzes kaum eine gros¬
783 1166 1633 1211 sere Wärme erfordert wird. Der Preiß wird, um
785 1205 1627 1262 hiezu die benöthigte Zeit zu beräumen, in der öffent¬
776 1248 1633 1292 lichen Versammlung der Akademie 1769 den 31sten
778 1290 1631 1350 May zuerkannt, und die Schriften mussen bis auf
778 1326 1461 1393 den 1sten Januar. 1769 eingeliefert seyn.
825 1358 1633 1420 Dieser Tage ist allhier ein spanischer Stallmeister
778 1393 1625 1456 mit 16 Stück der besten spanischen Pferde, welche
776 1450 1627 1508 Se. Catholische Maj. der Rußischen Kayserin Maj.
770 1497 1425 1565 zum Präsent überschicken, angekommen.
1028 1533 1388 1587 Wien, den 5. Febr.
819 1555 1633 1621 Nach dem Absterben weiland des Kaysers, Fran¬
774 1612 1627 1665 cisei I. Maj. glorwürdigsten Andenkens, wurde von
776 1655 1627 1708 Sr. itztregierenden Kayserl. Maj. dem Kayserl. Jn=
778 1697 1625 1747 ternuntio zu Constantinopel, Freyherrn von Penkler,
783 1727 2469 1781 ein neues Creditiv- und respective Notifications, aufzuheben, und soll dagegen verlangt worden seyt
783 1787 1623 1832 Schreiben von Allerhöchstderoselben Besteigung des
776 1817 1621 1866 Kayserl. Thrones an die Ottomannische Pforte,
785 1862 1625 1906 durch einen eigenen Courier, zugefertiget. Seit
776 1898 1629 1947 dem hat man in Erfahrung gebracht, daß in diesem
785 1936 1625 2011 Schreiben der im Jahre 1747 mit der Pforte er¬
783 1977 1459 2047 richtete ewige Frieden bestätiget worden.
830 2011 1567 2069 Aus dem Brandenburgschen, vom 15. Febr.
827 2058 1616 2120 Der Hr. Professor Euler zu Berlin hat jüngst eine
785 2101 1625 2162 Neuigkeit von Petersburg erhalten, von welcher be¬
783 2145 2463 2201 nachrichtiget zu werden, allen Liebhabern der Erd= Sächsischer Kaufmann und Herr Meyer, ein Kau
776 2190 1621 2235 kunde angenehm seyn muß. Es ist dasselbe die "neue
783 2224 2457 2271 „Charte von den Entdeckungen, die durch Rußische Mattuschke in der Licent=Straße. Herr Gener
776 2275 1621 2327 „Schiffe an den unbekannten Küsten von Nord=Ame=
776 2309 1621 2371 rika geschehen sind, nebst den anliegenden Landen,
789 2348 1619 2405 "entworfen nach den zuverläßigen Aufsätzen derjeni¬
791 2388 2442 2442 gen, welche gedachten Entdeckungen beygewohnet burg, geht nach Berlin, log. bey Seyfried im Kne
789 2437 1621 2495 "haben, und nach andern Kundschaften, von welchen
787 2469 1595 2550 in einem besondern Aufsatze Nachricht gegeben wird.
977 2514 1403 2580 Florenz, den 24. Jan.
815 2531 2427 2627 Den 20ten ist der Prinz Carl Eduard Stuart, Diese Gelehrte und Politische Zeitung wird des Mont
768 2574 1606 2676 ein Sohn des kürzlich verstorbenen Ritters St
774 2640 1337 2719 Georg, hiedurch nach Rom paßirt.
1857 414 2267 497 Paris, den 10. Febr.
1691 446 2484 527 Seitdem hier eine so außerordentliche kalte Wit¬
1655 518 2484 584 terung gewesen ist gehen die Schlagflüsse sehr im
819 522 2484 601 Da es hiebey sowohl auf die durchgängige Kör= Schwange. In der letzten Woche sind allein 5 Ad¬
1648 603 2489 648 vocaten und Procuratoren, 2 alte und 3 junge, dar¬
1651 642 2491 685 an gestorben; nicht, als ob diese Art Personen dem
778 678 2493 729 diejenigen, welche Gelegenheit haben, Proben im Uebel vorzüglich ausgesetzt wären, sondern, weil es
1659 727 2491 776 hier sehr viele davon giebt. Die Königl. Befehle
1648 768 2484 817 zu Errichtung einer Militz von 74500 Mann, sind
1653 849 2489 917 Bataillionen, und jedes Battallion aus 710 Mann
1648 889 1796 951 bestehen.
1821 902 2314 996 Warschau, den 14. Febr.
1689 983 2491 1034 Gestern divertirten sich Se. Maj. der König mit
1655 1030 2484 1071 der Jagd, bey welcher dieselbe zwey Bären und
1648 1071 2482 1117 zwey Wölfe erleget. Mit höchst Dero Genehmhal
1648 1111 2491 1154 tung ist bey der Kron=Schatz=Commißion am ver¬
1651 1154 2482 1201 wichenen Sonnabend in der Münz=Affaire, ein de
1651 1196 2484 1239 cisives Conclusum zu Stande gebracht worden, ver
1651 1230 2482 1282 möge dessen die bisherige alte und neue Münzsorten
1648 1275 2484 1318 gleich nach Publicirung dieses Conclusi durch ein
1655 1316 2489 1375 Universal, welches bereits in den Druck gegeben
1651 1358 2482 1405 worden, in der Königl. Münze gegen neues Geld
1651 1397 2491 1444 angenommen werden, und sollen dieselben nur bis
1651 1439 2474 1486 1mo Sept. coursiren, da denn von besagtem Dat
1651 1482 2474 1525 an, kein anderes, als das neue Geld, durch gan
1655 1518 2482 1570 Pohlen angenommen werden soll, wichtige Ducaten
1648 1563 2489 1606 ausgenommen, welche auf 16 fl. Pohlnisch gesetzt
1657 1595 2486 1653 sind. Es wird für gewiß gesprochen, daß endlich
1646 1648 2482 1693 Königl. Preuß. Seits eine zuverläßige Declara
1648 1689 2469 1734 tion erfolget, den Marienwerderschen Zoll gänzlic
1651 1772 2469 1845 daß die Republik gleichfalls den General-Zolli
1648 1808 2173 1857 Preußen gänzlich caßiren möge.
1900 1849 2241 1943 Einpaßirte Fremde,
1787 1917 2348 1987 vom 22sten bis zum 28sten Febr.
1680 1973 2463 2022 Herr General von Soltikof, kommt von Pari=
1646 2015 2457 2069 geht nach Petersburg, log. bey Lehmann in der Vo
1646 2064 2476 2128 stadt. Herr von Treudel, kommt aus Curland, log. bey
1646 2098 2463 2164 Wältzer auf dem Roßgarten. Herr Klopp, ei
1642 2188 2457 2233 mann aus Hannover, gehen nach Riga, log. b
1646 2269 2457 2312 von Bülow, kommt von Berlin, geht nach Peter
1642 2309 2467 2354 burg, log. bey Remus im Kneiphof. Herr Rogler
1646 2350 2446 2397 Secretair des Grafen Orlow, kommt von Pete
1646 2433 2457 2482 hof. Herr Münsk, ein Danziger Kaufmann, komn
1640 2474 2459 2527 von Riga, geht nach Danzig, log. bey Guttowsk
1646 2512 1911 2570 in der Vorstadt.
1685 2619 2442 2687 und des Freytags Vormittags um 10 Uhr in dem
1793 2657 2350 2725 Kanterschen Buchladen ausgegeben.
