2479 3213
1248 1462 1669 1539 den 4. April 1766.
773 1481 1224 1558 27tes Stück. Freitag
599 1579 965 1656 Nürnberg 1765.
400 1622 1203 1714 Der Mensch und die Welt, aus dem Französi
366 1656 696 1761 schen des Herrn P.
370 1823 1203 1890 senwärtiger kritischer und sittlicher Grundregeln
368 1866 1203 1928 wie er sie zu nennen beliebt, bewogen, seine Schrift
370 1902 1203 1973 Herauszugeben, vielleicht paßt aber auch auf ihr
370 1950 1203 2018 was er p. 153 sagt: Strabon ergreift die Feder
370 2067 1209 2140 Such zusammen. Der Leser erwarte hier keine
377 2110 1203 2181 neue Wendungen, keine schön gezeichnete Karaktere
370 2153 1207 2223 keinen aufgeweckten Stil, keinen begeisternden Ei=
370 2196 1209 2264 ser für das Schöne und Wahre — Wir wünsch¬
370 2234 1213 2309 ten daß der Verfasser ein Schwabe wäre, alsdann
383 2480 1477 2555 Vorbericht an den Leser beschließt er also: Meine Ausdruck sey."
1230 1579 2089 1626 kürzenden und scherzhaften Einfällen aufzuwarten;
1233 1609 2089 1667 wo nicht so will ich meine Schreibart ändern,
1224 1665 2091 1706 und durch Aufsätze die für den Schauplatz gehö¬
1233 1695 2091 1753 ren, den Beyfall zu gewinnen trachten, den du
419 1727 2089 1808 Der Beyfall den sich Bruyevo, Quolos und mornov Sittonlohvo vorsagt hast. Dov grausam=
368 1763 2091 1830 Srudlet erworben, hat unfehlbar den Verfasser ge¬ Mann! — das letzte Uebel wird gewiß ärger als
1230 1804 2089 1864 das erste seyn, man lese nur das 13te Cap. des
1230 1847 2086 1907 2ten Theils vom Schauplatze, und das Gespräch
1233 1885 1922 1952 der Leidenschaften, Tugenden und Laster.
1273 1911 2089 1986 Damit aber Niemand, besonders unsre Leserin¬
370 1980 2086 2035 and stoppelt ohne andre Geschicklichkeit, als weil nen, nicht glauben, daß wir diesem Manne aus
370 2016 2089 2106 et bedürftig ist und funfzig Pistolen braucht, ein übler Laune so schlecht begegnen, so wollen wir
1230 2052 2089 2116 etwas aus dem 8ten Capitel vom weiblichen Ge¬
1237 2097 2091 2164 schlechte hersetzen: "Auf meine Feder! wie frucht¬
1237 2136 2084 2200 reich ist nicht der Stoff den du zu behandeln dir
1233 2181 2086 2236 vorgenommen hast. Wisse daß an diesem Ge¬
1233 2219 2084 2283 schlecht alles tief und geheimnißvoll ist. Du zau¬
370 2260 2091 2350 wonre noch Besserung zu hoffen, weil er nach dem derst, vielleicht macht dich das viele Gute und die
370 2307 2082 2393 Dorbericht nur kaum sein dreyßigstes Jahr zu Menge der Bosheiten bestürzt, die sich dir mit
370 2352 2084 2403 tuckgelegt hat. Die Gedanken die er von andern einmal vor das Gesicht stellen? Ich gestehe es,
379 2386 2082 2480 senommen verwelken unter seiner Feder, wie ein mein Unternehmen ist groß, und ich muß es be¬
387 2431 2091 2512 Delichen in der Hand eines Kranken. Seinen kennen, daß das weibliche Geschlecht über allen
1637 2472 2089 2532 "Eine Stückkugel und ein
377 2514 2082 2598 absicht ist dir zu gefallen, habe ich sie erreicht so Weibsbild dringen überall durch, das stärkste muß
377 2553 2076 2658 solaite ich dadurch bewogen werden, dir mit zeit- ihnen weichen, sie treffen meist, was sie treffen
1975 2598 2076 2660 sollen
