2663 3213
767 395 1615 476 schichte enthält, macht das Comische dieses Ritter¬
771 472 1617 519 gedichts aus. Das Abentheur des ersten bey der
771 513 1615 570 Fee Strigelline deren Hof ganz weiblichen Ge¬
773 553 1619 598 schlechts und bis auf das menschliche Gesicht und
767 594 1615 643 Hände ganz befiedert ist, imgleichen die Geschichte so
773 632 1615 681 ihm die Schwester des Don Gueridonio von den
767 675 1613 728 gähnenden Köpfen erzählt, die bey ihrer Ent¬
773 714 1615 769 zauberung ihre Glieder verwechselt haben, ist
767 765 1615 812 voll der feinsten und lachendsten Satyre. Fleur
767 799 1619 848 de Mirthe hat nicht weniger eine wunderbare
773 840 1615 884 Begebenheit bey dem König der Monologuen, die
763 884 1613 931 durch Instrumente sprechen. Z. E. der Staatsse
773 925 1609 968 cretaire spielt seinen Vortrag im Rathe auf einen
765 961 1609 1015 Flügel, und der König erklärt seine Liebe der Fleun
763 998 1617 1053 de Mirthe auf der Flöte — Die Erzählung davon
767 1049 1613 1092 ist sehr piquant, so wie die treuherzige Moralen die
767 1089 1615 1134 der Stallmeister Barin seinem Ritter Enguerrand
761 1128 1613 1183 bey aller Gelegenheit, besonders über seine Verse
765 1173 1577 1243 und Prose die jener so gern anbringen mag, liest.
810 1220 1609 1297 Der Dichter hat jederzeit eine muntere Erzählart,
771 1271 1609 1335 sein Ausdruck ist angemessen, sein Witz ist wie die
758 1357 1611 1414 Nur selten sieht mans wo Ariost sein Original gewe¬
761 1406 1602 1459 sen. Er schwärmt weniger wie dieser, und seine
758 1448 1604 1506 Gemälde sind nicht Caricaturen. Vielleicht hätte er
758 1487 1604 1538 die Karaktere besser bestimmen können, des Inars
758 1530 1604 1585 seiner ist am kenntbarsten entwickelt. Man muß
752 1566 1604 1619 sehr neidisch oder sehr unempfindlich seyn wenn man
756 1615 1604 1662 dieses Gedicht, das an Situationen und Abwechse¬
754 1651 1598 1732 lung sehr reich, und niemals gedehnt ist, ohne Ver¬
741 1688 1075 1762 gnügen lesen kann.
741 1741 1598 1852 Kostet in den Kanterschen Buchhandlungen 2 fl. 12 gr.
1055 1931 1316 2019 Amsterdam.
769 2008 1596 2100 Allhier ist im nächstverwichenen Jahre abgedruckt
728 2070 1594 2162 worden: Philosophie rurale, ou Economie générale
1636 419 2482 506 et politique de l'Agriculture, reduite à l'ordre
1643 481 2482 553 immuable des loix physiques et morales, qui alsu¬
1645 534 2397 602 rent la prosperité des Empires. 3 Tom. 12.
1703 590 2472 664 Der ungenannte Verfasser untersucht in diesen
1645 645 2476 703 Werke den Ursprung eines Staats überhaupt, aus
1645 701 2472 748 den ersten Quellen, ohne sich an gewisse Staatsver
1647 739 2470 793 fassungen zu binden. Und hieraus leitet er solch
1643 788 2474 835 allgemeine Gesetze her, daß man mit Wahrheit sal
1643 829 2474 872 gen kann, ein jedweder Staat müßte glückselig seyn,
1639 869 2472 923 wenn er darnach eingerichtet wäre. Weil man sich
1643 901 2470 955 niemals so viele Mühe gegeben hat, als gegenwär
1643 946 2476 1000 tig, den häuslichen Zustand aller Einwohner eines
1643 989 2470 1064 Staats insbesondere, durch nützliche Vorschriften
1639 1028 2480 1083 zu bessern; diese aber allerseits irrig werden, wo
1639 1075 2472 1128 nicht eine allgemeine und auf den besten Fuß gesetz
1645 1117 2470 1171 te Einrichtung eines Staats überhaupt vorherge
1641 1151 2474 1216 het: so ist leicht einzusehen, wie sehr genau beyde
1641 1201 2478 1263 Staatsverbesserungen mit einander verbunden sind,
1639 1239 2476 1292 aber sich keinesweges widersprechen dürfen. Leute,
1636 1277 2470 1327 welche die Unfehlbarkeit der Landesregierungen von
758 1320 2472 1371 Blüthe, an der man die angesetzte Frucht erkennt, ganzem Herzen glauben, können sich dergleichen Wi
1630 1367 2480 1412 dersprüche niemals einbilden; sondern sind gewohnt,
1630 1412 2472 1453 alle Staatsverbesserungen für Hirngespinnste zu hal
1632 1446 2476 1508 ten, welche von der Beschaffenheit sind, daß sie eine
1628 1483 2472 1547 Aenderung in dem allgemeinen Zusammenhange er
1630 1523 2474 1577 forden. Von dieser Denkart ist unser Verfasser
1630 1574 2472 1617 nicht; sondern er zeigt sowohl die Fehler in den all
1626 1609 2470 1671 gemeinen als besondern, erläutert seine Theorie
1628 1656 2470 1703 durch bekannte Beyspiele aus Frankreich, England
1621 1694 2463 1747 und andern Staaten, mit einer solchen genauen Er¬
1621 1739 2463 1792 kenntniß, Freymüthigkeit und ausnehmender Sorg
1628 1775 2465 1829 falt, als sie einem rechtschaffenen Bürger anständig
1619 1824 2467 1867 ist. Hätte man mehrere Werke von dieser Art, und
1621 1859 2463 1910 betrachtete dieselben mit der geziemenden Folgsam¬
1621 1901 2455 1946 keit; so wären gewiß unsere häufigen ökonomischer
1615 1940 2463 1989 Bemühungen nicht so fruchtlos, als sie solches ge¬
1613 1978 2463 2059 genwärtig sind, und dem gemeinen Wesen wäre un¬
1621 2019 2010 2096 endlich besser gerathen.
2235 2608 2442 2719 Zugabe
