2479 3213
734 1430 1676 1527 7tes Stück. Freitag, den 24. Jenner 1766.
592 1549 889 1621 Danzig 1766.
401 1597 1177 1672 Sendschreiben an den Herrn Verfasser der
346 1652 1184 1727 Schrift: Erfreuliche Nachricht von einem hoffent¬
346 1693 1173 1765 lich bald zu errichtenden protestantischen Jnquisi=
346 1750 566 1812 tionsgericht rc.
344 1841 1177 1896 innern, die wir über die erfreuliche Nachricht von
346 1966 1173 2022 Auto da Fe, aus einem aufrichtigen Eifer ange¬
1194 1525 2053 1623 ähnlichen Geburten in andern Umständen besin¬
1230 1602 2049 1676 Der Autor der erfreulichen Nachricht hat sich viel¬
1196 1652 2043 1712 leicht nicht derjenigen Waffen bedient, welche er bil=
1188 1697 2041 1756 lig in dieser ernsthaften Sache hätte brauchen sollen;
1188 1746 2039 1795 allein man muß es ihm lassen daß die Pfeile wohl
369 1780 2041 1858 Unsere Leser werden sich an die Randglosse er= geschliffen und scharf sind, die er um sich herumwirft,
1196 1822 2043 1877 Er ist witzig, sein Gegner aber hat sich an seinen
350 1867 2041 1954 einem hoffentlich bald zu errichtenden Inquisitions= Schreibtisch gesetzt um es zu seyn. Unserer Mey¬
350 1903 2041 1983 zericht und dem inzwischen in Effigie zu haltenden nung nach ist die Religion zu groß und zu heilig,
1194 1943 2041 2000 als daß sie ihren Anhängern auch nur im Vorhofe
352 1983 2043 2064 bracht und sich uns derselbigen vorläufig überzeugen, eine lustige Miene nachgeben solte. Ein Prediger
352 2034 2053 2106 daß wir mit dieser galanten Schrift eben nicht son kann sonst ein witziger Mann seyn, allein billig nie¬
358 2068 2045 2145 serlich zufrieden gewesen. Dieses unser Verfahren mals alsdenn wenn er in seinen Amtsverrichtungen
350 2111 2049 2191 wird uns rechtfertigen, wenn wir bey der gegen= begriffen ist, und wenns auch in einer Hochzeitrede
356 2153 2043 2227 värtigen vermeintlichen Widerlegung weniger auf wäre die er aufzusagen hat. Ernst, Gründe, und
361 2195 2047 2272 die Absicht als die Ausführung sehen, und unser kri= eine gewisse Fülle des Herzens, das ist der Ton fürs
352 2236 2045 2306 tisches Misfallen darüber in einem größerem Grade Allerheiligste, fürs Heilige, und auch ohne allen
350 2278 2047 2355 äußern, als es halbwitzigen Leuten die sich an der ge¬ Zweifel für den Vorhof der Religion. Vielleicht
356 2314 2055 2393 genwärtigen Schrift im Bewundern geübt, angenehm verdient Young selbst in diesem Stücke einigen
361 2355 2049 2431 eyn dörfte. Wir bescheiden uns zwar daß diese 2 Tadel; allein wenn er ihn gleich von dieser Seite
350 2395 2051 2478 Bogen ihrer Kürze wegen keine weitläuftige Anzei= verdienen solte; so kommt ihm dennoch das Lob zu,
350 2444 2053 2516 ge verdienen; allein vielleicht sind wir so glücklich welches sich wahrhaftig wenig des Witzes beflißene
365 2486 2047 2554 durch einige verstreute Anmerkungen, ein halb Du= Geistliche werden zuzuschreiben haben, daß er nem¬
361 2526 2051 2626 tzend Autores zum abortiren zu bringen, die sich mit lich witzig zu seyn im Stande war. Unser Send¬
1894 2558 2045 2632 schreiben
