2663 3213
997 437 1433 504 Berlin, den 25. März.
830 485 1640 539 Bey dem Alt=Braunschweigschen Infanterie=Regi¬
782 532 1637 590 ment ist der Second=Lieutenant Herr von Woldeck,
788 581 1642 626 zum Premierlieutenant, und der Fähnrich Herr von
788 618 1648 666 Lignofsky, zum Second=Lieutenant avancirt. Se.
792 663 1645 709 Excell. der dirigirende Minister, in Schlesien Herr
790 709 1643 764 von Schlaberndorf, sind hier durch nach Potsdam
792 745 959 807 gegangen.
1009 768 1416 833 Wien, vom 8. März.
830 826 1655 876 Se. Kayserl. Maj. haben Sich seit etlichen Ta¬
788 872 1648 920 gen an einem kleinen Halsweh übel befunden, es bes¬
797 908 1648 960 sert sich aber. Der Herr Feldmarschall und Kriegs¬
797 955 1643 1002 präsident, Graf von Lascy, befindet sich dermassen
797 995 1633 1049 hergestellt, daß er wieder im Consilio erscheinen kan.
956 1036 1491 1082 Mainstrom, vom 14. Márz.
838 1069 1648 1129 Briefe aus Italien melden, daß die Vermählung
794 1111 1645 1162 einer Oesterreichischen Erzherzogin mit Sr. Maj.
794 1164 1648 1212 dem Könige beyder Sicilien, bald bekannt gemacht
797 1201 1044 1256 werden dürfte.
1003 1232 1447 1286 London, den 11. März.
830 1283 1652 1333 Das Unterhaus berathschlagete sich den 7ten in
797 1330 1645 1377 einer Committe über die Mittel, die Subsidien zu
797 1370 1654 1423 heben, und erwog die Klagen, welche über die Rechte
797 1412 1645 1460 vom Apfel- und Birnenmost eingegeben worden,
794 1451 1652 1500 worauf es beschloß: Daß die Rechte, welche im 3ten
803 1493 1655 1547 Jahr der gegenwärtigen Regierung auf den Aepfel¬
797 1533 1652 1584 und Birnenmost geleget worden, am 5ten Julii auf=
792 1574 1652 1626 gehoben werden sollen; und an dessen Stelle ein
794 1619 1652 1666 Recht von 6 Schilling von jedem Oxhoft besagten
802 1668 1652 1715 Getränkes, welches von Schenkern ausgezapft wird,
800 1705 1654 1748 und ein Recht von 3 Pf. von jeder Tonne, die von
808 1745 1652 1798 selbigem von aussen eingeführet wird, erlegt werden;
794 1789 1654 1836 daß ferner von jedem Oxhoft Aepfel= oder Birnen¬
794 1830 1654 1868 most, welches in diesem Reiche fabricirt ist, und von
799 1866 1646 1920 einem Agenten oder Factor versandt, oder zum Auf¬
807 1909 1658 1954 legen eingekauft wird, 16 Sch. 8 Ps. von dem Agen¬
803 1951 1650 2002 ten oder Factor bezahlet werden sollen; und endlich,
807 1992 1653 2041 daß ein Recht von 6 Sch. auf jedes Oxhoft besagten
803 2033 1652 2083 Getränkes gelegt werden soll, welches von den Fabri¬
797 2076 1652 2125 queurs und Schenkern verkauft wird, die selbiges
803 2115 1655 2171 von den Früchten ihrer eigenen Ländereyen verferti¬
808 2162 1656 2208 get, wofür sie ohnehin Abgiften erlegen; und daß die
809 2201 1648 2250 Einkünfte von allen diesen Auflagen zu eben dem
809 2246 1650 2293 Endzwecke angewendet werden sollen, wozu die vori¬
799 2290 1654 2341 gen Rechte gebraucht worden. Es ist gewiß, daß
799 2325 1550 2382 alle Spanische Truppen in Bewegung sind.
803 2364 1657 2420 hieß zwar, die Ursache davon wäre, daß die Garnisonen
800 2412 1652 2467 abgewechselt werden sollten; warum aber, wird nicht
803 2454 1651 2503 gemeldet. Die letzten Instructionen, welche unserm
797 2500 1652 2542 Gouverneur zu Gibraltar, Herrn Irwine, sind zuge¬
803 2535 1652 2592 fertiget worden, befehlen demselben an, alle nöthige
799 2580 1652 2632 Vorsicht zur Sicherheit der dortigen Festung zu brau¬
803 2621 1651 2672 chen, und auf die Bewegungen der Spanier genaue
802 2658 1652 2710 Acht zu geben. Die Einziehung der Stempel Acte
796 2703 1652 2754 dörfte im Oberhause, als in welchen die Parthey des
1675 429 2514 511 alten Ministerii stärker als im Unterhause ist, noch
1672 498 2355 542 vielen Schwierigkeiten unterworfen seyn.
1904 538 2284 591 Rom, den 1. März.
1713 569 2512 619 Man will für gewiß versichern, daß die Auflage
1675 616 2512 677 auf die Geistlichkeit in Pohlen auf ein Jahr bewa=
1675 664 1878 718 liget worden.
1839 691 2329 755 Warschau, den 24 März.
1711 739 2510 797 Wegen des am 23sten vorigen Monaths erfolgten
1678 783 2509 841 Absterben, des Königes Stanislai, Herzog von
1681 813 2510 879 Lothringen und Bar, wird der hiesige Hof gleich nach
1678 862 2510 924 Ostern die Trauer anlegen. Es wird vor gewiß gespro=
1678 898 2514 967 chen, daß die Woywodschaft von Siradien dem Grafen
1684 938 2509 1006 Opalinsky, Woywoden von Mazuren, die Woywoo
1687 993 2510 1049 schaft von Mazuren, aber dem bisherigen Woywo=
1687 1025 2509 1085 den von Pommern, hingegen die Woywodschaft von
1687 1072 2510 1137 Pommern, dem Grafen Flemming, zu Theil wer
1681 1106 2514 1179 den soll, wobey der Graf Flemming, dem Grafen
1686 1148 2506 1214 Mostowsky, vor Abtretung der Woywodschaft un
1684 1192 2510 1257 der zu derselben gehörigen Starostey Schönek 40000
1681 1230 2509 1288 Ducaten offeriret. Man hat mit voriger Post falsch
1680 1278 2509 1335 berichtet, als ob des Kron=Marschalls Grafen Bie
1678 1316 2512 1386 linsky. Excell. Dero Amt dem Fürsten Sangusko
1687 1358 2509 1423 übergeben, Se. Excell. sind ohngeachtet Dero hohen
1684 1403 2509 1465 Alters in denen ihnen obliegenden Geschaften ohnen
1681 1449 2509 1498 müdet, und bestellen Dieselben bishero mit der ihnen
1678 1491 2509 1550 gewöhnlichen Activität. Es war nur der Fürst Saw
1687 1530 2502 1588 gusko auf einen Tag, an welchen sich des Kron
1687 1568 2509 1634 Marschalls unpäßlich befanden eine Rechtsaffatre
1687 1611 2508 1673 an deren schleunigen Beendigung vieles gelegen,
1693 1653 2497 1712 seinem richterlichen Amte zu entscheiden erbeten, d
1693 1698 2500 1762 ses hat Ursach zu muthmaßen gegeben, als ob gedau
1687 1735 2503 1802 te Se. Excell. Dero Jurisdiction gänzlich niederg
1684 1781 2503 1841 legt. Der Graf Branicky befindet sich bis anher
1678 1816 2505 1883 außer aller Gefahr. Der Fürst Radziwil soll sia
1681 1862 2502 1920 noch bis Dato in Dresden aufhalten, und daselb
1684 1899 2502 1965 besonders distinguiret werden. Vorgestern sind S¬
1690 1944 2494 2018 Maj. in Begleitung des Fürsten Repnin hinter W
1687 1996 2090 2045 la auf die Jagd gewesen.
1949 2055 2276 2105 Einpaßirte Fremde,
1858 2089 2350 2149 vom 23 bis zum 28ten März.
1719 2120 2503 2188 Hr. Zweigeld, Kaufmann, kommt aus Curland, loy
1686 2169 2499 2234 bey Bräm in der Vorstadt. Prinz Kuracki un
1680 2204 2500 2266 Hr. geheime Rath von Salders, kommen von P.
1684 2250 2487 2306 tersburg, gehen nach Warschau, log. bey Felgenha
1681 2303 2079 2353 ers auf dem Roßgarten.
1940 2341 2278 2407 AVERTISSEMENT.
1722 2371 2510 2447 Der englische Pferdarzt Strunz, ist den 29ten
1690 2418 2500 2483 dieses aus Lithauen retourniret, und wird sich en
1687 2464 2497 2527 Zeitlang in Königsberg aufhalten. Er ist jederge
1690 2497 2501 2573 des Morgens bis 9, und des Nachmittags bis 3 uy
1687 2543 2509 2610 in der vordersten Vorstadt im Palmbaum anzutreffen
1722 2599 2505 2668 Da ein neu Quartal angegangen, so werden oe
1681 2636 2500 2716 resp. Herren Interessenten dieser Zeitung gütigst de
1684 2692 2467 2761 lieben die Pränumeration mit 2 fl. zu entrichten.
