2479 3213
334 421 1169 499 ken vorzuziehen — Der Herr Verfasser versteht die
338 489 1400 563 Lehre vom Projekt noch nicht gnug, und noch gen 24 gr.
319 531 1171 595 weniger die von der Prüfung der Mittel zu einer
1379 429 2046 529 Kostet in den Kanterschen Buchhandlun
1194 434 1334 508 Absicht.
525 642 958 703 Berlin, den 11. Jan.
332 722 1776 805 denschen Kriegs- und Domainenkammer stehenden liches Gebäude aufgeführet worden.
325 774 1173 820 Kriegsrath, Herrn von Rottberg, wegen seiner im Kö=
312 810 1162 863 niglichen Dienst bewiesenen Treue zum Directore be=
317 856 1169 903 gedachter Kammer mit Vermehrung seines Gehalts,
325 895 1173 946 imgleichen den Herrn von Clermont, bisherigen Hof=
317 939 1169 990 und Cammergerichts= und Pupillenrath, zum Präsi=
317 982 1169 1041 denten des Churmärkschen Pupillen=Collegii aller¬
317 1016 814 1090 gnädigst zu ernennen geruhet.
538 1048 960 1118 Wien, den 24. Dec.
363 1092 1162 1156 Se. Majestät, der Kayser, haben letzthin auf dem
346 1188 1162 1235 atzung liegende Graf Wiedische Regiment, beynahe
344 1271 1162 1322 hen lassen, auch darüber denen Officiers und Ge¬
334 1354 1162 1402 Das französische Comödienhaus nächst der Burg soll,
332 1400 1162 1466 dem Verlaut nach, mit zur Burg gezogen und zu
348 1443 1026 1507 inftigen Wohzimmern eingerichtet werden.
436 1477 1033 1522 Aus der Oberpfalz, vom 31. Dec.
368 1494 1158 1566 Des Kaysers Majestät fahren unermüdet fort
353 1560 1158 1606 rch die besten Einrichtungen das Wohl, der Ihnen
361 1604 1152 1649 n Gott anvertrauten Unterthanen, zu befördern.
361 1726 1158 1772 s, und es soll einer der gelehrtesten Reichshofrä¬
363 1849 1152 1898 ät vor Augen zu legen. Die von Allerhöchstden
370 1889 1154 1942 en genehmigte neue Mondirung für die sämtliche
368 2059 1148 2108 intel, welcher bey dem Marschiren zusammenge
361 2136 1150 2189 en auch fernerhin zu Friedenszeiten alle Kayserl.
361 2182 1148 2229 mpagnien zu Roß und zu Fuß, 12 Mann über¬
374 2218 1148 2274 plet seyn. Des Prinzen Alberts, Königl. Ho¬
370 2261 1148 2310 „sind bereits als Kayserl. Königl. Generalfeld¬
355 2306 1143 2357 erschall und Generalcapitain, sämtlicher im König=
355 2350 1143 2399 ch Ungarn liegender Kriegsvölker, wie nicht we¬
361 2391 1145 2463 er als Locum tenens in gedachtem Königreich, in
366 2431 695 2495 espflicht genommen.
514 2461 929 2529 Gotha, den 21. Dec.
370 2486 1137 2580 in Leipzig ist in diesem Jahre das reformirte
361 2552 1145 2605 thaus der französischen Colonie, auf gnädigste
1192 646 2040 708 bis anhero im Amthause mit gewesen, in ein neues
359 665 2042 767 Se. Königl. Majestät haben den bey der Min= und der Stadt zur Zierde gereichendes sehr ansehn¬
1362 769 1876 831 Lauenburg, den 21. Jan.
1237 795 2042 869 Berliner Nachrichten zufolge soll der berühmte
1192 837 2042 914 Herr Joh. Jac. Rousseau, daselbst in sehr schwäch¬
1194 899 2044 982 lichen Gesundheitsumständen glücklich angekommen
1188 941 1290 999 seyn.
1332 963 1893 1041 Maynstrom, den 2. Januar.
1232 1018 2040 1077 Se. Königl. Hoheit der Dauphin, haben wenige
1188 1039 2040 1124 Tage vor Dero Ableben, dem Grafen von Florentin,
1186 1109 2040 1158 Dero letzte Willens=Meynung schriftlich übergeben.
338 1137 2042 1201 Wachtparadeplatz hinter der Burg, das hier in Be= Sie ersuchen darin unter andern den König die Pen¬
1186 1190 2040 1243 sion der Dauphine seiner Gemahlin zu vermeh¬
338 1230 2036 1290 ine ganze Stunde lang, die Handgriffe vor sich ma= ren, und empfehlen besonders den Sohn des Hrn.
1182 1275 2040 1322 Chambord, welchen sie vor einiger Zeit unglücklicher
338 1313 2040 1364 neinen Dero allerhöchste Zufriedenheit bezeiget. Weise auf der Jagd erschossen, der Königl. Gnade.
1182 1358 2034 1413 Die Dauphine hat zugleich den König ersucht, daß
1186 1402 2036 1451 das Grabmahl ihres verstorbenen Gemahls so geräu¬
1177 1441 2034 1515 mig eingerichtet würde, damit sie künftighin eben¬
1188 1483 1887 1538 falls ihre Ruhestätte daselbst finden möchte.
1218 1509 2002 1572 Aus dem Hollsteinischen, den 26. Dec.
1216 1568 2034 1624 Unter andern Merkwürdigkeiten, welche bey den
1175 1587 2036 1658 Verzeichnissen der Gebornen unb Verstorbenen die¬
361 1649 2034 1696 as Königreich Ungarn macht jetzo den vorzüglich- ses Jahres einberichtet worden, ist auch folgender
346 1689 2038 1747 en Gegenstand der Kayserlichen Aufmerksamkeit trauriger Zufall gemeldet, welcher sich in der Prob¬
1179 1730 2036 1785 stey Tondern, bey dem Guthe Botsloht, zu Fahre¬
361 1764 2040 1819 befehliget seyn, die Rechte und Gerechtsame die- toft zugetragen: Es war daselbst ein neuer Brunnen
361 1806 2027 1866 Königreichs zu entwickeln, und Sr. Kayserl. Ma¬ gegraben, sodann mit Brettern bedeckt, mithin des
1186 1857 2027 1906 selben Ausdünstung behindert. Der Hausknecht des
1179 1898 2032 1946 Wirths steigt in diesen Brunnen, geschossene En¬
374 1940 2029 1987 völker, bestehet in ungarischen Beinkleidern und ten, die er zuvor um der Conservation willen allda
359 1980 2025 2038 indschuen, in einem Leibel statt eines Camisols, verwahret, heraus zu holen; zu seinem Unglück
368 2019 2027 2072 em sehr kurzen Rock, und einem langen grauen aber muß er, da ihm eine entfält, auf einer Leiter
1169 2068 2034 2123 hinuntersteigen, alwo ihn eine Ohnmacht anwandelt.
370 2102 2032 2153 t, und nach Art der Croaten getragen wird. Es daß er ins Wasser fält. Ein Zimmermann steigt
1171 2146 2029 2199 ihm behende nach, und hat gleiches Schicksal. Des=
1179 2187 2034 2240 sen Geselle will beyde retten, und fällt ebenfalls ohn¬
1171 2229 2029 2278 mächtig herab. Dem vierten bindet man einen
1169 2267 2023 2327 Strick um den Leib, er komt aber kaum auf einige
1177 2306 2027 2359 Stuffen, so wird er ohnmächtig, und man muß ihn
1171 2350 2027 2399 herausziehen, also daß in einigen Minuten drey Men¬
1177 2397 2025 2444 schen, ohne einige Hülfe von den Umstehenden erlan¬
1173 2437 2027 2490 gen zu können, ihr Leben verloren, und der vierte
1162 2476 1946 2527 mit einiger Stunden Ohmacht kämpfen müssen.
1347 2516 1883 2582 Copenhagen, den 2.7 Dec.
1211 2537 2025 2618 Jn dem Stifte Drontheim sind in dem letztver=
359 2595 2025 2665 aubniß, wegen dem Anwachs der Gemeinde, so wichenen Kirchenjahre 1406 Paar Personen getrauet;
1857 2646 2025 2722 4906 che
