2479 3213
722 1506 1670 1580 4tes Stück. Montag, den 13. Jenner 1766.
504 1614 983 1679 Leipzig und Helmstadt.
356 1633 1164 1722 Joh. Christ. Alber, von der Klugheit des Bür
323 1713 414 1769 gers.
353 1713 1162 1797 In unsern Tagen da man unendlich viel für die
321 1789 1172 1840 Gelehrten, und beynah nichts für den Menschen
325 1823 1164 1883 schreibt, verdient ein Schriftsteller der für die Gluck
321 1896 2041 1963 terung. Der Verfasser hat es versucht das Glück die p. 115. von der Logik, da der Verfasser sagt:
317 1939 1172 2002 des Bürgers, oder vielleicht besser des Menschen in
319 1965 2039 2045 der Gesellschaft, weil das Wort Bürger einen zu ju= nunftlehre, so wie sie in den altäglichen Büchern
321 2017 2041 2086 ristischen Verstand (sensus civilis) hat, zu befördern. vorgetragen wird, lieber vergleichen wolte mit die¬
325 2069 1168 2129 Jn seiner Einleitung p. 15. sagt er: Wer am Wah=
321 2112 1168 2164 ren und Nützlichen Geschmack findet, und dieses
321 2192 1174 2252 Gelehrten und in den Werken des Verstandes sucht,
321 2235 1174 2289 der ärgert sich einmal wenn er selbst von denen, die
321 2274 1174 2338 ihm etwas bessers versprachen mit leeren Worten
328 2314 1177 2370 abgespeist wird. rc. Wird der Herr Verfasser es
321 2362 1177 2414 uns verzeihen wenn wir uns auch bisweilen über
325 2439 1174 2493 kungen Brocken einmischt, die für den gelehrten Le
334 2487 1179 2536 fer zu bekannt sind, und dem ungelehrten nothwen=
1187 1597 2043 1670 geitzige Pygmalion, alle Seiten die er mit dem Py¬
1200 1649 2030 1702 thagoras und der Wissenschaft der Magier anfüllt
1198 1694 2041 1741 scheinen uns ein Raub am Bürger zu seyn. Wir
1194 1735 2034 1784 hatten uns andre Dinge in dem ersten Abschnitt von
1194 1763 2043 1823 der Klugheit überhaupt und der bürgerlichen Klug¬
1819 1808 2034 1862 Warum sind
1198 1808 1799 1875 heit insbesondre zu lesen gewünscht.
325 1858 2039 1927 seligkeit des letztern besorgt ist, Dank und Aufmun= nicht alle Anmerkungen so angemessen und gut wie
1190 1933 2041 1996 Ich kenne nichts, womit ich unsre sogenannte Ver¬
1194 2049 2039 2121 ser Gabe des griechischen Kunstlers (der kleine Kör=
1192 2099 2039 2161 ner durch ein Nadelöhr werfen konnte) auch sie scheint
328 2138 2043 2211 Wahre und Nützliche auch in den Schriften der mir die Kunst oder das Geschick zu seyn die kkeinen
1194 2177 2039 2243 Gedanken einer noch kleinern Seele, in einer ge¬
1198 2220 2043 2278 wissen Entfernung deren Zwischenraum mit leeren
1196 2265 2047 2325 Worten, und einer Reihe von zerstreuten Satzen
1194 2299 2045 2366 angefüllt ist, durch das enge Oehr einer gelehrten
1198 2342 2047 2405 Form willkührlich angenommner Gesetze, durchzu=
325 2386 2045 2452 ihn geärgert haben? wenn er statt gesunder Anmer= werfen. Hier hätten einige Anmerkungen über die
1194 2424 2052 2489 gesunde Vernunft, von der man zu wenig Begriffe
1200 2472 2054 2532 hat, können eingerückt werden. Die allgemeine Be=
321 2513 2056 2571 diger Weise Langeweile verursachen müssen. Seine trachtungen im 2ten Abschnitte hätten zahlreicher
334 2543 2052 2614 etymologische Ausschweifung über das Wort Klug= und mehr auseinandergesetzt werden mussen. Der
347 2592 2060 2683 heit, die vermuthlich etwas satyrisch seyn soll, der Herr V. wird oft ein Gottesgelehrter wo er nur
