2663 3213
696 430 2439 502 einander uneins. Der Streit nahm zu und wurde dem Orden des güldenen Vliesses zu beehren ge¬
702 483 1678 550 zuletzt so heftig, daß der eine den andern verfolgte, ruhet.
702 533 1559 585 und ihn mit seiner Axt erschlug. Die durch diese
706 576 1556 635 Mordthat entheiligte Kirche muste durch den Groß=
704 617 1561 674 vicarium des Ertzbischoffes von neuem eingeweihet
698 663 846 720 werden.
911 685 1387 750 Hannover, den 3. Jan.
743 726 1561 789 Heute gieng ein von London gekommener Engli¬
706 780 1561 837 scher Courier hier durch nach Berlin; und der Rußi¬
706 824 1563 878 sche General Jacoblef, der von Paris gekommen,
704 863 1559 913 ist gleichfals durch hiesige Stadt paßirt. Der Herr
711 909 2437 965 General von Wallmoden wird hier nun in kurzem bisherige Münzsorten abgesetzet werden. Diese Re¬
702 948 1174 1013 aus Jtalien zurück erwartet.
922 976 1343 1035 London, den 24. Dec.
746 1004 1563 1074 Se. Maj. der König haben den Lord Georg Sack¬
711 1069 1561 1122 ville, zum Mitglied Dero geheimen Raths, den Ge¬
713 1113 1559 1163 neral Draper aber, welcher die Königl. Truppen bey
711 1161 1563 1206 der Einnahme von Manilla commandiret, zum Rit=
713 1189 1552 1243 ter von Bath, allerhuldreichst zu ernennen geruhet
711 1237 1567 1293 Zwey Römisch Catholische Priester schwuren vorigen
711 1283 2439 1326 Sonnabeud öffentlich in der St. Jacobs Kirche zu Wien erwartet, von woher des Prinzen Poniatows¬
711 1319 2439 1369 Westmünster, der Lehren des Pabstthums ab. Da= ky, königl. Hoheit ehestens allhier einzutreffen ge¬
713 1367 2439 1419 gen suchte ein hiesiger Accise Bediente kürzlich sich denken. Nach einer langen Deliberation ist endlich
720 1402 1424 1456 selbst mit Gift aus dem Wege zu räumen.
711 1482 1267 1532 durch Mittel von ihm geschaft.
720 1526 1569 1576 er sich nicht lange hernach erhenkt, nachdem er noch
711 1561 1561 1613 enige Tage zuvor mit seinen Freunden fein frölich
713 1604 1561 1663 geschmauset. Die goldene Dose, welche jüngst dem
711 1650 1824 1704 Erbprinzen von Braunschweig, mit dem Bürger= Vortheile hat.
711 1687 1567 1752 rechte der Stadt London, überreichet worden, ist
713 1728 1565 1778 ein Meisterstuͤck an schöner und sinnreicher erhabener
720 1772 1567 1826 Arbeit. Oben auf sind Se. Durchlaucht zu sehen,
713 1811 1572 1867 wie Sie aus Martis Tempel kommen. Großbrit¬
713 1854 1569 1906 tannien kommt Ihnen entgegen, und führet Ihnen
715 1896 1561 1946 den Gott der Ehren zu. Die Ehre bekränzet der
715 1937 1567 1985 Prinzen mit Lorbeern, und der Ruf verkündiget des
722 1978 1567 2035 sen Lob. Hinter dem Prinzen siehet man den Tem
726 2017 1572 2074 pel des Kriegesgottes, und einen Cupido, der einen
726 2061 1572 2115 Schild mit dem Braunschweigschen Wapen hält;
713 2100 1569 2154 und gegen über zeigen sich der Tempel des Hymens,
722 2143 1567 2195 der Altar, ein Cupido und eine Taube mit einem
720 2182 1569 2235 Oelzweige. Auf den Seiten der Dose halten zween
726 2226 1572 2278 Genii Lorbeer=Kränze. Endlich sieht man auf dem
720 2280 2445 2335 unteren auswendigen Theile dieser Dose das Wapen bey Remus. Herr von Behr, Köngl. Pohlnischer
720 2309 1409 2380 der Stadt London künstlich ausgestochen.
928 2350 1365 2402 Madrit, den 17. Dec.
759 2382 1574 2445 Se. Catholische Maj. haben bey Gelegenheit der
717 2430 1565 2491 Feyerlichkeiten, wegen der Vermählung des Prinzer
713 2487 2450 2541 von Asturien, mit der Prinzeßin von Parma, den Diese Gelehrte und Politische Zeitung wird des Montags
715 2517 1576 2567 Kron=Großfeldherren von Pohlen, Grafen Brani¬
720 2559 1589 2632 ki, imgleichen den Marquis von Grimaldi, mit
1772 520 2235 589 Warschau, den 9. Jan.
1613 570 2435 626 Se. Majestät der König, sind vorgestern in Be=
1589 617 2428 670 gleitung des Fürsten Repnin, des Feldschreibers
1569 667 2428 709 Rzewuski, und des Preuß. Residenten auf etliche
1578 704 2435 752 Tage nach Koßeniec auf die Jagd verreiset. Die
1585 743 2441 796 hiesige Königl. Münze arbeitet bestmöglich, um ehe¬
1591 789 2437 833 stens eine zulängliche Summa neuen Geldes zu ver¬
1582 833 2430 878 fertigen, welches über 6 Monate zu coursiren an¬
1585 872 2424 917 fangen wird, dagegen sollen zu derselben Zeit alle
1576 952 2437 996 duction soll in Litthauen ein ganzes Jahr später als
1585 996 2437 1041 in Pohlen publiciret werden. Man hat allhier aus¬
1585 1035 2437 1087 gerechnet, daß seit der Regierung Johannis Casimiri,
1582 1085 2435 1128 die Krone auf 400 Millionen durch die schlechte
1585 1119 2437 1169 Münzsorten verloren. Der Graf Colloredo hat sich
1582 1159 2435 1206 dem von seinem Hofe erhaltenen Rappel zufolge
1589 1204 2439 1248 den 6ten bey Sr. Maj. beurlaubet, und wird ehe¬
1591 1246 2437 1289 stens an dessen Stelle ein anderer Gesandter aus
1465 1409 2437 1461 Man von der Schatz=Commißion mit Genehmhaltung Sr.
713 1448 2445 1498 erfuhr es aber bald darauf, und das Gift wurde Maj. bewilliget worden, den hiesigen Fuß ad legem
1328 1485 2441 1532 Indessen hat Imperii einzurichten, und zwar weil der Reichs¬
1589 1532 2439 1578 Munzfuß sicher und immerwährend ist. Holland
1582 1567 2439 1617 und andere Mächte solchen auch angenommen, und
1589 1613 2448 1687 folglich diese Conformität vor Pohlen besondere
1824 1765 2209 1837 Einkommende Fremde.
1730 1813 2295 1880 Vom 11ten bis zum 17ten Jan.
1630 1852 2437 1924 Hr. von Witsky, Rittmeister in Rußisch=Kayserl.
1598 1900 2445 1965 Diensten, kommt von Petersburg, geht nach Ham=
1593 1952 2445 2009 burg, logirt bey Seyfrieds. Hr. von Klopmann
1600 1998 2445 2048 Curländscher Cantzler, kommt von Warschau, geht
1596 2045 2445 2095 nach Mitau, log. bey Felgenhauer auf dem Roßgar=
1598 2080 2445 2132 ten. Hr. von Saba, gewesener Rittmeister in
1598 2122 2448 2172 Oesterreichschen Diensten, kommt von Danzig, geht
1598 2167 2450 2222 nach Warschau, log. bey Felgenhauer auf dem Roß¬
1589 2209 2448 2265 garten. Hr. von Jacoblef, Rußisch=Kayserl. Gene¬
1598 2252 2443 2300 ral, kommt von Paris, geht nach Petersburg, log.
1598 2330 2445 2382 Kammerherr und Herr von Derschau, Königl. Pohl=
1596 2372 2441 2450 nischer Land=Notarius, kommen von Warschau, log.
1593 2402 1800 2463 bey Remus.
1641 2537 2411 2576 und des Freytags Vormittags um 10 Uhr in dem
1752 2569 2306 2628 Kanterschen Buchladen ausgegeben.
