2479 3213
745 1474 1658 1552 28tes Stück. Montag, den 7. April 1766.
520 1596 1025 1673 Königsberg und Mitau.
392 1648 1194 1721 Bey unserm Verleger ist fertig geworden der fünf=
364 1673 1186 1761 de Band von dem Schauplatz der Künste und Hand
370 1733 1192 1806 wderre, oder vollständige Beschreibung derselben ver¬
357 1772 1192 1849 sertiget oder gebilliget von den Herren der Akade¬
362 1858 1198 1930 eesem. Die deutsche Uebersetzung davon giebt mit
370 1943 1198 2012 cahmter Lehrer der Cameralwissenschaft zu Leipzig
370 2022 1198 2099 der statt des Herrn Rath Justi dieser Arbeit sich
370 2061 1198 2136 anterzogen hat, und, da die Materien in das Fach
370 2101 1198 2185 seiner gründlichen und praktischen Kenntniß, worin
364 2151 1201 2226 ee seine Stärke gezeigt, einschlagen, durch seinen
368 2183 1201 2271 deamen von diesem grossen und gemeinnützigen Wer=
370 2228 991 2320 te den Cours und Credit erhöhen wird.
398 2290 1209 2363 Der Verleger hat Kosten und Mühe auf die rich=
368 2324 1201 2412 rge und baldige Lieferung dieses neuen Theils ver¬
370 2497 1207 2577 caret worden. Die geschwinde Betreibung der
1222 1575 2080 1646 gereichet ihm zum Verdienst, welches die gute Auf¬
1222 1622 2078 1682 nahme von jenem und der Abgang eines solchen
1222 1669 2080 1721 Schatzes für Künstler und Handwerker nicht unbe¬
1218 1708 1509 1780 lohnt lassen mag.
1263 1748 2078 1830 Es ist dieser Band dem Durchlauchtigsten Erb¬
364 1802 2074 1887 deie der Wissenschaften zu Paris, mit vielen Kupfer= prinzen von Curland Peter zugeeignet. So vielen
1218 1845 2074 1915 Antheil hieran das Herz des Verlegers genommen,
364 1892 2076 1947 dierkungen heraus Herr D. Schreber, ein be= welches von der vorzüglichen Gnade Sr. Hochfürstl.
1226 1930 2074 1990 Durchl. für seine Handlung in Dero Erblanden
364 1971 2074 2052 and Mitglied der dasigen öconomischen Gesellschaft, durchdrungen ist, so glücklich ist sein Geschmack auf
1224 2014 2074 2074 einen Prinzen gefallen, der auf seiner Reise den
1226 2048 2076 2116 Stoff gesammlet hat, sich als einen Beförderer der
1218 2095 2076 2159 Künste und Wissenschaften künftighin noch mehr in
1222 2138 2078 2198 einem Lande zu zeigen, welches durch die Liebe und
1222 2181 2076 2238 Achtung für jene selbst bey den Ausländern sich be¬
1218 2228 1783 2300 reits Ruf und Ansehen erworben.
1280 2260 2078 2345 Zum Lobe des Werkes selbst dürfen wir nichts
1224 2326 2076 2395 hinzuthun; der Beyfall gründet sich auf den Dienst,
370 2367 2076 2450 tndt. Druck, Kupfer und alle erforderliche Ein= welchen es dem gemeinen Wesen leistet. Herr D.
383 2405 2082 2491 ehrungen bezeugen, daß nichts an der Sauberkeit Schreber ist uns Bürge für eine treue Ueberse¬
370 2448 2080 2532 ie dem Werth eines so beträchtlichen Werkes ge= tzung, an der man den Wohlklang auch nicht ver¬
1226 2495 2086 2562 mißt. Wir billigen sein gründliches Urtheil über
370 2532 2084 2622 deadgabe machet ihm Ehre und sein Eifer, dem Publi= das Geschick zu solchen Uebersetzungen, wobey es
368 2574 2091 2677 eeinen so nützlichen Schauplatz weiter zu eröfnen, nicht nur auf eine Kenntniß der Sprachen sondern
1997 2615 2082 2673 auch
