2663 3213
770 404 1646 475 miral der rothen Flagge Herr Moore zum Baronet
779 479 1646 537 von Großbrittannien allergnädigst zu ernennen ge¬
785 511 892 584 ruhet.
822 544 1639 599 Gestern frühe sind dem Prinzen von Wallis, und
779 597 1646 646 dem Prinzen Bischof von Osnabrüg durch Herr Cä¬
788 642 1641 687 sur Hawkins, Esquire, die Blattern inoculiret wor¬
788 676 1644 728 den. Das Unterhaus ist annoch mit der Bill be¬
783 723 1639 773 schäftiget, um die Dependenz der Königl. Staaten
785 766 1644 811 in America von der Krone und dém Parlament von
785 802 1646 856 Großbrittannien besser zu bevestigen, imgleichen hat
783 845 1644 895 dasselbe für gut gefunden, in der Bill zu Wiederruf¬
783 888 1639 942 fung der Stempel=Acte einige Veränderungen zu
783 933 1646 980 treffen. Privatbriefe von Gibraltar, vom 11ten
783 954 2500 1019 dieses, liefern weitläuftige Erzählungen von einem Whitehall hervorgethan. Die Negers haben diesel
785 1014 1639 1061 daselbst am 30sten Januar gewesenen grausamen
779 1055 1639 1102 Sturm. Unter andern heißt es in diesen Erzählun¬
785 1098 1639 1147 gen: "Es sind dabey so vieler Schnee und ein so star¬
783 1138 1644 1181 „ker Hagel gefallen, daß dieselben an einigen Stel¬
785 1168 1633 1226 "len 7 bis 11 Fuß hoch gelegen haben. Viele Men¬
785 1220 1633 1282 „schen, ja ganze Familien, sind darin umgekommen.
798 1263 1644 1312 "Die Vestungswerke sind dadurch sehr beschädiget
783 1293 1631 1357 "worden. Der Strom des Wassers hat 18 bis 24
792 1342 1639 1397 "pfündige Kanonen fortgerissen. Die Schiffe im
785 1385 1639 1436 "Haven haben eine Erschütterung, als von einem
779 1427 1633 1479 »Erdbeben, gefühlt, und eine heftige Wasserbewe¬
794 1468 1633 1517 "gung gemerkt. Zur Reinigung der Gassen von
798 1509 1637 1556 dem, nach dem Ablauf des Wassers, zurück geblie¬
788 1547 1633 1599 "benen Schlamm, und zur Ausbesserung der Vestungs=
792 1592 1635 1641 wercke, werden 600 Mann gebraucht. Den sämt=
798 1635 1633 1680 lichen Schaden schätzet man auf 80000 Pfund
788 1680 1637 1729 "Sterl." Am Freytage ward allhier zu Langfords,
777 1712 1641 1783 in Coventgarten, bey dem Verkaufe der von dem
777 1763 1641 1808 Antiquario, Hrn. Angel Carmey von Chelsea, nach¬
777 1802 1637 1858 gelassenen Sachen, ein wichtiges Alterthumsstück,
773 1845 1633 1892 nämlich ein Römisches Crystallenes Trinkgeschirr
779 1881 1633 1932 von ausnehmender Arbeit, und welches noch ganz
777 1926 1631 1994 vollkommen erhalten ist, für 60 Pf. Sterl. 18 Schill.
777 1967 1633 2016 erhandelt. Der Marquis von Rockingham hatte
770 2007 1637 2057 darzu Commißion gegeben. Vormals ist dieses Ge¬
777 2052 1633 2106 schirr in dem Cabinette des Barons von Stosch ge=
773 2099 1633 2149 wesen, wo es eine der vornehmsten Seltenheiten aus¬
777 2138 1631 2189 gemacht hat. Die alten Römer pflegten sehr viel auf
777 2179 1631 2226 dergleichen crystallene Gefässe zu halten. Als der
773 2217 1631 2268 Kayser Augustus einst bey dem Publio Vedio Pol¬
777 2262 1631 2313 lione speisete, hatte ein Sclave des letztern das Un¬
770 2298 1631 2354 glück, ein crystallenes Gefaß zu zerbrechen, wofür
779 2352 1633 2401 sein Herr ihn sofort verurtheilete, zu den Lampretten
779 2388 1629 2440 geworfen zu werden, die Pollio in einem Fischbehäl=
770 2433 1624 2480 ter mit Menschenfleisch futterte. Der Sclave war
777 2470 1631 2519 sich zu den Füssen des Augusti, damit er bloß einen
773 2508 1629 2559 nicht so schrecklichen Tod leiden dürfte. Der Kayser
773 2555 1629 2607 legte auch sein Fürwort für denselben ein; aber Pol¬
770 2594 1631 2669 lio blieb bey seinem grausamen Vorhaben. Augu=
1671 415 2506 484 stus ließ sich hierauf die crystallenen Gläser von de
1667 471 2506 535 Seitentafel geben, und fing an, dieselben selbst
1667 514 2506 565 zerbrechen. Pollio wurde hierdurch gerührt, und
1671 554 2500 603 der Sclave gerettet. Eine vornehme Witwe,
1676 597 2508 661 dem westlichen Theile dieser Stadt, betrauret den
1667 636 2506 702 Verlust ihres letzten Eheherrn auf diese besonder
1667 678 2506 732 Art: Sie hat sich in schwarzen Kripp gekleidet, hau
1671 725 2506 773 zwey schwarze Mädchen, ißt nichts, als schwarz¬
1667 766 2502 815 Puddings, und all ihr Getränk ist schwarzer Brau
1667 805 2491 884 tewein. Auf diese Weise will sie ein ganzes Jah
1667 850 1772 922 leben.
1834 871 2350 952 Aus Jamaica, vom 23. Nov.
1701 910 2506 993 Es hat sich hier eine Rebellion in der Plantation
1667 1014 2502 1059 be damit angefangen, daß sie verschiedene Häuser in
1671 1051 2504 1100 Brand gesteckt, und einige Pflanzer massacriret ha¬
1669 1096 2506 1160 ben. Sie haben sich hierauf nach der Plantation
1667 1141 2502 1186 Ballards Valley begeben, wo sie gleichfalls ein Haus
1661 1177 2504 1235 in Brand stecken wollen; sie sind aber daselbst abge
1667 1222 2506 1267 trieben worden. Als die Pflanzer der umliegenden
1663 1267 2502 1329 Gegend von diesem Vorgange benachrichtiget worden
1667 1308 2500 1357 sind, haben sie sich in einigen Haufen versammlen,
1661 1350 2500 1417 wovon einer auf die Rebellen gestossen ist, und auch
1661 1391 2497 1466 die meisten davon getödtet hat. Die übrigen werden
1667 1430 1821 1487 verfolget.
1915 1504 2266 1562 Einpaßirte Fremde,
1840 1532 2339 1614 vom 15 bis zum 21ten März.
1701 1588 2502 1648 Herr Hofrath Göhring, kommt von Berlin, los¬
1663 1624 2497 1706 bey Lehmann in der Vorstadt. Hr. Robbert ein fran
1663 1682 2500 1751 zösischer Volontair, kommt von Riga, geht nach
1667 1729 2502 1774 Danzig, log. bey Bräm in der Vorstadt. Hert
1663 1770 2502 1830 Regimentsquartiermeister Stumpf vom Finckenstein
1667 1806 2500 1860 schen Dragonerregiment und Herr Stumpf, Kaus
1663 1858 2487 1926 mann aus Berlin, kommen von Mohrungen, lot
1661 1894 2290 1967 bey Konopatzky auf dem Steindamm.
1926 1954 2266 2048 AVERTISSEMENT.
1703 2009 2493 2097 Bey dem Verleger dieser Zeitung ist zu haben
1667 2074 2489 2116 Allgemeine deutsche Bibliothek, 2ten Bandes 1ste
1667 2114 2491 2176 Stück, gr. 8, 2 fl. 9 gr. Der Bienenstock, ein
1663 2155 2491 2202 Sittenschrift, 4ter Band, 8, 3 fl. C. A. Gerhard
1661 2202 2485 2249 Materia medica oder Lehre von den rohen Arzene
1654 2245 2478 2283 mitteln, 8, 3 fl. 15 gr. Reccards Lehrbuch, dar
1663 2281 2485 2350 ein kurzgefaßter Unterricht aus verschiedenen philos¬
1652 2330 2412 2388 phischen und mathematischen Wissenschaften,
1661 2365 2478 2410 Kupfern, 8, 2 fl 15 gr. Auszug aus eben diesel
1663 2410 2470 2459 Buche, 8, 12 gr. Schauplatz der Künste und Han
1656 2457 2446 2500 werker, 5ter Theil, mit Kupfern, gr. 4, 12 fl.
1661 2521 2478 2589 Diese Gelehrte und Politische Zeitung wird des Montag
1697 2570 2461 2632 und des Freytags Vormittags um 10 Uhr in den
1798 2609 2365 2677 Kanterschen Buchladen ausgegeben.
