2663 3213
698 429 1324 511 stalten des frommen Ernst hierin.
1352 444 1547 511 Diese bloß
695 539 1553 585 adspirent) ins lateinische Gymnasium: jetzt lernen
706 578 1549 633 sie die Sprache leicht, verständig und mit Nutzen,
702 615 1549 672 die sie vorher mit Schlägen und Unwillen sich in 15
698 656 1547 715 Jahren kaum leidlich in das Gedächtuiß einprägten.
702 704 1549 752 Er schlägt hiezu als Mittel, die französische Sprache
706 782 1549 834 lernte. -- Aber drey Einwürfe macht er sich hiegegen:
704 828 1549 871 Erstlich, so lernen die Schüler das Lateinische zu
702 864 1549 916 spät? — Nein! denn die alte römische Sprache ist
706 903 1553 964 ja nicht die wichtigste in der Erziehung; (ein Vor¬
698 983 1558 1044 hat doch eine Seichtigkeit in dem Religionsunterricht
698 1031 1558 1074 der Schulen eingeführt, die in unsern gefährlichen
702 1074 1558 1122 Freydenkerzeiten so schädlich seyn kann. Hier redet
702 1111 1555 1163 der Verfasser in einem christlich-patriotischen Enthu¬
704 1150 1553 1207 siasmus für eine gründliche Bildung der Kinder in
698 1196 1551 1241 der Religion, der die Historie, Naturgeschichte und
698 1243 2422 1291 Geometrie zu Stützen dienen können. — Zweitens, nicht Platz gnug lasse, daß er, um immer nützliche
691 1317 1547 1367 men? Miller leugnet dies mit Recht aus dem Bey
698 1356 1547 1410 spiel andrer Sprachen, die wir eben so spät lernten;
691 1404 2424 1451 und auch! denn gnug wenn man statt Worte Sa= bloß wenn er sie ganz abgeschmackt, ganz und gar
691 1434 1555 1493 chen, statt der Sprache der Römer und Griechen ih¬
695 1482 1551 1534 re Weisheit geschöpft hat. Die lateinische Sprache
702 1523 1555 1571 hat nie die Barbarey verjagt, sondern die Gelehr¬
698 1562 1551 1616 samkeit, die man in ihr kennen lernte, und Manu¬
695 1605 1549 1655 tius, Bembus, Politian, nützten bey ihrer
698 1646 1551 1696 lateinischen Künsteley weniger als Reuchlin,
698 1731 2422 1785 sophie, Historie, und die soliden Kenntnisse hei= dern Gedichten zu erklären — Diese und an¬
698 1772 2422 1826 tern das Gemüth auf; nicht die Sprache; eine dere Ausdrücke scheinen zu denen zu gehören: quas
698 1817 2422 1863 Wahrheit, die sich so sehr bestätigt, wenn man ein rei in curia fudit iners: sonst aber haben wir un¬
702 1852 2418 1902 lehrbegieriges belesenes Frauenzimmer gegen einen sere Absicht erfüllt, wenn wir sie unsern Lesern, in¬
702 1900 2418 1945 pedantischen Schulknaben der lateinischen Sprache sonderheit denen die Erziehung der Jugend theils
698 1932 1545 1982 hält. Ein etwaniger Schnitzer in einer lateinischen
702 1980 2413 2028 Disputation, ist ja in der That kein solch Verbrei empfohlen haben. Kostet in den Kanterschen
695 2012 1545 2058 chen, wofür es ein Cellar hielte, und Geßner, der
691 2058 1551 2103 Attische Geßner selbst achtete auf solchen Mißtritt
702 2097 1545 2145 der Zunge nicht. Hier tadelt Herr Miller die lange
695 2138 1549 2188 Reihe von Autoren, die Tanaquil Faber, Mor¬
695 2179 1545 2233 hofs Polyhistor und Heineccius in seinem mit¬
704 2216 1547 2268 telmäßigen fundam. stil. cultior. der Jugend empfeh=
698 2264 1545 2314 leten, und schlägt an deren Stelle lieber die Rec¬
698 2305 1545 2350 cardschen Realwissenschaften und die so sehr ver¬
691 2346 1538 2389 nachläßigte gelehrte Geschichte vor. Er hat Recht,
702 2383 1540 2439 daß wir nur die Bergers, Mosheime, Geß¬
698 2426 1545 2483 ners und Ernesti gern lateinisch lesen, und daß
695 2463 1538 2517 ein lateinisches Genie sich doch durchbrechen werde,
695 2511 1538 2558 wenn es auch spat in sein Lieblingsfeld eingeführt
695 2552 1540 2599 wird. — Allein drittens! wo bleibt ohne die lateini¬
691 2591 1538 2667 sche Sprache der Ruhm der Deutschen bey den Aus=
1577 431 2431 509 ländern? O lasset uns erst deutsch Ruhm und
698 496 2428 550 deutsch unterrichtete Kinder kommen, (si ad altiora Nutzen schaffen; Herolde werden sich immer finden,
1579 544 2433 589 Genies werden sich immer eine Bahn brechen, und
1577 583 1696 633 siegen.
1774 585 2428 630 Wir haben bisher einen treuen Auszug
1579 624 2433 672 aus dieser merk- und lesenswürdigen kleinen Schrift
1566 665 2433 715 gemacht, ohne ihn durch Einwürfe zu unterbrechen;
1579 711 2433 758 denn oft hat der Herr V. sich nicht ausführlich gnug
702 750 2433 793 vor, von der man die lateinische gleichsam abziehen über kleine Nuancen ausdrücken können, oft scheint
1577 795 2433 845 er selbst bloß Vorschläge zu thun, die freilich ihren
1568 828 2435 882 Nachtheil auf der einen, durch den Vortheil auf der
1577 873 2431 925 andern Seite bedecken. Es ist dieser Raum zu klein,
1577 916 2424 973 und die Schulstreitigkeiten zu alt (grammatici cer-
698 951 2439 1005 urtheil aus den päbstlichen Zeiten!) und eben sie tant) als daß wir jeden Zug in seinem Gemalde prü¬
1586 990 2431 1040 fen könnten. Jm Ganzen hat der V. nach unsrer
1581 1038 2428 1083 Meynung völlig Recht, wenn er die Realwissenschaf=
1579 1081 2428 1126 ten erweitert, und die lateinische Sprache in ihrem
1579 1116 2428 1163 Despotismus einschränkt; allein uns dünkt daß er
1579 1159 2433 1207 oft die ganze Philologie mit der lateinischen Spra¬
1579 1204 2428 1250 che verwechsele, daß er den schönen Wissenschaften
706 1278 2428 1330 sie lernen das Latein gar nicht, oder doch unvollkom= Leute (von gutem commum sense) zu bilden, die
1571 1317 2424 1369 Genies etwas versäume, daß das Urtheil über die
1571 1365 2424 1415 Mythologie unstreitig zu hart und zu theologisch ist,
1573 1443 2422 1493 unnütz nennet. Es scheint uns ein christlicher Eifer
1571 1486 2424 1534 zu seyn, wenn er sagt: die enthusiastische Dacier
1577 1527 2422 1577 haben ihren göttlichen Homer, alle Pflichten gegen
1571 1573 2424 1616 ihre Seele und die Gesellschaft aufgeopfert, und fort¬
1573 1610 2426 1655 fährt: wer die erlöseten Seelen des Heilandes lie¬
1573 1651 2166 1705 bet, wird sich nie verleiten lassen -
698 1688 2424 1739 Erasmus und Melanchthon. Die Philo= verführerischen Reitze in U. lyrischen und an¬
1566 1943 2415 1989 eine Pflicht, theils eine Merkwürdigkeit ist, bestens
1571 2015 1958 2090 Buchhandlungen 9 gr.
1815 2138 2171 2220 à Bruxelles 1765.
1605 2179 2409 2270 L'art de bien écrire des Lettres en toutes ma¬
1564 2225 1675 2311 tieres.
1601 2277 2415 2355 Unter diesem neu nachgedruckten Titelblatte findet
1564 2350 2413 2400 man einen der ältesten elendsten französischen Brief¬
1566 2394 2409 2441 steller. Die gesammleten Briefe sind Zeugen von
1566 2428 2415 2480 dem schlechten Geschmack des Herausgebers. Cice¬
1564 2474 2413 2522 ro und Plinius würden sich gewiß über die Gesell¬
1564 2506 2413 2563 schaft beschweren, wenn man sie um ihr Urtheil über
1566 2556 2409 2606 die Briefe eines Balzac Voitüre, Bellarmins,
1566 2597 2405 2664 Schurmannin rc. fragen könnte. Es ist eine delika=
