2663 3213
704 425 2439 507 Mittags daselbst und trafen des Abends gegen 5 Uhr Durchlauchtigsten Herzog beym hiesigen allerhöchsten
704 497 1289 542 wieder in der Kayserl. Hofburg ein.
710 574 1561 643 hinterlassenen Testament, so nicht lange nach Sr.
712 620 1556 669 jetzigen Kayserl. Majestät Geburt entworfen, und
704 654 1567 706 außer welchem bis hieher kein anderes gefunden wor¬
710 697 1561 743 den ist, dem Jnvalideninstituto 100000 fl. vermacht,
710 743 1561 792 dergestalt, daß solche angelegt, von den Interessen ei¬
719 781 1569 829 nem jeden Invaliden täglich 1 Kreutzer, den Offi=
712 822 1567 866 cieren aber monatlich ein Drittel zu ihrem Gehalt
717 870 2442 915 davon beygelegt werden soll. Diesen Artikel des im October Monat zu haltenden Relations=Gerich¬
725 943 1572 995 jestät mit Beyfügung eines Bankozettels von 10000 fl.
717 989 1574 1030 der Kayserl. Königl. Hofcommißion in Invaliden¬
725 1025 1567 1075 sachen zur Vesorgung und Beziehung zugeschickt.
719 1066 1574 1116 Der Herzog Carl von Lothringen ist vor einigen Ta¬
723 1151 1574 1196 ler Briefe wissen aber noch nichts davon, ob sie
717 1189 1574 1248 gleich zu der Wiedergenesung Sr. Königl. Hoheit
717 1235 1138 1291 wenig Hofnung machen.
937 1269 1366 1345 London, den 7. Jan.
762 1319 1567 1386 Den 4ten des Abends ist die Beysetzung der Lei
719 1373 1572 1418 che, weylano Sr. Königl. Hoheit des Prinzen Frie¬
723 1412 1574 1464 drichs, in der Abtey zu Westmünster mit eben den
723 1453 1567 1502 Cexemonien, als bey der Beerdigung des Herzogs
723 1498 1567 1550 von Cumberland beobachtet worden, wiewohl ohn
727 1533 1567 1585 militairische Ehrenbezeugungen, vor sich gegangen
725 1578 1576 1630 Der König hat den Hrn. Gunning, in die Stelle
723 1613 1580 1690 des Hrn. Cosby, zu seinem Residenten in Copenha=
723 1662 1189 1736 gen, allergnädigst ernennet.
939 1686 1373 1772 Madrit, den 14. Dec.
766 1764 1574 1816 Nach San Lucar de Barrameda, einem Hafen
732 1805 1582 1857 und Handelsstadt in der Provinz Andalusien, an dem
736 1848 1580 1895 Einfluß des Quadalquivirs sind von Hofe aus die Be¬
734 1891 1580 1941 fehlen erlassen worden, um daselbst die Einquartie¬
732 1928 1576 1977 rung für 12 bis 13000 in Königl. Diensten stehende
727 1969 1589 2023 Schweizer, und für die Militzbataillons von Car¬
727 2010 1580 2059 mona und Ezlija in Bereitschaft zu setzen. Es ver¬
732 2053 1587 2100 lautet zugleich, daß zur Einquartierung dreyer Regi¬
732 2096 1572 2141 menter Cavallerie und eines Dragonerregiments, die
727 2133 1580 2185 Ordre dahin abgegangen seyn. Man setzet noch hin¬
727 2176 1582 2228 zu, daß drey andere Cavallerieregimenter, unter derer
727 2219 1580 2267 Zahl das Farnesische mit einbegriffen ist, nach Sevil¬
727 2256 1589 2308 la, der Hauptstadt in Andalusien, beordert sey. Diese
736 2301 1580 2349 kriegerische Bewegungen sind bis dahin ein Ratzel,
734 2340 1587 2390 welches wir der Zeit zur Auflösung anheim stellen
736 2381 868 2435 müssen.
922 2385 1397 2476 Warschau, den 16. Jan.
771 2461 1589 2508 Außer denen letzthin gemeldten Beschwerden,
732 2502 1587 2558 welche ein Theil der Curschen Ritterschaft über ihren
1585 501 2439 550 Hofe angebracht, können wir nicht umhin auch die¬
756 540 2439 585 Se. höchstsel. Kayserl. Majestät haben in Dero jenige mitzutheilen, welche von obgedachter Ritter¬
1589 581 2433 626 schaft wieder den Landhofmeister von Offenberg,
1582 622 2433 669 Oberburggrafen von Franck, Landmarschall von Saß,
1591 661 2442 708 und dem Cantzler von Kloppmann, gleichfalls bey¬
1591 706 2437 751 gebracht worden. Es werden nämlich diese hohe Be¬
1582 747 2454 790 diente als üble Rathgeber, und Uebertreter der wohl¬
1597 786 2448 835 hergebrachten Rechte und Freyheiten des Ritterstan¬
1591 829 2446 874 des angeklaget, und sollen zu dem Ende bey denen
719 911 2439 958 Testaments haben Se. jetzt regierende Kayserl. Ma= ten, dieser wider sie angebrachten Beschuldigungen
1591 952 2195 1000 wegen Red= und Rechenschaft geben.
1794 995 2236 1086 Danzig, den 17. Jan.
1628 1064 2448 1131 In der Johannis=Kirche wurde vorigen Sonntag
717 1118 2446 1170 gen allhier für todt gesagt worden, die letztern Brüß= währender Communion ein Kirchendieb ertappet,
1593 1164 2446 1209 und gefänglich eingezogen, der am Drey=Königstage
1597 1200 2448 1243 einige meßingene Leuchter und Stuhllichte gestohlen
1597 1239 2448 1289 hatte, und mit eben dieser Arbeit abermals beschäf¬
1591 1284 2448 1336 tiget war. Vorgestern zur Börsezeit wurde der ge¬
1593 1323 2446 1373 wesene Schreiber bey der Münze, Namens Tischer,
1593 1364 2448 1412 der vor einigen Wochen mit Hinterlassung vieler
1593 1401 2446 1457 Schulden, nachdem er 500 Thaler aus der Münze
1593 1440 2448 1496 mitgenommen, davon gegangen, 3 Tage darauf aber
1600 1485 2448 1541 auf dem Stolzenberge ergriffen worden war, auf 10
1593 1524 2448 1578 Jahre in das Zuchthaus gebracht, und muß er über¬
1602 1572 2448 1623 dieß 3 Markttage nach einander von 11 bis 12 Uhr
1600 1608 2452 1664 auf dem Fischmarkte mit einer beschriebenen Tafel
1604 1651 2176 1697 vor der Brust im Halseisen stehen.
1667 1688 2448 1766 Bey der Fortificationsarbeit am Hagelsberge,
1600 1733 2450 1809 hatte ein Soldat am 9ten dieses das Unglück sein
1597 1796 2450 1850 Leben einzubüßen, und einer von seinen Cameraden
1600 1837 2446 1889 wurde tödlich verwundet, indem bey der Vertiefung
1602 1885 2448 1952 eines Grabens, ein Stück Erde, daß zu stark unter¬
1593 1917 2372 1977 minirt war, auf sie siel, und sie zerschmetterte,
1606 2053 2452 2141 Wechsel-Cours & Species d. 30. Jan. 1766
2109 2109 2396 2202 71 Tage 3061 gr.
1600 2103 2051 2185 Amsterdam 41 Tage 308gr.
1606 2167 1997 2234 Hamburg 3 W. 132½ gr.
2070 2148 2299 2234 6 W. 132 gr.
1977 2185 2344 2273 Dantzig 25½ pr. Cto.
1608 2211 1714 2265 Berlin
2072 2232 2439 2314 Alberts Taler 136 gr.
1608 2221 1988 2312 Ducaten neue 9 fl. 7gr.
1973 2267 2454 2362 Alt Polnisch Geld 134 pr. Cto.
1606 2290 1800 2353 Rubel 4 fl.
1593 2392 2448 2487 Diese Gelehrte und Politische Zeitung wird des Montage
1645 2474 2409 2532 und des Freytags Vormittags um 10 Uhr in dem
1749 2511 2308 2562 Kanterschen Buchladen ausgegeben.
