2479 3508
570 730 794 786 rung bewährt.
784 756 1134 803 Regtement.
568 776 1328 843 nach wel dem des Erbprinzen Hochfürstl. Durchl. nebst der Dur=
598 823 1326 881 Fray Erbprinzeßin, auf der Kurländischen Gränze und ferne
664 847 1280 899 während der Reise durch das Land bis in Mitau
809 873 1132 925 empfangen werden sollen.
580 895 1358 969 Bey der Brücke über dem Aa Flusse, wo die Kurlän
574 951 1362 1015 dische Gränze anfängt, macht das Amt Rutzau eine grü=
582 985 1360 1041 ne Ehrenpforte, bey welcher der Herr Landhofmeister
576 1017 1366 1073 Oberrath und Ritter von Offenberg, der Herr Ober=
580 1055 1370 1109 hauptmann von Behr und der Herr Hauptmann von
582 1081 1362 1134 Mirbach, die Durchl. junge Herrschaft, im Namen Sr
582 1116 1362 1164 Hochfürstl. Durchlaucht des Herzogs, mit einer kurzer
580 1144 1360 1200 Anrede bewillkommen, nebst zween Herren von der No
574 1176 1368 1232 dlesse. Worauf die Reise sogleich nach Rutzau, [2 Mei¬
586 1220 1226 1268 len,J in folgender Ordnung fortgesetzt wird:
612 1218 1372 1298 Die Herren von der Noblessa, die Cavaliers von der
584 1274 1362 1326 Hochfürstl. Suite, die Herrrn Officianten, die Hoch
588 1300 1366 1380 fürstl. Letbkutsche, die Hof=Dames, und die Hochfürstl
582 1350 847 1402 Bagage=Wagens.
628 1368 1368 1426 Jn Rutzau ist das erste Nachtlager. Von Rutzau nack
588 1404 1370 1463 Niederbartau, [4 Meilen, J allwo, weil die Durchl
586 1436 1368 1489 Herrschaft, bey hellem Tages Lichte, an selbigem Tag
588 1469 1366 1521 in Liebau nicht eintreffen kann, das zweite Nachtlage
588 1499 1368 1565 ist. Hier werden die von Rutzau mitgekommenen Her
580 1539 1188 1591 ren Cavaliers von zween andern abgelöset.
612 1543 1370 1617 Von Niederbartau bis Liebau. [3 Meilen.] Daselbst
584 1593 1366 1649 empfängt die Stadt die Durchl. Herrschaft, anbefohlne
586 1629 1368 1677 maßen, in Parade und unter Lautung mit allen Glocken
586 1665 1370 1713 Und, weil in Liebau das dritte Nachtlager ist, so wird
592 1697 1370 1745 hochstgedachte Herrschaft, folgenden Tages frühe, vor
580 1727 1372 1784 der Burgerschaft, so, wie Sie empfangen worden, bis
586 1790 1374 1850 Niederbartau mitgekommenen Herren Cavaliers werden
592 1832 1154 1878 in Liebau von zween andern abgelöset.
614 1832 1382 1912 Auf der Grobinschen Stadlgrenze empfängt die dasi=
594 1884 1370 1940 ge Bürgerschaft Höchstdieselben und führet Sie bis ar
592 1932 941 1982 das Ende ihrer Grenze.
618 1936 1378 2008 Bey dem Anfange des Durbenschen Steindamms wer¬
598 2018 1378 2072 gern empfangen, und bis an das Amt Bunthof, (3 Mei=
598 2056 1388 2107 len, begleitet. Jn Bunthof, allwo nur gefrühstückt
584 2083 1378 2137 wird, werden der Herr Hauptmann von Mirbach, durch
592 2145 1378 2201 aus Liebau mitgekommenen Herren Cavaliers durch
600 2177 1386 2235 zween andere abgelöset. Von Bunthhof aus werden
592 2209 1378 2259 die Pferde im Groß=Drogenschen Kruge, [3 Meilen,
592 2255 2193 2329 von Adel durch zween andere abgelöset, und die Reise mit den Forstbedienten, auf des Hofapothekers Witten=
600 2311 1378 2363 bis Schrunden s4 Meilen,] fortgesetzt, allwo das viert=
600 2347 1384 2398 Nachtlager ist. Hier wird der Herr Oberhauptmann
598 2377 1386 2422 von Behr, von dem Herrn Oberhauptmann von der
592 2404 1384 2462 Osten genannt Sacken, der Herr Hauptmann von den
598 2440 1380 2500 Brinken, durch den Herrn Hauptmann von Bolschwing
600 2466 1647 2528 und die vom Drogenschen Keuge mitgekommenen Her= zulegen belieben.
600 2512 1220 2558 ren von Adel durch zween andere abgelöset.
636 2514 1392 2588 Von Schrunden aus, werden in Frauenburg, 14 Mei=
598 2538 2189 2628 len,] allwo der Herr Hauptmann von Bolschwing durch schaft auf der Stadtgrenze, disseits der Griwischen Brü=
600 2600 1390 2660 den Herrn Hauptmann von der Osten genannt Sacken
606 2634 1392 2684 und die Herren Cavaliers aus Schrunden, durch ande=
598 2636 2195 2717 re abgelöset werden, die Pferde gewechselt, daselbst ge= Kielmannischen Hause; da dann die Wagens des Ma¬
606 2700 1392 2753 frühstückt, und in dem Gräflich=Keyserlingischen Erbgute
604 2737 1392 2787 Großblieden, [3 Meilen,] auf inständiges Ansuchen Jh=
602 2737 2195 2853 ve Eerel, der Frau Rechsgrähn von K.yseting, das Zag angeher der gelen Gade gleuch felgen u rnnen
568 646 2167 744 hören würde; und die Folge hat nun seine Versiche, fünfte Nachtlager genommen. Allda werden Ihre
1374 710 2173 752 Hochfürstl. Durchl. Durchl. durch den Herrn Oberhaupt=
1374 734 2173 782 mann von Keyserling empfangen, durch diesen der Herr
1382 770 2171 809 Oberhauptmann von Sacken und die aus Frauenburg
1374 799 2165 839 mitgekommenen Herren Cavaliers durch zween andere
1384 829 2169 873 abgeloset. Die von der Hochfürstl. Suite entbehrlichen
1390 863 2175 905 Wagens gehen gleich von Großblieden nach Bächhof,
1386 895 2167 943 [3 Viertel Meilen,J allwo die Stationspferde stehen,
1390 927 2171 991 und, wann es das Wetter erlaubt, bis auf die folgende
1386 955 2028 1011 Station Doblehn, durch die Nacht, voraus.
1414 989 2181 1031 Die Durchl. Herrschaft bricht, folgenden Tag früh=
1386 1025 2175 1069 zeitig, aus Großblieden auf, gehet bis Bächhof mit
1392 1055 2169 1103 Bliedenschen Pferden, wechselt solche allda, und komm
1390 1087 2167 1132 auf den Mittag in Doblehn 4 Meilen, an, allwo das
1384 1115 2167 1164 sechste Nachtlager ist, der Herr Hauptmann von Sacken
1392 1152 2173 1196 durch den Herrn Hauptmann von Oelsen, und die aus
1396 1184 2173 1234 Großblieden mitgekommenen Herren Cavaliers durch
1396 1216 2173 1260 andere abgelöset werden. Allhier geruhen des regieren=
1398 1254 2179 1296 den Herrn Herzogs Hochfürstl. Durchl. zu Bezeugung
1390 1284 2171 1328 Höchstdero väterlichen Affection, die Durchl. junge
1392 1318 2179 1360 Herrschaft, in Begleitung einiger Herren Cavaliers, pri=
1392 1344 2179 1392 vatim zu bewillkommen, und erheben Sich selbigen Ta=
1402 1376 2177 1428 ges zeitig wieder zurücke nach Mitau. Es wird auch
1392 1412 2181 1457 hier die Stunde festgesetzet, in welcher die Hochfürstl.
1396 1443 2171 1493 junge Herrschaft, des folgenden Tages, bey Mitau
1392 1483 2181 1525 Meilen,J gewiß eintreffen wollen, (welches wegen der
1392 1505 2179 1553 kurzen Tage, so zeitig als möglich, geschehen müßte)
1392 1545 2181 1583 damit alles dergestalt fertig gehalten werden könnte,
1392 1571 2187 1633 daß die zur Parade erforderlichen Menschen, dem kalten
1396 1605 2171 1657 Weiter, ohne Noth, nicht zu lange ausgesetzet blieben.
1426 1633 2189 1689 Jn dem eine Meile von Mitau belegenen Salpeter=
1402 1671 2187 1715 kruge wird jemand des Morgens zu Pferde bestellet, der,
1398 1697 2185 1753 sobald als er die Hochfürstl. Suite in der Ferne ankom=
594 1739 2185 1812 zum Ende der Stadtgrenze wieder begleitet. Die von men siehet, dem Herrn Capitaine von Medem, dem die
1398 1766 2183 1812 Aufsicht über die Parade=Suite aufgegeben ist, und der
1402 1794 2187 1850 sich in dem Hause des Silberdieners Kielmann befinden
1402 1830 2189 1878 wird, diese Nachricht überbringet; damit alles sich auf
1398 1862 2189 1908 denen dazu angewiesenen Wiesen, neben der Heerstraße,
1390 1904 1679 1954 fertig halten konne.
1432 1904 2185 1980 Des Morgens am Tage des Einzuges rangiren sich:
592 1958 2193 2044 den Jhro Hochfürstl. Durchl. Durchl. von dasigen Bür= Die Pagen, und die Hochfürstl. Paradekutschen, die
1398 1990 2173 2042 Hochfürstl. Handpferde; der Hofcourier mit der Libree
1406 2020 2183 2074 die Kutschen der Herren Officianten, und der Postmei=
1408 2060 2185 2111 ster mit seinen Postillions, auf des Forsten Heuschlag,
592 2093 2193 2171 den Herrn Hauptmann von den Brinken, und die zwischen Kielmanns und Forstens Herberge. Die adeli=
1398 2125 2185 2179 chen Kutschen und die adelichen Handpferde, auf des
1404 2159 2191 2213 Futtermarschalls Schau seinem Heuschlage. Die Wa=
1408 2187 2185 2245 gens des Magistrats, auf dem Heuschlage des Commis=
604 2217 2185 2301 gewechselt, die aus Bunthof mitgekommenen Herren sarn Lau, und der Hochfürstliche Forst=Commissarius
1404 2281 2185 2337 bug seinem Heuschlage, von wannen alle und jede in
1402 2313 2195 2371 die, nach dem Reglement, ihnen zukommenden Stellen,
1410 2353 2014 2412 beym Aufbrüche bequem einrücken können.
1432 2369 2191 2434 Diejenigen Herren Cavaliers, die mit der rothen Uni=
1410 2418 2199 2478 forme versehen sind, werden solche an diesem Tage an=
1434 2462 2195 2530 Der Stadtmagistrat, wie auch die grüne, blaue und
1414 2504 2191 2564 gelbe Garden zu Pferde, empfangen die Durchl. Herr=
1414 2576 2193 2632 cke, an der daselbst von der Stadt errichteten grünen
1408 2606 2191 2666 Ehrenpforte, und führen Höchstdieselben bis unweit dem
1416 2666 2203 2733 gistrats auf des Commissarii Lau seinen Heuschlag auf=
1420 2708 2207 2763 fahren, und auf selbigem sich rangiren, um, wenn der
