2663 3213
745 416 2487 496 das neulich mitgetheilte Königl. Rescript, welches missarii Herr Johann Heinrich Soermanns, gehöri¬
752 485 1618 537 durch den Hrn. Kammerherrn von Ryck nach Cur¬
760 518 2487 581 land geschicket worden, nur ausgefertiget worden war, einem im Fahrwasser liegendem Holländischem Schif¬
760 572 1627 626 hat Sr. Excell. der hier befindliche delegirte vom
760 611 2487 663 Curländischen Adel, der Chursächsische Cabinetsmi= wurden. Ein gleiches geschahe auf den Mittag um 12
758 650 2485 711 nister und Ritter vom weißen Adlerorden, Hr. von und gegen Abend um 5 Uhr, um welche Zeit sich die
767 687 2487 745 Howen, gewesener Curländischer Landhofmeister, so= von dem Herrn Commissario eingeladene Gesellschaft
767 739 1627 795 gleich eine unterthänigste bittliche Vorstellung bey
765 771 2491 832 Sr. Majestät dem Könige eingegeben. Unterdessen des Klosters Oliva, aus zweyen Herren Burgermei¬
767 823 1625 875 gieng das Rescript ab, und der Hr. von Ryck hat
773 860 1631 918 solches der schon in Mitau zum Landtage versamm¬
765 903 1625 953 let gewesenen Ritterschaft, in öffentlicher Versamm¬
769 940 2491 996 lung daselbst übergeben, welche alsdenn, nach dar= Ordnung, und den mehresten allhier befindliche Her¬
765 990 1625 1040 über gepflogener Berathschlagung, eine Antwort dar¬
769 1025 1618 1077 auf für den Hrn. Kammerherrn von Ryck aufgesetzet,
765 1081 1631 1126 und einem Notario ad Acta gegeben, und alsdenn
767 1107 2487 1172 authentisch dem Hrn. Kammerherrn von Ryck ab= auch das Laufen des Weins, welcher in zwey Oxhof
760 1150 1627 1209 gegeben hat. Indessen hat die versammlete Ritter¬
780 1196 1633 1250 schaft dem allerhöchsten Königl. Befehle zufolge den
767 1237 1627 1285 Landtag aufgehoben, und bittet in ihrer Supplique
776 1282 1631 1332 den König, obgedachtes Rescript, welches hinterrücks
769 1319 2485 1376 ihrer auf übeln Bericht in der Canzelley ausgewirket gab. Um 9 Uhr setzte sich die Gesellschaft an die Tafel
769 1360 2496 1421 wäre, aus beywohnender Königl. Gerechtigkeitsliebe welche auf eine besondere mit dreyen vortreflich gros
769 1404 1633 1456 zu caßiren, damit solches auch in Zukunft zu keiner
773 1445 1633 1506 Folge dienen möge, zugleich aber auch die Erkennt¬
769 1488 1627 1545 niß und Entscheidung dieser ganzen Sache lediglich
773 1527 2493 1584 den Königl. Relationsgerichten vorzubehalten. Aus= nacht an der Tafel recht vergnügt, da dann sämmtli¬
773 1575 2485 1636 ser dieser Erklärung hat diese Land- und Ritterschaft che Anwesende nach Hause fuhren. Was aber den
769 1614 1627 1670 aus ihrer Versammlung noch eine allerunterthänig
780 1657 1627 1716 ste bittliche Vorstellung an Sr. Maj. den König auf
769 1698 1633 1759 gesetzet, und solche hieselbst Sr. Königl. Maj. in
776 1735 1633 1796 tiefster Ehrfurcht überreichen lassen. Man siehet
780 1785 1625 1833 aus den Unterschriften dieser Suplik, daß von 18
769 1824 1633 1874 Kirchspielen Deputirte auf dieser aus dem limitirten
769 1867 1824 1924 Landtage gehaltenen Versammlung gewesen, und ist len lassen.
780 1908 1633 1984 zu merken, daß nur überhaupt 27 Kirchspiele in
773 1950 1005 2017 Curland sind.
970 1976 1445 2041 Danzig, den 11. März.
815 2008 1636 2084 Der am verwichenen Sonnabend als den 8ten die¬
776 2075 1633 2129 ses eingefallene Geburtstag des Prinzen von Ora¬
767 2114 1627 2173 nien Erb=Statthalters der vereinigten Niederlande,
780 2158 1627 2207 an welchem Dieselben das 18 Jahr Ihres Alters
769 2203 1633 2246 erreichten, und als Capitain General und Ad¬
769 2244 1633 2296 miral gedachter Niederlande installiret werden soll¬
780 2285 1633 2331 ten, wurde von dem allhie accreditirten Commißario
780 2331 1633 2376 Jhro Hochmögenden der Herren General=Staaten
769 2368 1644 2420 Herr Heinrich Soermanns, auf eine prächtige Art cele¬
782 2411 1636 2459 briret. Des Morgens um 8 Uhr ließ derselbe in sei¬
769 2415 2483 2498 nen nahe bey dem Kloster Olive gelegenen Garten Diese Gelehrte und Politische Zeitung wird des Montag
780 2496 1633 2543 neun Canonen abfeuren, welche aus dem nahe bey
769 2532 1636 2597 der Stadt gelegenem, dem Sohn des Herrn Com=
1640 483 2493 539 gem Garten Konigsthal genannt, und nachhero von
1651 568 2487 617 fe jedesmal mit einer gleichen Anzahl beantworter
1649 732 2487 789 versammlete. Solche bestand außer dem Herrn Abl
1651 817 2487 875 stern, zwey Deputirten E. Hoch=Edl. Hochw. Raths,
1651 860 2493 912 zwey E. Wohl=Edl. Gerichts sowohl der Rechten als
1649 901 2493 953 Altenstadt, vier Quartiermeistern einer löbl. dritten
1651 981 2493 1042 ren Residenten. So bald es dunkel geworden, sahe
1642 1031 2491 1077 man das Gartenhaus mit sehr wohl ausgesonnenen
1651 1066 2493 1137 Sinnbildern aufs prächtigste erleuchtet, wie denn
1651 1152 2485 1204 ten von jeder Seite des Einganges auf dazu errich
1651 1198 2487 1248 teten hohen Gestellen dem Volke Preiß gegeben
1655 1235 2487 1285 wurde, denen in allen benachbarten Häusern häufig
1651 1280 2487 1330 befindlichen Zuschauern ein angenehmes Schauspie
1657 1406 2493 1451 sen fruchttragenden Orange=Bäumen die aus der Ta¬
1655 1445 2491 1495 fel in der Mitte und auf beyden Enden, zu wachsen
1657 1493 2491 1540 schienen, gezieret war. Man war bis nach Mitter
1649 1612 2485 1666 Herrn Commißario am meisten Ehre gemacht,i
1651 1655 2493 1703 eine Handlung in welcher er bey dergleichen Gelegen
1655 1698 2498 1744 heit wenig Vorgänger gehabt, daß er nämlich der
1655 1742 2485 1789 Armen nicht vergessen, sondern an diesem Tage del
1649 1783 2493 1830 Kranken des hiesigen Lazareths, und denen Armen
1655 1822 2478 1889 der Reformirten Gemeine ein ansehnliches austhe
1657 2032 2491 2108 Wechsel-Cours & Species d. 13. Märtz 1766.
1649 2086 2439 2162 Amsterdam 41 Tage 308 gr. 71 Tage 306½ gr.
2119 2147 2370 2216 6 W. 103 gr.
1657 2151 2067 2225 Hamburg 3 W. 130½ gr.
2045 2186 2415 2262 Dantzig 27½ pr. Cto.
1655 2203 1768 2264 Berlin
1659 2242 2472 2301 Ducaten neue 9 fl. 5½ gr. Alberts Taler 138 5
2021 2296 2478 2374 Alt Polnisch Geld 144 pr. Ct.
1651 2294 1924 2374 Rubel 116½gr.
1694 2493 2457 2548 und des Freytags Vormittags um 10 Uhr in den
1807 2541 2361 2608 Kanterschen Buchladen ausgegeben.
