2479 3213
416 412 836 493 Mit vermehrter Segenskraft
412 469 849 545 Unsern Weibern wiederschafft.
352 508 1155 590 Die vierte Ode hat mehr Schwung und Begeiste¬
311 555 1155 641 rung so wie die sechste an die Liebe vorzüglich ist. An
311 611 1162 688 die Laura ist ein entbehrlich Schönflecken. Vom Le=
319 654 684 727 ben singt der Dichter:
358 688 1031 774 In diesen Syrten leuchte Weisheit meiner Bahn.
360 759 791 823 Ich trotze Sturm und Meeren,
358 780 1087 873 Will seinen milden Schein mir dieser Stern gewähren
358 851 1003 922 Uns alle nimmt einmal ein gleicher Hafen auf
360 900 755 965 Nur dürfen wir nach Willen
360 926 1078 1018 Den Strom nicht jagen, und das hohle Segel füllen,
358 999 692 1076 Zu fordern unsern Lauf.
1185 394 2030 478 Einige Freiheiten in Reimen und der poetischen
1181 459 2032 512 Sprachwendung wird man vergeben. Die Klage
1192 504 2039 564 Davids über den Tod Sauls ist besonders voller
1185 536 2032 594 Harmonie. Hier ist Ode, Lowth in seiner heil.
1188 581 2028 645 Poesie macht es in seiner Uebersetzung mehr zur Ele¬
1185 617 2028 690 gie. Unser Dichter ist eben nicht Pindar, aber doch
1179 658 2030 716 von lyrischen Geschmack. Er hat endlich das Ver¬
1185 703 2037 770 dienst, daß er in zehn Stücken mit seiner Leier nicht
1177 742 2037 804 ermüdet, und wir würden gegen sein Muster sündi¬
1179 787 2024 849 gen, wenn wir von zwey Bogen noch eine länger¬
1170 834 1666 911 Recensionschreiben wollten.
1173 905 2026 1003 Kostet in den Kanterschen Buchhandlungen 1 fl. 9 gr.
519 1093 945 1168 Berlin, den 8. Febr.
322 1267 1155 1333 hung der Königl. Lotterie, die 5 herausgezogene
322 1308 952 1374 Nummern sind: 49, 47, 36, 76, 64.
371 1323 1153 1413 Ihro Königl. Hoheit, der Prinz von Preussen
304 1391 1155 1453 nebst Dero Gemalin, sind gestern nach Potsdam zu¬
309 1513 429 1567 treten.
540 1531 963 1621 Wien, den 25. Jan.
345 1571 1153 1646 Se. Majestät, der Kayser, sollen den Entschluß
311 1796 1149 1867 minister. Grafen von Hazfeld, und den Rechenkam¬
326 1880 1149 1949 will. Se. Majestät haben noch beständig Dero Au=
322 1910 1940 2002 genmerk auf die Hofausgaben, um solche so viel nur von Servandoni, den 20sten dieses gestorben.
317 1966 1147 2013 thunlich, einzuschränken. In dieser Absicht ward
334 2007 1147 2056 auch kürzlich unter andern verboten, daß das von
337 2045 1149 2114 Schneeberg, bey Marienzell, bisher, auf Anrathen
332 2088 1149 2137 des Leibarztes, Baron von Suiten, nach Hofe ge¬
334 2131 1147 2193 soite Trinkwasser, an Statt des sonst gebrauchten
326 2172 1149 2238 Kaltenberger Wassers nicht mehr hieher geführt wer=
311 2251 1149 2311 chenen Flaschen, jährlich eine Summe von 3000
334 2294 1147 2360 Gulden in der Rechenkammer war angesetzt worden.
330 2335 1155 2403 es ward also dieser Posten sofort ausgestrichen, und
311 2367 1158 2429 befohlen, daß man das Tafelwasser nur aus den
315 2410 1151 2478 Hofbrunnen nehmen solte. Se. Kayserl. Majestat
317 2450 1143 2515 sollen auch Ihre Galakleider unter die Kammerdie
311 2504 1147 2562 ner haben austheilen lassen, und sich dabey erklart
309 2532 1147 2609 haben, daß Sie in Zukunft an den Galatagen eine
313 2575 1145 2678 uniform und außerdem ganz simpel, und niemals
1181 1078 2037 1151 galonirte Kleider mehr tragen würden. Der Feld¬
369 1128 2030 1192 Se. Majestät, der König haben sich bereits den marschall Daun befindet sich seit einiger Zeit gefähr¬
328 1175 2026 1233 2ten, früh, nach Potsdam zurück erhoben. Den lich krank. Den 22sten des Abends gegen 10 Uhr,
317 1224 2028 1273 3ten, Nachmittags, geschahe die 36ste öffentliche Zie= entstand in einer der hiesigen Vorstädte der Wieden
1177 1254 2024 1314 genannt, bey starken Winde, eine gefährliche Feuers¬
1177 1297 2028 1359 brunst. Se. Kayserl. Majestät ritten nebst einigen
1179 1340 2028 1391 Kammerherren sogleich zur Brandstatt, gaben ein
1179 1374 2030 1434 Beyspiel der großmüthigsten Menschenliebe, so, daß
317 1419 2030 1471 ruck gekehret. Der Herr Graf von Kayserling hat das Uebel in Zeit von 4 Stunden dergestalt gedäm¬
326 1462 2024 1550 seine Rückreise nach Königsberg in Preußen ange= pfet wurde, daß das Feuer nur bis ans 4te Haus
1173 1511 1359 1591 gekommen.
1331 1528 1867 1599 Maynstrom, vom 31. Jan.
1207 1582 2028 1642 Nach Briefen von Paris spricht daselbst das Publi=
326 1625 2022 1685 gesaßzt haben, einige von den Kayserl. Königl. Mi= kum mit sehr vielem Vergnügen von der Vermählung
311 1670 2019 1747 nistern, wegen ihrer vielen Verdienste, in den Für= des Dauphins, welche, wie man sagt, mit einer von
319 1704 2028 1762 stenstand zu erheben, worunter man den Kayserl. den jungen Erzherzoginnen aus dem Hause Oester¬
311 1749 2032 1803 Königl Kammerer, Grafen von Salm, den Finanz= reich geschlossen seyn soll; man setzt hinzu, daß sie in
1170 1786 2028 1837 kurzem nach Frankreich kommen werde, um daselbst
311 1826 2024 1910 mer=Präsidenten, Grafen von Zinzendorf, benennen vollends erzogen zu werden. Zu gedachtem Paris
1170 1871 2022 1929 ist der beruhmte Mahler und Baumeister, Ritter
1344 1955 1839 2017 Hamburg. vom 31. Jan.
1216 1981 2022 2049 Es ist hieselbst ein Sekretair aus Diesden ange=
1177 2037 2022 2088 kommen, welcher eine Holzhandluung, so aus Sach¬
1177 2082 2024 2139 sen und Böhmen hieher getrieben werden soll, etabli=
1173 2124 2024 2176 ren wird. Gestern ist das erste Schiff aus der See
1170 2161 2028 2219 an diese Stadt gekommen, es hat Austern geladen:
334 2208 2022 2251 den solte, weil dafür, nebst denen sehr viel zerbro: Der Rußischkayserl. Minister stehet im Begrif, von
1170 2247 2022 2322 hier zu seinem Gesandschaftsposten in London zu ge=
1314 2311 1876 2388 Strasburg, den 16 Januar.
1207 2375 2022 2425 Nach neuen Briefen von Genf, ist, wegen des Hr.
1170 2407 2017 2472 Johann Jacob Rosseau, daselbst alles in Unruhe.
1173 2448 2019 2510 Den 25sten December hat der Rath dortiger Stadt
1170 2495 2026 2551 beschlossen, bey Frankreich um neue Mediation anzu¬
1173 2534 2019 2592 halten, und zu gleich Hülfe von den Cantons Bern und
1164 2579 2022 2654 Zürch zu verlangen, und es ist auch wirklich ein Cou=
1932 2624 2022 2701 xier
