2663 3213
768 399 2476 490 zählungen anführt, die er theils aus Briefen, und diesen innern Zustand können wir uns in Nichts
763 476 1619 529 theils aus mündlichen Nachrichten gesammlet, und
770 522 2469 580 bey ihm selbst gelesen werden müssen. Seine An= Verfassers neue und sehr lockende Hypothesen, zu de
763 567 1616 612 merkungen, die er wie Blumen drüber streuet, ver¬
766 606 1619 653 dienen es, daß man ihnen zu gut auch Nachrichten
774 648 1616 693 lieset, die noch einen Artemidor fodern, der sie
768 687 1619 742 berichtige, oder entlarve. Der Verfasser empfiehlet
774 768 1194 830 Sit mihi fas audita loqui
806 778 1616 866 Jetzt gibt er von der ecstatischen Reise sei¬
763 887 2469 951 Quartbänden voll Unsinn, unter dem Titel: Arcana daß wir uns schwerlich eine Art der Wirksamkeit in
766 945 1619 996 coelestia, zur Welt geboren, und mit einer neuen
774 981 1604 1026 mystischen Erklärung der Mosaischen Schriften und
770 1013 1610 1066 Offenbarung Johannes begleitet hat. Ein Leser,
761 1062 1612 1109 der nicht 8 Pfund Sterling daran wenden will, ei¬
763 1184 1606 1233 Verfasser nicht blos aus den Schriften, sondern aus
763 1222 1610 1282 dem Geist des Schwärmers gezogen, und der hier
774 1260 1606 1316 so unterhaltend ist, als er Mühe gekostet haben mag.
768 1305 1602 1352 Da dieser sich schon sonst als einen großen philoso
763 1350 1606 1401 phischen Beobachter in der Pathologie unsrer Seele
761 1393 1606 1442 gezeigt: so ist auch die Art, womit er den Schwär¬
757 1422 1604 1482 mer behandelt, zugleich ein Muster, wie man mit
759 1467 1604 1516 ähnlichen Schriften umgehen soll. — Nur wer das
761 1512 1595 1555 Haupt einer neueren dichterischen Sekte werden will
761 1550 1606 1599 die statt der Schweizerischen Seraphs, Schweden¬
759 1629 1587 1676 soll, dem rathen wir das Original selbst zu lesen. -
761 1672 1597 1721 Und nun kehren wir zum Anfange zurück, um von
755 1715 1523 1759 dogmatischen Träumen Nachricht zu geben.
751 1785 1595 1842 ist willkührlich und unbestimmt ausgedruckt, wenn
753 1836 1593 1885 man ihn als ein Wesen erklärt, das Vernunft hat,
755 1877 1597 1921 Der Verfasser sucht einen bessern Weg, und findet
755 1919 1602 1960 durch die Analyse des gewöhnlichen Verstandes die
742 2043 1595 2088 terie äußerlich unterscheidet, daß es nicht undurch¬
746 2079 981 2132 dringlich ist."
740 2156 1587 2218 bestritten noch bewiesen werden, weil man die Kräf¬
738 2205 1589 2258 te, die die Undurchdringlichkeit bestimmen, nicht
742 2246 1580 2309 weiter auflösen kann — Ein Geist kann also in ei¬
738 2290 1582 2339 nem Raum wirksam seyn, ohne ihn zu erfüllen, und
738 2331 1749 2378 unsre Seele im ganzen Körper gegenwärtig seyn, eröfnete.
738 2373 1538 2427 ohne einen räumlichen Ort in ihm zu bewohnen.
729 2435 1574 2497 Geist und Körper geheimnißvoll; allein wir wissen
727 2497 1574 2555 auch blos von körperlichen Einflüßen; die Seele
723 2523 1574 2582 kann dem Körper innigst gegenwärtig seyn, daß sie
725 2576 2408 2636 auf das innere Principium seiner Materie wirkt: des bey dem Tode nach der Ordnung der Natur.
1640 490 2476 535 als in Vorstellungen denken. — Dies sind des
1636 569 2469 629 nen wir das Unsrige in einer Parenthese setzen wollen
1685 612 2476 665 (Der Verfasser, der den glücklichen analytischen
1646 648 2476 712 Weg gehet, immer nær &Sy zu philosophi
1636 699 2476 751 ren, thut zwar zur gewöhnlichen Bestimmung eines
774 729 2474 783 sie der beliebigen Erkundigung des Lesers, und sagt: Geistes blos etwas verneinendes dazu; allein eine
1648 787 2474 834 Eigenschaft, die seinem ganzen Unterschiede von der
1642 825 2472 891 Materie eine bisher unbemerkte Klarheit giebt. So
770 855 2474 911 nes Schwärmers Nachricht, die dieser in 8 wie körperliche Begriffe uns aber so sehr umhüllen,
1640 949 2474 1000 einen Raum gedenken können, ohne daß das Prin=
1640 987 2474 1041 cipium der Wirksamkeit wenigstens in Absicht auf
1633 1032 2476 1079 ein anderes Wesen, das in seiner Natur mit ihm
1633 1077 2467 1122 identisch wäre, eine Art von geistiger Undurchdring
761 1103 2469 1173 nen Wust von Schwärmereyen im Original durch lichkeit hätte: so wird freilich diese Hypothese als
761 1152 2467 1209 zujähnen, wird hier einen Auszug finden, den der denn erst eine philosophische Gewißheit erhalten,
1629 1198 2469 1243 wenn der Begrif des Raums völlig zergliedert, und
1629 1239 2469 1286 der Begrif der Kraft a priori eingesehen werden
1629 1280 2469 1329 wird. So lange als dies unmüglich ist, so wird
1625 1322 2467 1371 auch die Hypothese des Verfassers unter allen bishe¬
1625 1358 2472 1410 rigen Systemen von der Gemeinschaft des Geistes
1625 1401 2467 1450 und des Körpers, die sicherste bleiben, weil sie am
1627 1444 2467 1493 wenigsten behauptet, und überhaupt dem Ursprung
1629 1486 2469 1531 des Begriffes, im Wort Geist am nächsten kömmt,
1627 1525 2463 1572 das vermuthlich gar nicht einer philosophischen Er¬
1633 1570 2463 1614 findung, sondern einem Wahn seinen Ursprung zu
759 1591 2463 1655 bergs Geister zu Maschinen ihrer Fiktionen brauchen danken hat, dem seine Unwissenheit, und sein vor¬
1627 1646 2314 1708 läufiges Urtheil das Wort Geist eingab.)
1665 1680 2463 1755 Zweites Hauptstück. Ein Fragment der
793 1723 2457 1791 Erstes Hauptstück. Der Begrif des Geistes geheimen Philosophiel, die Gemeinschaft mit der
1621 1791 2005 1860 Geisterwelt zu eröfnen.
1657 1823 2465 1881 Die Gesetze, nach denen immaterielle Wesen wir¬
1619 1870 2463 1926 ken, nennt der V. pnevmatisch, und wenn sie durch
1621 1921 2457 1968 Körper wirken, organisch: diese Wesen müssen un¬
746 1962 2455 2013 Erklärung: "ein einfaches Wesen, das zu seinem in ter sich seibst ein gemeinschaftliches Ganze aus¬
746 2005 2461 2071 nern Zustande Gedanken hat, und sich von der Ma= machen, nicht blos durch ihre körperliche Mittelur¬
1614 2045 2455 2092 sachen. Hieraus entsteht eine große immaterielle
1610 2086 2452 2130 Welt, zu der die Intelligenzen, die mit Körpern
783 2126 2455 2169 Sind solche Geister? die Möglichkeit kann nicht verbunden sind, oder nicht, die empfindende Sub¬
1610 2167 2452 2218 jekte in allen Thierarten, und endlich alle Principien
1610 2209 2442 2256 des Lebens gehören können, und die menschliche See
1599 2248 2455 2299 le wäre jetzt an zwei Welten geknüpft; so wie viel¬
1604 2292 2444 2363 leicht ihr künftiger Zustand die Geisterwelt ihr mehr
1642 2348 2446 2418 Aus dieser Gemeinschaft der Geisterwelt will der
774 2414 2446 2459 Freilich wird alsdenn die Gemeinschaft zwischen Verfasser gewisse Regungen unserer Seele erklären,
1595 2452 2446 2497 die sich nicht aus Eigennützigkeit erklären lassen; da¬
1595 2493 2437 2544 her leitet er eine moralische Einheit aller den¬
1595 2538 2442 2585 kenden Naturen, und eine Fortdauer unsers Zustan¬
2290 2625 2448 2691 Alsdenn.
