2479 3213
561 443 950 533 Wien, den 12. Febr.
379 482 1179 563 Se. Majestät, der Kaiser, sind benachrichtige
340 531 1179 595 worden, daß es zwischen den Churfürstlichen Höfen
342 591 1186 651 von Manheim und Trier, wegen des Zolles zu Neu=
340 621 2061 676 stadt, und der Bearbeitung einer in der Grafschaft bringen; dadurch werden Handels- und Arbeitsleute
342 672 2059 719 Sponheim entdeckten Kupfermine, zu Thätlichkeiten dermaßen gehemmet, daß die aus Spanien und Ita=
334 713 1188 773 gekommen ist. Der Ort, wo die Arbeit an dieser
338 749 1688 796 Mine ist angefangen worden, liegt zwar auf Chur= te verschaffet werden können.
347 792 1192 843 Pfälzischem Gebiete; man hat aber diese Arbeit,
340 841 1194 895 wie Chur-Trierischer Seite behauptet wird, unter
340 880 1109 935 der Erde bis ins Trierische Gebiet fortgesetzet.
464 918 1061 980 Braunschweig, vom 22. Febr.
383 948 1183 1014 Da die Kunst, die Einkünfte des Staats und der
349 993 1183 1068 Privatpersonen zu vermehren, in unsern Tagen am
340 1042 1186 1094 meisten geachtet wird, und am nächsten glücklich
340 1087 1183 1151 macht, so will sie auch zur Favorit-Wissenschaft der
340 1128 1179 1192 Gelehrten werden. Einer der unsrigen, der jedoch
342 1166 1192 1233 nicht sowol um seinen eigenen, als für den allgemei=
347 1211 1186 1263 nen Nutzen bekümmert ist, hat, zum weiteren Auf=
342 1245 1186 1312 nehmen dieser Wissenschaft, unter andern folgende
342 1288 1186 1344 Aufgaben bekannt gemacht: 1) "Wäre es nicht rath:
347 1333 1183 1391 'sam, in großen Städten die Gastwirthe unter eine
347 1370 1192 1438 „Gilde oder Zunft zu bringen, damit die Ehre der
349 1410 1186 1477 "Gesellschaft auf die einzelen Glieder einen stärkeren
342 1571 1192 1650 "Mangel der Schuhe und Strümpfe nicht zur Kir
368 1626 687 1701 che gehen können?“
544 1661 995 1729 Leipzig, vom 19. Febr.
387 1680 1188 1766 Die zwölf nach Berlin gekommene französische
347 1727 1186 1806 Finanziers sollen bereits wieder abgereiset seyn, wei
355 1787 1192 1840 sie zwar die General=Pachtungen über sich nehmen
349 1825 1188 1890 wollen, die Condition aber, daß das Commerce völ
349 1866 1192 1947 lig frey seyn müsse, ihnen nicht zugestanden werden
345 1911 471 1980 können.
445 1928 1111 2033 Auszug eines Schreibens von Genf,
638 1999 905 2054 vom 26. Jan.
385 2012 1192 2099 Mit den Unruhen in dieser Stadt ist es so weit
353 2157 1198 2221 aus Frankreich, ehester Tagen erwartet werden, den
353 2281 1198 2350 bürgerlichen Kriegen gemeiniglich geschiehet, wenn
1203 441 2061 516 gentlich weiß, wohin alles dieses abzielet, ist das
1209 503 2059 546 Bankowesen sehr gestöret; es circuliret kein Geld;
1209 544 2059 597 ein jeder ziehet seine Fonds von den Negocianten zu-
1209 588 2057 633 rück, und suchet sie bey Fremden in Sicherheit zu
1207 704 2054 768 lien eingegangene viele Commißionen nicht zur Hälf=
1376 783 1898 854 Stockholm, den 19. Jan.
1241 820 2067 899 Die Reichsstände haben das Wechselcomtoir von
1201 888 2059 942 Witfoth und Compagnie befreyet, es wird also im
1209 929 2065 982 Stande seyn, seine Creditores zum vollen zu bezah-
1211 978 2054 1025 len, und seine Handlung wieder fortzusetzen. Sie
1209 1008 2059 1072 haben zugleich verordnet, daß künftig alle Con-
1209 1055 2059 1109 tracte, welche über die Reichsexportanda geschlossen
1205 1089 2054 1158 werden, auf Reichsthaler species lauten müssen,
1207 1136 2063 1188 wo sie gültig seyn sollen, und ein Contrahent das
1207 1179 2063 1235 Recht haben will, den andern gerichtlich zu belangen,
1216 1224 2059 1275 im Fall derselbe sein Engagement nicht erfüllen wollte.
1211 1263 2054 1327 Die Reichsstände haben hiebey die Absicht, daß der
1216 1303 1757 1378 Wechselcours herunter gehen soll.
1423 1342 1836 1417 Paris, den 17. Febr.
1248 1374 2061 1462 Denenjenigen Schönen zum Troste, die sich gerne
347 1442 2063 1504 “Eindruck machte? Könnte nicht auf die Feuerkicken, putzen, kann man ankündigen, daß ein berühmter
357 1481 2059 1537 deren man sich in den Kirchen bedienet, eine Abga= hiesiger Coeffeur der Damen, Namens le Gros, ein
347 1522 2061 1575 che zum Besten der Armen gelegt werden, die aus ihnen sehr nützliches Buch ausgegeben hat, welches
1211 1566 2061 1620 folgenden Titel führet: "Die Kunst der Coeffüre der
1209 1601 2061 1652 "Französischen Damen, mit einer kurzen Abhand-
1209 1648 2067 1710 lung von der Art, die naturlichen Haare zu hand¬
1224 1693 2063 1740 "haben und zu erhalten, nicht weniger mit einer Be-
1230 1723 2065 1783 schreibung, wie breit die vorderen Haare seyn müs-
1239 1774 2065 1828 sen, um alle mögliche Frisur-Arten und Coeffüren
1224 1806 2067 1881 "aubringen zu können, wie auch, wir man sich in
1237 1851 2061 1907 falschen Haaren aufsetzen müsse. Dieses wichtige
1211 1894 2061 1947 Werk enthält zugleich 25 Kupferstiche, die eben so
1216 1932 2065 1994 viele verschiedene Coeffüren, nach den Original=Des=
1218 1973 2063 2035 seins des Verfassers, vorstellen. Die Damen, die
1226 2024 2063 2078 sich dieser vortreflichen Anweisung bedienen, werden
349 2061 2072 2116 gekommen, daß die Bürger vorgängig, bis zur An- ihren Putz nach verschiedenem Geschmack einrichten.
349 2099 2061 2161 kunft der Mediatoren, welche von Zürich, Bern und und, nach Anleitung der Kupferstiche, nicht allein die
1218 2142 2063 2194 Bouquets stecken, sondern auch die Flügel, die Sul-
353 2194 2063 2260 Magistrat suspendiret haben; ja, es wurde wol be= tanen und andere Coeffüren, sehr schön anlegen kön-
347 2221 2063 2281 reits zu einem Blutbade gekommen seyn, wie bey nen. Dieser Parücken Atlaß ist zwar bey dem Ver-
1222 2264 2063 2326 fasser zu bekommen; wir getrauen uns aber kaum,
355 2309 2061 2371 nicht noch zum Glucke die schon im Jahr 1738 zu zu sagen, wie viel er kosten soll? Der böse Mann,
353 2350 2063 2418 Stande gekommene Mediation die gute Wirkung ge= er will für einen, der in Corduan gebunden und illu-
347 2384 2061 2452 habt hätte, das Feuer zu dämpfen. In der Hofnung minirt ist, 3 Louis d'Or, und für einen, der nicht illu¬
353 2429 2065 2485 und dem guten Vertrauen auf ersagte vortrefliche minirt und nur in Kalbleder eingebunden ist, 2 Louis
353 2470 2063 2527 Mediatoren, hat man es dabey gelassen, nur die d'Or, haben. Aber, wann die Schönen sich durch
353 2517 2063 2592 Stadtthore zu sperren. Auf die Wälle hat man das den Gebrauch dieses Werkes, bey dem andern Ge-
355 2547 2074 2611 Geschütz geführet, um sie bey ihrer Ankunft damit schlechte, bey den schönsten Stutzern selbst, noch ein-
353 2589 2076 2692 zu begrüssen. Mitlerweile, da man doch nicht ein mal so gefällig, als sie sonst sind, werden machen kön-
1973 2636 2076 2694 nen,
