2663 3213
753 445 1616 546 nen, wie reichlich muß ihnen dieser Aufwand einge-
762 501 1013 568 bracht werden!
972 536 1413 607 Florenz, den 3. Febr.
800 574 1616 641 Aus Rom meldet man, daß dem daselbst kürzlich
755 620 1616 693 angekommenen Prinzen Eduard, von einigen Cardi=
762 675 1622 723 nälen zwar der Königl. Tittel beygeleget, vom Car-
768 712 1618 783 dinal Staats=Secretair aber selbigen solches sogleich
772 757 1095 822 untersaget worden.
949 790 1439 856 Neapolis, den 28. Jan.
787 820 1624 897 Seit dem 24sten dieser hat der Vesuv stärker, als
770 876 1241 942 vorhin, Feuer ausgeworfen.
970 895 1431 972 Lissabon, den 18. Jan.
802 931 1624 1011 Das eigentliche Verbrechen des neulich arquebu-
777 992 1624 1052 sirten Obersten Graveron, ist bis jetzt dem Publico
770 1048 1622 1097 ein Geheimniß, und dürfte, wie man vermuthet nie-
755 1080 1622 1140 malen in seiner wahren Gestalt an den Tag kommen.
768 1125 2487 1177 Das ganze Regiment ist zugleich mit ihm vernichtet, welchen Ende der Bischof von Weiß=Reußen sich bis=
768 1175 1622 1220 und die Gemeine desselben auf ewig aus dem Reiche
768 1211 1622 1263 verbannet. Man spricht hier sehr stark von dem
768 1250 2489 1304 Anmarsch einer Spanischen Armee von 30 bis 40000 Sr. Maj. die Sommer=Residenz aufzuschlagen wil=
762 1332 2485 1411 reits auf unsern Gränzen Feindseligkeiten verübt; als extraordinairer Gesandter nach London, und der
755 1372 2330 1435 der Hof soll daher den Grafen von der Lippe aufs Königl. Adjutant Cordicelle, nach Berlin.
768 1413 1622 1463 schleunigste hieher verlanget, wie nicht weniger die
757 1459 1620 1536 tractatenmäßige Hülse von Engelland requirirt
770 1497 893 1568 haben.
979 1512 1409 1594 London, den 18 Febr.
809 1558 1609 1635 Der König hat den Herzog von Dorset zum Glied
768 1611 1616 1678 des geheimen Rathes und Gouverneurlieutenant des
762 1667 1613 1712 Herzogthums Kent ernannt. Die Veränderungen,
762 1702 1616 1753 welche man in dem Ministerio erwartete, sind nicht
768 1749 1616 1801 vor sich gegangen, und man zweifelt nun gänzlich
757 1783 2487 1829 daran, indem der Plan des gegenwärtigen Ministe: der Rußischkayserl. Garde, kommt von Petersburg,
757 1831 1616 1880 rii patriotisch und einförmig ist. Vorige Woche
762 1869 1616 1921 ist ein Detaschement aus dem Artillerieregimente ge-
768 1912 1616 1955 zogen worden, um nach Senegal gesandt zu werden.
768 1953 1616 2005 Man weiß noch nichts gewisses von der Bestimmung
759 1994 1609 2048 der Kriegesschiffe, welche gegenwärtig equipirt wer
768 2035 1616 2085 den; unterdessen rechnet man die Kosten dieser Aus-
764 2074 1607 2125 rüstung auf 100000 Pfund Sterl. und man sagt,
768 2117 1609 2164 daß in Ansehung einiger von dem Hofe zu Madrid
759 2158 1609 2214 eingegangenen Nachrichten, ehester Tage noch mehr
764 2199 1616 2261 Schiffe in Commißion gesetzt werden sollen. Man
768 2237 1618 2293 versichert, daß die Amerikaner den Kaufleuten in
768 2282 1609 2330 Großbritannien und Irrland, gegenwärtig für gelie=
768 2315 2470 2379 ferre Waaren, über 4 Millionen Pfund Sterlings gotianten, kommen von Petersburg, gehen nach Ber-
766 2362 1609 2418 schuldig sind. Das Parlament ist noch beständig
757 2405 1616 2459 mit denen Amerikanischen Unruhen beschäftiget.
764 2448 1613 2495 Das Unterhaus hat in diesen Tagen sehr ansehnliche
757 2487 1611 2564 Summen zum Unterhalt der Königl. Trouppen be=
753 2528 908 2599 williget.
938 2547 1431 2618 Warschau, den 26. Febr.
798 2594 1607 2687 Sr. Maj. haben Sich den 22sten in der Gegend
1646 443 2487 534 von Mariemont mit der Jagd divertiret, nach dem
1646 516 2483 566 haben Hochdieselben, wegen der Nässe des Weges
1637 559 2487 600 die auf den 24sten angestellte Jagd der in Nähe von
1646 598 2493 654 Rawa, auf bequemere Zeit einstellen müssen. Der ehe=
1641 643 2483 695 malige Curländische Resident Herr von Aloy, hat
1641 682 2489 727 den 23sten bey Sr. Maj. Privat=Audience gehabt.
1646 725 2478 777 Der Fürst General Poniatowsky, ist über Dresden
1637 768 2485 822 nach Wien gegangen, der Fürst Radziwil, befindet
1648 809 2478 854 sich seit dem 4ten am ersten Orte, von wo er sich nach
1646 848 2485 906 Berlin begeben soll, um sich des Königes von Preus-
1646 888 2485 934 sen Maj. zu präsentiren. Der Unterkanzler von
1639 934 2487 983 Litthauen ist am 24sten nach Litthauen abgereiset,
1646 972 2483 1015 und wird nicht eher, als auf den künftigen Termin
1641 1011 2491 1063 des Relationsgerichts allhie erwartet, bey demselben
1641 1056 2485 1112 Gericht soll auch die Streitsache zwischen denen desu=
1646 1095 2483 1147 nirten und unirten Griechen abgemacht werden, zu
1652 1177 2483 1237 hero allhier aufhält. Ujasdow wird mit vielen Fleiß
1641 1228 2483 1274 und Kosten gegen künftigen May repariret, allwo
768 1291 2487 1342 Mann, und man will so gar behaupten, daß sie be=lens sind. Der Kammerherr Dziesanowsky, gehet
1895 1465 2237 1534 Einpaßirte Fremde,
1801 1508 2317 1590 vom 1sten bis zum 7ten März.
1676 1553 2485 1626 Hr. Professor von Chaloncey kommt von Peters-
1646 1618 2483 1663 burg, geht nach Berlin, log. bey Felgenhauer auf dem
1641 1656 2485 1719 Roßgarten, Herr Meyer ein Danziger Kaufmann,
1637 1695 2485 1770 kommt von Riga, geht nach Danzig, log. bey Remus
1641 1736 2483 1792 im Kneiphof. Herr von Avtzinn, Rittmeister von
1637 1829 2476 1876 geht nach Frankreich, log. bey Seyfried im Kneip
1637 1867 2476 1917 hof. Herr von Ehlert, kommt von Mitan, geht
1637 1906 2478 1958 nach Göttingen, log. bey Seyfried im Kneiphof¬
1637 1947 2478 1996 Herr Stein Kaufmann aus Rostock, und Herr Ploos=
1637 1983 2485 2044 Kaufmann aus Amsterdam, kommen von Riga, gehen
1637 2031 2480 2085 nach Danzig, log. bey Remus im Kneiphof. Herr
1646 2067 2476 2121 von Treyden, und Herr von Reichel, Cursche Edel=
1639 2113 2476 2175 leute, kommen aus Sachsen, gehen nach Mitau, log-
1637 2153 2476 2211 bey Mattuschke in der Licentstraße. Herr Baron
1637 2188 2474 2242 von Egge, Römischkayserl. Hauptmann, kommt von
1639 2231 2476 2289 Petersburg, geht nach Berlin, log. bey Seyfried im
1633 2272 2476 2334 Kneiphof. Herr Weynach und Herr Weshel, Ne=
1631 2358 2470 2414 lin, log. bey Seyfried im Kneiphof. Herr Baron
1631 2401 2470 2467 von Boye, kommt von Riga, geht nach Halle, log.
1637 2444 2136 2511 bey Lehmann in der Vorstadt.
1626 2493 2463 2582 Diese Gelehrte und Politische Zeitung wird des Montag-
1672 2571 2461 2640 und des Freytags Vormittags um 10 Uhr in dem
1788 2616 2347 2693 Kanterschen Buchladen ausgegeben.
