2479 3213
518 409 959 482 Berlin, den 11. Febr.
314 555 1162 609 Capitain und der Secondlieutenant, Hr. von Unruh,
310 594 856 654 zum Premierlieutenant avancirt.
919 598 1164 658 Se. Königl.
310 630 1164 693 Majestät haben allergnädigst geruhet, den bishero
314 671 1162 723 bey der Halberstädtischen Kammer als Krieges= und
310 708 1170 770 Domainenrath auch Justitiarium gestandenen Herr
316 755 1168 805 Bayer, wegen seiner Geschicklichkeit und bisherigen
314 792 1172 852 Application zum geheimen Finanz=Krieges= und Do=
314 968 1162 1011 Finanz=Krieges= und Domainenrath stehenden Herrn
303 1127 1949 1172 ges= und Domainenrath, Herrn Günther, mit an= pfindlich, eine sehr schmerzhafte Operation ist.
314 1168 1162 1218 sehnlichen Zulagen zu ihren bisherigen Gehalts zu
308 1375 1155 1424 lergnädigst conferiret worden. Am Sonntage, des
314 1508 977 1553 ger Residenzien bey Musik und Fackeln.
450 1549 996 1596 Copenhagen, vom 28. Jan.
308 1704 1155 1781 jedoch alle todt; die Frau aber befindet sich bis itzo
308 1745 484 1798 ganz wohl.
577 1876 878 1934 vom 16. Januar.
303 2033 1151 2102 sen, daß ich vor vier Jahren eine meiner Töchter, die
297 2106 2007 2181 den jungern, Chirurgum des Unter Vivarais, inocu= also jemand zweifelt, so hat er hier das Mittel, sich
301 2151 1138 2211 tiren ließ, und zwar mit dem besten Erfolge. Aber
299 2326 1867 2388 nen Sohn, der nun ebenfalls fünf Jahr alt, und dem Ausschlage, ganz nicht verlassen haben.
293 2356 1142 2431 mein einziger männlicher Erbe war, gleichfalls zu
293 2517 2003 2599 tern hatte, suchte und bekam. Ich habe ihn hier= Dauphin zu halten. Auf hochgedachten Prinzens
1181 389 2044 484 sane, und, bey seinen Mahlzeiten, niemals etwas
355 437 2044 523 Bey dem Kanitzschen Infanterieregimente ist der anders, als Suppe, etwas Gekochtes und Gebrate¬
314 503 2039 555 Premierlieutnant, Hr. von Prinzen, zum Stabs= nes, darneben aber einige kleine sehr gelinde Arze¬
1185 544 2031 600 neyen gegeben, und über dieses häusliche Bäder zu
1192 583 2039 641 Hülfe genommen. Sodann habe ich ihm alle Näch¬
1185 628 2033 684 te, acht Tage lang, das obbesagte Hemd anziehen
1192 671 2031 721 lassen. Endlich sind bey ihm, nach Verlauf von 14
1196 708 2033 759 Tagen, die Blattern, ohne Kopfschmerzen und ohne
1187 753 2035 805 Erbrechen, hervorgekommen, und sind dieselben so
1192 796 2031 852 schön gewesen, daß sie weggetrocknet, ohne daß sie
314 830 2033 884 mainenrath bey dem vierten Departenent Dero Gene= geflossen, und ohne daß der Knabe sich krank gefühlt,
310 880 2024 927 ral Ober=Finanz=Krieges und Domainendirectorii zu be= wie er denn nur einen Tag das Bett, und acht Tage
314 916 2029 968 stellen, auch den beym Militairdepartement als geheimen das Zimmer, gehütet hat. Da haben Sie denn,
1185 962 2029 1011 mein Herr, eine Methode, die mir treflich gelungen,
310 1000 2029 1046 Flesch, wegen der geleisteten vieljährigen ersprießlichen und, wie mir deucht, der Insertion vorzuziehen, wel¬
308 1041 2029 1089 Dienste; nicht weniger den bey der Halberstädtschen che letztere, wegen der wirklichen Krankheit, und hier
303 1080 2029 1132 Krieges= und Domainenkammer wohlverdieuten Krie= nächst wegen des Verbindens, welches äußerst em¬
1179 1168 2029 1220 scheinet sonst natürlich zu seyn, daß das Gift von der
303 1207 2029 1254 begnadigen. Dem bisherigen Proviantmeister, Hrn. Inoculation, da es an einer oder mehrern Stellen
310 1250 2029 1317 Stelter, ist wegen seiner in Magazinsachen erlang= ganz in den Körper kommt, heftigere Wirkungen ha¬
308 1282 2029 1338 ten guten Erfahrung die erledigte Oberproviantmei= ben müsse, besonders auf schlimme und schlecht bestell¬
316 1334 2031 1390 sterbedienung mit dem Predicat als Kriegesrath als te Temperamente; anstatt, daß das Gift, wann es
1179 1377 2029 1431 sich durch ein Hemd, mittelst der Transpiration, über¬
310 1418 2018 1467 Abends, belustigte sich der Hof mit einer grossen all mittheilet, und solchergestali mehr vertheilt ist,
314 1454 2022 1512 Schlittenfahrt, durch die vornehmsten Strassen hiesi= natürlicher Weise, aus dem Grunde, weil jeder ver¬
1172 1502 2031 1551 theilter Körper wenigern Eindruck, als ein ganzer
1170 1542 2022 1594 und wohl vereinigter, macht, weniger Schaden stiften
368 1566 2022 1631 In Lyndbye, auf dem Gute Lindholm, in Wal= muß. Dieses sind, mein Herr, meine Betrachtun¬
303 1609 2024 1674 burgs Harde, hat den 21sten dieses eine Frau 4 Kin= gen, die ich jedoch gerne den Kunstverständigen un¬
303 1659 2018 1719 der, 3 Mädchen und einen Sohn, zur Welt gebracht, terwerfe, desto mehr, weil ihre Kunst nicht meine
1172 1708 2020 1755 Handthierung ist. Vielleicht werden die Anti=In¬
1170 1747 2014 1796 oculateurs sagen, es sey, was ich bey meinem Soh¬
308 1788 2016 1837 Schreiben des Herrn Grafen von Tournon, aus ne verursacht habe, nur ein Aufwallen des Geblüts,
303 1829 2018 1904 dessen Schlosse bey Tournon, im Ländchen Vivarais, oder eine andere Krankheit, keinesweges aber, was
1164 1872 2024 1923 die Blattern sind, gewesen. Ich werde mich nicht
353 1882 2018 1962 Ich habe die Ehre, mein Herr, Ihnen dieses zu darum bekümmern, ihnen zu beweisen, daß ich die
314 1940 2016 2005 senden, um den Anhängern der Einimpfung einen wahren Blattern deutlich erkannt habe. Ich will
303 1992 2016 2046 kleinen Triumph zu verschaffen. Sie sollen also wis= aber 10000 Livres gegen denjenigen wetten, welcher
1172 2039 2020 2087 sich getrauen will, meinen Sohn zu inoculiren, und
303 2076 2018 2132 damals fünf Jahr alt war, durch den Hrn. Broe, ihm noch einmal die Blattern beyzubringen. Wenn
1162 2166 2009 2216 von der Wahrheit zu überzeugen. Uebrigens ist zu
299 2188 2009 2261 Ihnen die Wahrheit zu sagen, es dauerten mich die wissen, daß ich, nebst dem Wundarzt, Herrn Broe,
297 2244 2009 2295 großen Schmerzen, die ihr das Verbinden der Inser= auch einen Arzt zur Hand gehabt habe, und daß der
299 2280 2011 2351 tion verursachte! daher ich, als ich Lust bekam, mei= sowol, als der andere, meinen Sohn, bey und nach
1364 2377 1777 2433 Paris, vom 25. Jan.
299 2403 2009 2472 indeuliren, mich, zu einer andern Methode entschloß Der Bischof von Lavour, Hr. von Boisgelin, ist
299 2440 2022 2495 die darin bestand, daß ich für ihn ein Hemd von ei= von den Ständen von Languedoc ernennet worden,
293 2483 2011 2558 nemn reinen und gesunden Kinde, das aber die Blat= vor ihnen die Leichenrede auf den höchstseligen Hrn.
299 2564 2003 2663 aachst vorbereitet, und ihm vier Monate lang Pti= Absterben sieht man hier von dem Hrn. von Voltai=
