2663 3213
780 392 2502 463 und 2 Minuten, 38 Secunden, nordlicher, als be¬ der seit sieben Jahre von seiner Gemahlin geschieden
784 461 2470 528 sagter Stern. Aus diesen Beobachtungen des Co= gewesen war, sich wieder mit derselben vermählt.
776 504 1640 556 meten erhellet, daß desselben Bewegung direct ist, und
776 547 1640 590 er sich der Ecliptik nähert. Er ist nur klein, und es
776 584 1646 644 hat sich nicht bestimmen lassen wollen, ob sein Licht
787 627 1651 683 zu oder abnimmt, weil er so nahe am Horizont stand,
782 672 1534 739 und dieser mit vielen Dünsten angefüllet war.
993 720 1446 797 London, den 18. März.
828 767 1651 843 Den 3ten hat das Oberhaus die Bill wegen Ein=
784 832 2511 890 ziehung der Stempel=Acte genehmiget. Es hat nicht gestiftet. Man versichert, daß die französischen Co=
784 868 2508 924 viel daran gefehlet, so würde über vorgedachte Sache mödianten durch Vermittelung der Madem. Clairon
782 924 1642 972 adeliches Blut vergossen worden seyn. Ein Herzog
789 959 1649 1013 und Peer des Königreichs, und ein Ritter Baronet,
782 1004 1646 1049 kamen am 7ten früh, abgeredetermassen im Hyde¬
784 1047 1646 1093 Park zusammen, um den Wortstreit, den sie über
782 1088 1649 1142 bemeldete Acte mit einander gehabt hatten, mit einem
789 1131 1642 1179 Paar Pistolen und dem Degen auszumachen. Der
782 1172 1646 1224 letztere hatte es sehr empfindlich genommen, daß der
784 1211 1644 1267 Herzog sich der Bill allzuhitzig widersetzet, und dabey
784 1250 2506 1306 gewisse anzügliche Ausdrücke gebraucht. Durch Ver= das neue Geld für Porto und andere Gebühre vor
789 1299 1649 1343 mittelung der Secundanten wurden aber alle klägliche
789 1338 1638 1392 Folgen dieses Zweykampfs abgewendet. Der Her
782 1377 1649 1435 zog gestand am Ende, daß er die Sache etwas über¬
784 1412 2517 1465 trieben hätte. Der König, welcher sich heute mit nicki befindet sich taglich besser, und ist an dessen voll¬
784 1455 2511 1511 dem gewöhnlichen Staat nach dem Parlament erho= kommenen Genesung kein Zweifel mehr. Aus 30
791 1498 2508 1549 ben, hat seine Einwilligung so wohl zur Bill wegen leczic ist die Nachricht eingelaufen, daß den 2ten
784 1547 1640 1603 Einziehung der Stempel=Acte, als auch zu derjenigen,
782 1590 1646 1642 um die Dependenz der Amerikanischen Colonien von
784 1625 2467 1674 der Krone und dem Parlament besser zu befestigen her aufgebrochen, sich nach Constantinopel auf
784 1666 2498 1724 gegeben. Die in großer Menge versammleten Kauf= Weg gemacht, woselbst er bereits arriviret seyn sol
782 1715 2483 1771 leute und andere der Amerikanischen Handlung we= Die Relationsgerichte sind am vorigen Donnersta
795 1761 1644 1806 gen intereßirte Personen, legten so wohl auf dem
782 1795 2493 1851 Hin= als Rückwege Sr. Maj. durch ein wiederholtes bis zum 8ten April verleget worden. Morgen we
784 1836 2485 1886 Es lebe der König, ihre Freude wegen eingezogner den Se. Maj. 12 alten Männern laut alter Gewoh
789 1879 2500 1952 Stempel=Acte öffentlich an den Tag. Der Schade, heit die Füsse waschen, welche bereits gewöhnlich mon
782 1920 1646 1970 welchen der grosse mit einem gewaltigen Regengusse
791 1965 1651 2017 vermischter Windsturm den 30sten Januar zu Gibral=
782 2000 1644 2062 tar verursachet hat, wird auf 140000 Pfund Sterl.
782 2043 2498 2108 geschätzet, ohne ein zur Garnison gehöriges Mehlma= Zins auf 20 Jahre gemiether, um den in selbigendi
784 2093 1649 2140 gazin, mit zurechnen. "Seit dem Unglücke zu Lis=
804 2131 1649 2185 'sabon, sagt der Generalmajor Irwin in einem
776 2174 1649 2230 „Schreiben an den Staatssecretair, Hrn. Conway,
800 2215 1649 2271 ist keiner Stadt ein so betrübter Unfall überkom¬
793 2250 1644 2319 "men. Alle und jede Einwohner haben durch die
797 2293 1646 2358 "von dem Berge herabgestürzten Fluthen gelitten;
791 2332 1642 2394 "insonderheit aber die Kaufleute. Einige der letzte¬
804 2383 2467 2433 'ren sind gänzlich ruiniret worden.” Gedachter Ge= Herr Rohde, ein Englischer Negotiant, kommt
784 2424 1640 2478 neralmajor meldet aber ausdrücklich, daß alle Maga¬
782 2461 1642 2517 zine unbeschädiget geblieben wären, so, daß der Scha¬
776 2508 1642 2562 de an dem obgedachten Magazine nicht groß seyn
776 2554 1640 2608 mag. Die Herzogin von Marlborough ist vor eini¬
784 2599 1633 2642 gen Tagen von einem jungen Sohn entbunden wor
776 2638 1640 2700 den. Zur selben Zeit hat ein gewisser großer Mann,
1815 502 2383 556 Montpellier, den 25. Febr.
1705 528 2511 603 Im Ländchen Gevaudan hat sich von neuen ein
1666 580 2504 631 wildes Thier eingefunden, welches nach allen Um
1674 618 2506 679 ständen demjenigen vollkommen ähnlich ist, von wen
1666 662 2508 726 chen die geplagten Einwohner sich seit einigen Mo=
1670 703 2511 771 naten befreyt zu seyn geglaubt, und welches seines
1670 741 2508 821 guten Apetits wegen, womit es eine Menge franzo
1672 789 2506 851 sischer Schönheiten verzehrt, ein trauriges Andenken
1670 918 2508 978 ein Patent erhalten, worinn ihnen der Titel Drama
1666 955 2506 1015 tischer Academisten, und das Bürger=Recht erthein
1672 1000 2506 1052 wird. Hiedurch werden sie zugleich in den Stand
1670 1039 2508 1099 gesetzt, an den ihnen bishero verweigerten Sacra¬
1672 1088 2463 1153 menten der Kirche wiederum Antheil zu nehmen.
1834 1134 2323 1181 Warschau, den 26 März.
1711 1157 2508 1218 Es hat das hiesige Postamt vom Hofe die Ordre
1666 1202 2511 1259 erhalten, nächstfolgenden Posttag kein anderes als
1666 1291 2504 1343 voll anzunehmen, die alten Species nämlich d
1674 1330 2511 1390 Preuß. und Sächs. Szostake sollen nur laut der küns¬
1670 1377 2508 1440 tigen Reduction à 9 gr. validiren. Der Graf Bra¬
1664 1539 2515 1595 der Herr Alexandrowicz, mit einem ansehnlichen Ge
1674 1584 2506 1646 folge und vielen Paradepferden, welche Tages vor
1672 1752 2491 1802 im Königl. Audienzzimmer reassumiret, und soglei
1666 1916 2506 1970 tiret einhergehen. Der Graf Oginski, Woywod von
1670 1961 2502 2008 Wilna hat vom hiesigem Magistrat den berühmten
1670 2002 2502 2052 Mistberg an der Weichsel vor 2500 fl. pol. jährlic
1674 2095 2345 2142 findlichen Salpeter ausführen zu können.
1931 2138 2267 2205 Einpaßirte Fremde,
1834 2174 2362 2239 vom 29ten bis zum 4ten März.
1705 2205 2500 2278 Herr Baron von Arepp, kommt von Prag, los
1670 2261 2498 2317 bey Lehmann in der Vorstadt. Herr von Ternay
1670 2308 2498 2370 Capitain der Französischen Flotte, kommt von Rig“
1666 2345 2498 2407 geht nach Berlin, log. bey Seyfried im Kneiphol
1670 2435 2476 2500 Danzig, geht nach Riga, log. bey Seyfried im Kne
1666 2470 2498 2532 hof. Herr Willinck, Kaufmann, kommt von Petero
1670 2513 2483 2571 burg, geht nach Danzig, log. bey Remus im Kneipyt
1666 2567 2493 2623 Diese Gelehrte und Politische Zeitung wird des Montag
1707 2605 2472 2672 und des Freytags Vormittags um 10 Uhr in den
1812 2651 2373 2717 Kanterschen Buchladen ausgegeben.
