2479 3213
727 1459 1687 1546 24tes Stück. Montag, den 24. Merz 1766.
633 1573 918 1648 Halle 1766.
384 1621 1197 1689 G. Fr. Meiers Beyträge zu der Lehre von den
354 1671 1194 1755 Vorurtheilen des menschlichen Geschlechts. 132 S.
356 1724 476 1782 in 8vo.
402 1779 1200 1835 Jn den ersten Paragraphen beweist Herr M. daß
358 1821 1200 1894 die Lehre von den Vorurtheilen eine sehr nützliche
358 1866 1200 1914 Sache sey, und daß Vortheile entstehen wenn man
358 1910 1194 1957 nach gar keinen, oder doch nicht nach den rechten
352 1951 1200 2014 Gründen urtheilt, imgleichen daß viele Urtheile
354 1991 1194 2058 salsch seyn können ohne Vorurtheile zu seyn. Im
358 2032 1197 2098 10ten §. fängt der Verfasser an zu demonstriren, daß
354 2074 1200 2139 die Urtheile der Menschen gewöhnlich Vorurtheile
364 2116 1200 2188 send, die aber doch nicht immer falsch, oder ein Weg
358 2158 1203 2229 zu andern Irrthümern seyn dörfen. Er erläutert
356 2199 1196 2248 dieses durch die Art wie die meisten glauben, daß
358 2244 1203 2310 ein Gott sey. §. 12. kommt er auf den wahren
358 2282 1194 2351 Schaden der Vorurtheile, den sie verursachen 1) weil
364 2326 1200 2372 sie nur eine Scheingewißheit eine elende und eitle
358 2365 1200 2436 Uieberredung von demjenigen was wir durch sie für
358 2410 1206 2456 wahr halten, hervorbringen. 2) weil aus ihnen
358 2450 1197 2497 eine Fertigkeit des Verstandes entsteht aus Ueberei¬
366 2486 1203 2555 lung zu urtheileu. 3) weil sie eine Hartnäckigkeit
360 2530 1209 2589 in ihnen zu beharren und alles zu verwerfen was ih=
364 2577 1206 2645 nen widerspricht, wirken. §. 14. zeigt der Autor
1220 1562 2079 1619 wie es unmöglich sey in seiner gesamten Erkenntniß
1232 1599 2079 1660 die Vorurtheile zu meiden, a) weil wir in der Er¬
1230 1641 2081 1696 keantniß a posteriori einen Grundsatz annehmen der
1226 1684 2078 1753 ein Vorurtheil ist, nemlich daß unsre Empfindungen
1226 1721 2075 1782 und die Beschaffenheit und Größe, oder eine inner¬
1229 1766 2079 1828 liche Bestimmung der Gegenstände unsern Empfin¬
1230 1815 2079 1866 dungen vorstellen Dieses erläutert er durch das
1230 1849 2079 1906 Urtheil über die Farben, und den Geschmack Die
1232 1891 2072 1959 hauptüble Folgen hieraus sind 1) daß wir dasje¬
1230 1934 2079 1999 nige nicht für wirklich halten was wir nicht empfin¬
1236 1977 2079 2041 den, und den Gegenstanden unsrer Empfindung das
1229 2016 2084 2079 absprechen was wir nicht empfunden, 2) daß man
1231 2061 2083 2122 bloß um des öftern oder bestandigen Zusammenseyns
1232 2099 2081 2165 zweier Dinge, oder um der öftern oder beständigen
1236 2162 2085 2205 Folgen des einen auf das andre willen urtheilt,
1229 2187 2078 2241 daß eins durchs andre vermittelst eines reellen und
1226 2229 1872 2282 unmittelbaren Einflusses gewirkt werde.
1272 2260 2085 2327 3) Daß man glaubt eine Sache sey eben die an¬
1230 2315 2085 2361 dre oder von eben der Art als die andre, weil man
1230 2347 2043 2415 eine Uebereinstimmung unter ihnen gewahr wird.
1280 2392 2078 2448 4) Daß man sich einbildet, alles was eine ange¬
1235 2434 2084 2497 nehme Empfindung verursacht ist gut, und umgekehrt.
1278 2487 2089 2529 b) weil wir in der Erkenntniß a priori eben ein
1236 2516 2091 2572 Vorurtheil zum Grundsatz annehmen: was unsrer
1235 2558 2086 2650 gesamten vorhergehenden Erkenntniß, die wir für
1992 2601 2087 2656 wahr
