2663 3213
726 417 1571 509 Thron lehrt nicht den Talisman erhalten, Abudah
730 496 1573 556 wird auf ihm grausam, man wil ihn ermorden, sein
732 545 1573 588 getreuer Kasten rettet ihn aber und führt ihn zu den
728 577 1577 624 Weisen in Nema bey welcher Gelegenheit der Ver¬
728 619 1573 666 fasser die Adepten, und die Schwärmer die alles
732 660 1565 709 durch Philosophie überwinden wollen, auf die feine
737 705 1567 749 ste Art lächerlich macht — Diese Bahn war wieder
722 743 1571 786 die unrechte. Zuletzt weist ein Bramine den Abudah
734 783 1565 832 zum Grabe des Propheten: Reinigkeit und Voll¬
728 826 1580 871 kommenheit so wie sie ein Mensch erhalten kann
728 864 1571 913 und wahre Tugend, und Wohlgewogenheit und ei¬
734 907 1573 956 ne gläubige Religion sind die Mittel diesen Schatz
728 949 1571 1003 zu erhalten. In Medina eröfnet endlich Abudahs
737 988 1571 1030 Schutzgeist ihm den Kasten, aus dem zuerst eine
732 1022 1577 1075 Menge Federn fliegen, dann zog Abudah eine bluti¬
734 1069 1573 1118 ge Hand mit prächtigem Geschmeide hervor, dann
732 1111 1571 1160 kam ein Greis mit Gold beladen, den ein Jüngling
728 1150 1577 1203 erstach, der sich nachher in den Armen einger Weibs¬
728 1192 1573 1241 „personen vergnügte, dann erschien ein König dem
732 1233 1573 1277 die Krone genommen wird, den Beschluß machten
732 1273 1573 1324 Wahnwitzige, theils mit Flügeln, theils bewegten
728 1316 1573 1360 Räder, machten Zirkel in der Luft rc. — Nach der
728 1354 1573 1409 Reinigung eröfnet Abudah den Kasten nochmals
737 1396 1575 1443 und liest aus dem hervorgezegnen Buche: Wisse o
737 1441 1580 1488 Mensch, daß die menschliche Natur welche unvoll¬
728 1477 1573 1543 kommen ist, die Vollkommenheit nicht erreichen
732 1520 1573 1569 kann daß die wahre Glückseligkeit, welche der
726 1556 1580 1607 wirkliche Talisman des Oromanns ist, unsterb¬
728 1599 1580 1648 lich ist rc. Der Schutzgeist verbannt nachher die
722 1641 1582 1692 kleine Hexe in den Kasten, 50 Jahre lang die Glück¬
737 1673 1558 1731 seligkeit zu suchen, die sie dem Abudah angepriesen -
734 1726 1580 1775 Abudah erwacht, und spricht zu Selima, die den
737 1756 1577 1814 entzückten Gemal für todt gehalten. Ja Selima,
732 1805 1577 1854 ich habe gelernet zufrieden zu seyn, das äußerste
737 1837 1575 1890 was der Mensch auf Erden erwarten muß, dem Al¬
732 1886 1582 1935 lah zu gehorchen, meine Familie zu lieben und zu
728 1929 2440 1984 ehren, und den Menschen Gutes zu thun. Wir lius, mit einer kurzen deutschen Rede bewillkommt,
734 2003 1573 2059 hung, und hoffen daß sie den Sohn Asmars selbst
743 2048 1573 2099 suchen werden, um sich durch seine Schönheit für
741 2090 1582 2144 unsre trockne Anzeige schadlos zu halten. Die übri¬
732 2135 2440 2190 ge Erzählungen sind: Der Derwisch Alfuran, Has= Herrn Prof. Lindner verfertigte deutsche Gedicht,
734 2182 1580 2242 san Assar oder die Geschichte des Chalifen zu Bag¬
734 2212 1573 2256 dad. Die Geschichte der Urad oder die schöne
734 2254 1584 2310 Wandrerin, die voll der lehrreichsten Touren ist.
741 2291 1582 2342 Den ganzen zweiten Theil füllt die Geschichte des
743 2337 1582 2382 Sultan Misnars, die die Lehre vom Vertrauen auf
741 2374 1580 2431 die Vorsehung enthält, mit verschiednen Episoden,
743 2414 1573 2467 nebst dem Anfang der 9ten Erzählung, Sadak und
734 2450 1573 2514 Kalasrada. Die Sprache des Verfassers ist der
743 2497 1573 2550 Sache beständig genau angemessen, man wird überal
741 2540 1580 2606 ein Feur finden das das Herz erwärmt, und den
737 2572 1567 2650 Eindruck der Sittenlehren erleichtern hilft. Kostel
728 2620 1550 2699 in den Kanterschen Buchhandlungen 4 fl. 21 gr.
1637 432 2446 511 Scherzhafte Erzählungen kleiner Satyren, von
1601 492 2446 568 B und A. mit vielen Kupfern. Aus dem Französi¬
1603 541 1963 611 schen übersetzt, 1765.
1637 585 2450 656 Wir haben schon bey Gelegenheit, da wir die ko¬
1597 619 2446 696 mischen Erzahlungen anzeigten, unsre Gedanken
1597 685 2448 734 über diese Art von Witzanwendung gesagt. Gegen¬
1601 732 2440 777 wärtige Sammlung ist eben in dem Geschmack des
1609 768 2448 820 Fontaine, der auch einige daraus versificirt hat.
1603 811 2446 860 Warum die Uebersetzer auf dem Titel Erzählungen
1603 852 2442 898 kleiner Satyren sagen ist uns unbekannt. Wir
1603 892 2448 945 haben einige mit dem Original verglichen, und ge¬
1603 930 2442 979 funden daß die Herr B. und A. nicht übersetzt, son¬
1601 975 2450 1024 dern die alte Geschichten auf eine neuere Art erzählt
1601 1015 2446 1060 haben. Das alte Französische, und die Erzählart
1601 1056 2444 1103 des 16ten Jahrhunderts sind nicht nach dem heuti=
1601 1101 2440 1143 gen Geschmack, die genaue Uebersetzung hätte also
1603 1143 2442 1186 diese scherzhafte Erzählungen die bey der neuen Ein¬
1601 1179 2440 1224 kleidung gewonnen haben, unausstehlich gemacht.
1609 1220 2437 1264 Wir zweifeln nicht an dem Wunsche der Leser die übri¬
1601 1258 2431 1309 gen 61 in eben der Gestalt erscheinen zu sehen. Ein¬
1603 1303 2442 1345 wundert uns aber, wie Leute von Geschmack dem
1601 1345 2442 1394 Verleger erlauben können nette Erzählungen durch
1601 1379 2442 1433 so elende Kupfer zu verunstalten und unnöthig zu
1603 1426 2442 1497 vertheuren Kostet in den Kanterschen Buchhand=
1603 1458 1920 1539 lungen 2 fl. 15 gr.
1884 1580 2152 1658 Königsberg.
1660 1614 2435 1694 Den 18ten feyerte unsre Akademie den Königl.
1603 1690 2442 1733 Krönungstag, wozu der Pros. der Beredsamkeit den
1601 1729 2440 1771 Sonntag zuvor einen lateinischen Anschlag austhei¬
1601 1769 2433 1816 len lassen. Des Curatoris der Akademie, des Kö
1603 1805 2442 1856 nigl. Preuß. Staatsministers, Herrn von Braxein
1599 1854 2440 1897 Exc. wurden an diesem Tage im großen Auditorio
1605 1895 2435 1946 von dem jetzigen Rectore Magnifico, Herrn D. Boh¬
741 1969 2433 2024 bitten die Leser wegen dieses Skelets um Verzei= welche Se. Excellenz beantworteten. Hierauf hielte
1607 2012 2435 2063 der akademische Redner, Herr Prof. Werner, eine
1607 2052 2431 2103 lateinische Lobrede: Von dem mitleidigen Herzen
1611 2088 2440 2144 Friedrich des Ersten; nach welcher das von dem
1599 2180 2440 2231 worinnen er die Frage erwog: Was ein König
1616 2216 2444 2267 sey? ausgetheilet wurde, worauf der Rector Magni¬
1605 2259 2440 2308 ficus sich durch ein deutsches Abschiedscompliment
1605 2303 2435 2354 für die Gegenwart Sr. Excellenz bedankte, welches
1607 2337 2435 2388 hochdieselben gnädigst beantworteten. Des Abends
1609 2384 2440 2437 führte die hier anwesende Königl. Preuß. general¬
1603 2427 2433 2469 privilegirte Schuchische Gesellschaft deutscher Schau=
1611 2465 2433 2518 spieler, ein von Herrn Lauson auf dieses hohe Fest
1609 2501 2433 2557 verfertigte Vorspiel, und nach Endigung desselben,
1603 2542 2433 2597 das Trauerspiel: Alexander der Große, auf, welches
1599 2593 2433 2655 mit einem, von ihrem Balletmeister, Herrn Jac¬
2276 2631 2433 2701 quemain,
