2479 3213
709 1459 1686 1549 15tes Stück. Freitag, den 21. Februar 1766.
667 1587 850 1651 Berlin.
370 1606 1179 1707 Wir haben ein Werk nachzuholen, welches schon
338 1677 1179 1747 im vorigen Jahre die Geschichte eines ansehnlichen
338 1713 1177 1779 Reichsstandes von Deutschland bereichert hat, und
340 1754 1173 1841 uns intereßiren muß, da wir dem Zepter Branden
344 1794 1179 1854 burgs gehuldigt haben. Es ist der Versuch einer
340 1837 1186 1899 Geschichte der Churmark Brandenburg, von der er¬
346 1873 1190 1944 sten Erscheinung der deutschen Sennonen bis auf
350 1920 1183 1985 jetzige Zeiten, von Sam. Buchholz, Oberpf. zu Li¬
348 1957 1188 2023 chen, mit des Herrn Oberconsist. Raths Sußmilche
346 2004 1190 2096 Vorrede, 1ster Theil, alte Geschichte, bey Friedrich
346 2059 782 2132 Wilhelm Birnstiel, 1765.
397 2079 1194 2168 Das Publikum hat dies Werk schon seit einigen
355 2151 1194 2211 Jahren erwartet, allein so wie es der Krieg und an
355 2196 1198 2262 dre Umstände verzögert, so haben einige neue Er¬
359 2228 1203 2296 scheinungen von Meßwerken unsre Aufmerksamkeit
361 2260 2072 2329 von der Berührung desselben abgelenket. Wir wol= ven aber von His, ein Mann, und baven oder oben,
361 2311 1203 2369 len bey diesem weitläuftigen historischen Werke einen
359 2361 1203 2416 Auszug aus dem Auszuge machen, der uns zur Re¬
367 2395 1205 2461 cension eingeschicket worden, weil unsere Blätter
365 2437 1209 2493 nicht Bogen annehmen können, ohne andre Stücke
365 2529 1216 2578 wechselung — Zur Sache! Wir werden also nur
374 2568 1216 2630 die Besonderheiten in diesem Werke anmerken, wel=
374 2606 1218 2690 ches Fleiß und Nachdenken gekostet, und andre Ver=
1207 1551 2051 1630 suche in diesem Felde hinter sich läßt. In der Vor¬
1207 1600 2057 1664 rede werden einige dergleichen angeführt, und man
1201 1636 2055 1703 bedaurt den unausgeführten Vorsatz des sel. Prof.
1209 1677 2053 1737 Roloff zu Frankfurt. Die Einleitung enthält eine
1209 1715 2057 1782 sehr genaue Topographie der Churmark. Wir müs¬
1216 1765 2059 1826 sen hiebey dem Herrn Verfasser am meisten trauen,
1209 1803 2064 1861 daß er sichere Nachrichten von dem Lande hat, in
1211 1841 2059 1908 dessen Bezirk sein Weinberg liegt. Das erste Buch
1216 1882 2061 1957 handelt von Sveven und Vandalen, Sennonen,
1222 1925 2057 1987 (Edeln, daher Seneschall, der erste edelste Diener)
1216 1965 2064 2032 Longobarden, und andern ursprünglichen Einwoh¬
1209 2004 2064 2072 nern der Churmark. Herr B. gehet in des Tacitus
1222 2053 2066 2111 Deutschland zurück, und vereinigt ihn mit dem Pli¬
1218 2091 2074 2166 nius, daß des letztern Vandalen nördliche Sveven
1224 2130 2070 2200 gewesen. Der erstere Name kömmt her von Fan
1218 2170 2070 2228 oder Pan, ein Herr, und Dale, (Thal) niedre Oer¬
1226 2211 2066 2277 ter, weil sie niederwärts der Ströme gewohnt, Spe¬
1673 2296 2079 2350 Wachter leitet es vom
1224 2307 1651 2365 oberhalb der Strôme.
1233 2335 2072 2403 Schweif (Svepe) oder Haarzopf dieser Völker her.
1230 2376 2081 2448 Der Strom Svevus ist dem Herrn B. die Oder,
1230 2416 2085 2482 nicht die Spree, und die Sennonen führen den Na¬
367 2459 2081 2538 zu verdrangen; der Leser aber liebt vielleicht die Ab= men von Sähne, ihrem Versöhnungsfest; (die Ab¬
1237 2499 2087 2570 leitung des Hrn. Vorredners scheint uns natürlicher aus
1237 2544 2094 2608 dem Griechischen des Strabo,) die Longobarden von
1245 2583 2096 2675 der langen Börde, nicht langen Bärten, weil alle
1997 2623 2096 2698 Bar=
