2663 3213
721 411 1569 496 schreibensteller und die meisten Geistlichen die sich
725 526 1571 574 der Religion bey witzigen Spöttern augenscheinlich.
734 603 1571 657 Erlaubniß keine Umstände mit der Art sich auszu¬
728 648 1573 698 drücken zu machen; allein wenn man mit Witz sicht
732 693 1571 766 so muß auf den Blitz gleich ein Schlag folgen, sonst
732 736 1346 802 verliert auch die allergerechteste Sache.
764 773 1577 854 Noch mehr, der Verfasser der gegenwärtigen
728 835 1571 880 Schrift verfehlt so gar den Gegenstand über den er,
725 875 1573 927 falls ihm die Ironie ja zuverstattet gewesen, sie an¬
725 914 1571 969 bringen sollen. In der erfreulichen Nachricht wird
721 954 1571 1004 von der Orthodoxie geredet, und er vertheidigt die
717 997 1571 1044 Herren Prediger, versichert auf Ehre daß noch viele
721 1040 1569 1087 Edelleute fromme Leute wären, (S. 17.) und daß
721 1076 1564 1130 die Verachtung des geistlichen Standes häufig
721 1121 1575 1171 Bankerotten nach sich ziehen werde. (S. 22.) Der
725 1162 1564 1216 Mann hat in Wahrheit nicht verstanden was er ei
723 1196 1564 1258 gentlich widerlegen wollen, sonst könnte er sich un
717 1241 1562 1293 möglich so sehr in den Materien irren. Es ist von
721 1290 1569 1342 je her ein gegründeter Vorwurf gewesen, den man
719 1329 1564 1380 vielen derer Herren Geistlichen gemacht hat, daß sie
717 1365 1562 1417 nemlich das, was Gottes ist mit dem was das Ihre
710 1410 1564 1464 ist, verwechseln, und eben diese Beschuldigung wird
713 1451 1569 1504 unser Herr Verfasser nach dem was wir von ihm
710 1489 1564 1543 angeführt haben, eben so wenig von sich abnehmen
713 1539 1558 1584 können, als die, daß er hie und da einen kleinen
713 1577 1558 1622 Stolz verräth, der Geistlichen nicht geziemet. Kurz,
719 1616 1569 1667 er macht aus seinem Gegner, der ein witziger Spöt¬
1380 1656 1566 1712 bald einen
721 1658 1352 1703 ter der Ortodoxie ist, was er wil —
717 1697 1560 1748 Beförderer der Barbarey und einen Feind der Kö¬
713 1733 1556 1798 nigl. Preuß. Schulanstalten, bald dieses bald jenes
717 1776 1453 1828 und unter andern auch einen Edelmann — -
1479 1783 1556 1832 Die
719 1819 1562 1877 ses letzte ist eine Unwahrheit die noch am allerersten
719 1864 1564 1915 zu vergeben wäre, wenn sie nicht unsern Sendschrei
717 1907 1558 1956 ber auf ein unseliges Capitel über den frommen Adel
717 1941 1564 1997 gebracht hätte. Ein frommer Bettler macht der Re¬
721 1982 1560 2037 ligion eben so viel Ehre, als ein frommer Edelmann,
721 2027 1564 2082 und im Himmel ist kein Ansehen der Person. Es
719 2069 1560 2119 würde eine Abhandlung aus unserer Anzeige, wenn
710 2108 1564 2159 wir uns nicht Gewalt thäten aufzuhören, wir schlies¬
719 2151 1562 2200 sen, und zwar, weil so viele der vorkommenden Per¬
719 2196 1554 2245 sonen aus Königl. Preuß. Staaten sind, mit einer
717 2236 1556 2283 Stelle des preußischen Kirchengebetes: Gieb ferner
710 2275 1558 2324 treue Hirten und Lehrer die Wahrheit und Frieden
706 2315 1549 2375 lieben, die nicht suchen das Ihre, sondern das JE¬
719 2358 946 2427 su Christi ist.
1049 2452 1224 2544 Leipzig.
740 2525 1552 2609 Neue Bibliothek der schönen Wissenschaften und
698 2577 1404 2660 freyen Künste, 1sten Bandes 1stes Stück.
1631 415 2442 490 Denjenigen welche mit den 12 Bänden der Bib¬
728 486 2448 537 ihren Witz aus der Stirne reiben, schaden hiedurch liothek der schönen Wissenschaften rc. bekannt sind=
1594 529 2448 576 dürfen wir nur sagen, daß diese neue Bibliothek in
734 567 2446 614 Bey Grunden kann man sich bedenken und hat die eben der Absicht und Art geschrieben wird, um sie
1594 610 2450 655 ihnen zu empfehlen. Herr Kreis=Steureinnehmer
1592 651 2448 696 Weise, dessen Verdienste um die deutsche Muse be¬
1603 691 2446 736 kannt sind, dessen Witz und Karakter von gleicher
1594 736 2448 800 Güte sind, fährt in dieser neuen Bibliothek fort den
1607 770 2442 817 Geschmack zu bilden, und durch eigne, und seiner
1603 815 2442 862 Freunde Einsichten den wahren Werth der Schrift=
1603 858 2440 905 steller zu bestimmen. Die Mäßigung ist ein Haupt
1603 901 2437 948 verdienst ihrer Verfasser, sie lassen sich selten durch
1594 935 2440 982 eine beissende Laune fortreissen, die Einfälle statt
1596 982 2450 1034 Gründe verkauft, und seichte Anmerkungen durch
1588 1019 2442 1070 boshafte persönliche Stiche angenehm zu machen
1603 1064 2440 1111 sucht. Man findet in dieser neuen Bibliothek wie in
1596 1106 2442 1156 der ersten die vorzüglichsten Werke beurtheilt, man
1596 1145 2446 1192 tadelt hier nicht diktatorisch sondern überzeugt den
1588 1188 2442 1237 Leser, wo nicht gar die Autoren selbst. Die jedem
1601 1230 2440 1275 Stücke angehängte vermischte Nachrichten machen
1581 1271 2440 1314 uns mit der neuesten Litteratur auf eine angenehme
1594 1312 2440 1355 Art bekannt. Was den meisten Lesern indessen in
1594 1352 2427 1397 dieser kritischen Schrift am wenigsten gefallen wird
1588 1393 2433 1440 möchte das viele Schöne von der Malerey seyn, die
1592 1436 2440 1481 Kunstverständigen sind noch nicht häufig genug, und
1588 1477 2433 1522 die meiste Anmerkungen über die Mahlerey und
1592 1519 2437 1562 Bildhauerkunst für Züglinge zu fein, vielleicht gar
1581 1562 2435 1611 viele Akademisten. In diesem ersten Stücke sind
1592 1605 2433 1648 enthalten: I. Falkonets Gedanken von der Bild=
1586 1635 2433 1686 hauerkunst. II. Beurtheilung des 3ten Theils der
1586 1676 2440 1729 Werke des J. G. Schlegels, in der man die lesens¬
1581 1723 2431 1768 würdigsten Nebenanmerkungen besonders fürs Thea¬
1581 1763 2437 1810 ter antrift III. Histoire de la disposition et des for-
1579 1804 2435 1849 mes differentes, que les chretiens ont données à
1586 1838 2440 1892 leurs temples p. le Roi. IV. Jüdische Schäferge=
1592 1881 2431 1932 dichte, die nicht empfohlen werden. V. Winkel=
1586 1922 2440 1977 manns Nachricht von den neusten herkulanischen Ent¬
1586 1967 2433 2014 deckungen. Wenn wir nicht wüsten daß zur Beur¬
1592 2007 2427 2059 theilung dieses großen Mannes sehr viel Genie, vie¬
1592 2052 2435 2099 le Reisen und Beobachtungen, und eine uneinge¬
1592 2093 2431 2140 schrenkte Unpartheylichkeit erfordert werden, so wag¬
1588 2131 2427 2183 ten wir zu behaupten, daß er oft zu viel Einbil¬
1581 2174 2427 2221 dungskraft für sein Fach habe, und daß er durch die
1581 2219 2425 2271 Schönheit seines Stils manche Hypothese zur großen
1577 2260 2420 2311 Wahrheit mache. VI. Freudenbezeugungen des The¬
1579 2307 2427 2352 resianischen Collegiums bey Gelegenheit der Krönung
1571 2337 2425 2388 Josephs des zweyten, römischen Königs, aus denen
1579 2384 2418 2433 ein neues deutsches Lustspiel, der Vorwitzige, in 3
1579 2420 2422 2472 Aufzügen, vom Pater Dennis, und eine Ode auf
1571 2463 2418 2510 die Vermählung Josephs, vom Jesuiten, Carl
1571 2502 2427 2555 Mastalier, angezeigt worden. VII. Die Braut
1571 2542 2418 2596 von Beaumont und Fletscher. VIII Der östreich¬
1571 2579 2418 2662 sche Patriot. IX. Die dialogischen Fabeln werden
2330 2630 2420 2699 sehr
