2479 3213
1196 1463 1693 1527 den 17. Februar 1766.
704 1452 1173 1538 14tes Stück. Montag,
358 1557 1036 1629 Ollievier Poeme en XII Chants. 1763
367 1604 1169 1672 Der Verfasser sagt in der Vorrede: Eine Anmer
337 1651 1169 1708 rung, die den Liebhabern der Wissenschaften bey Le=
335 1706 1171 1755 sung des Orlando furioso über die Leichtigkeit, und
328 1747 1171 1791 das Eigenthümliche womit der Stil sich mitten un=
328 1781 1164 1834 ter einer erstaunenden Abänderung von Gemälder
328 1828 1173 1877 und Situationen, allen diesen Arten angemessen
328 1874 1164 1924 zeigt, sehr natürlich ist, hat dieses Werk veranlaßt
335 1911 1171 1958 von dem er wünscht, daß man es mit so vielen Ver=
335 1953 1169 2030 gnügen lesen möge, als er bey Verfertigung dessel
335 1994 591 2056 ben empfunden.
331 2069 1181 2139 getroffen. Um unsern Lesern aber einen kleinen Be¬
335 2128 1186 2173 grif von diesem liebenswürdigen Werke, das in der
335 2169 1175 2233 schonsten Prose geschrieben ist, zu machen, wollen
333 2248 580 2322 kurz hersetzen:
341 2455 1864 2514 dag thun wolte, von einem Sohn entbunden ward. er sich in sein Marquisat Edessa begiebt.
341 2512 1181 2561 Der von Zorn entbrannte Graf überließ die Rache
1181 1540 2047 1614 an ihren eignen Sohn Inar, der einen verachtungs¬
1194 1587 2045 1646 würdigen Charakter hat, vermählen wolte. Inar
1194 1627 2039 1685 ist der Hauptverfolger des entwischten Olliviers.
1192 1668 2039 1725 Dieser begiebt sich mit Stenon von Bretagne nach
1196 1719 2039 1770 Palestina, rettet unterwegens einmal dem Sigis=
1188 1742 2043 1802 mund nach einem Schiffbruch das Leben, und leistet
1196 1793 2039 1855 ihm zweimal in der Belagerung von Damas einen
1196 1842 2041 1896 gleichen Dienst, ohne ihn bewegen zu können ihm
1196 1870 2039 1932 die Beleidigung, die er durch Agnesen dem Hause
1188 1919 2041 1979 de Tours zugefügt, zu vergeben. Ollivier verzwei¬
1201 1958 2041 2019 felt endlich es jemals auswürken zu können, erhält
1196 1998 2039 2058 aber von einem Einsiedler Nachricht, theils wie es
373 2039 2039 2092 Dieser Wunsch ist wenigstens bey uns richtig ein= Agnesen seit seiner Abwesenheit ergangen, theils von
1203 2083 2041 2141 dem Kriege womit Richard, Herzog von Bretagne,
1205 2126 2037 2186 Tourraine bezogen, und zugleich eine neue Hofnung
1201 2167 2043 2228 zu seiner Aussöhnung und seinem einzigen Glücke.
335 2209 2045 2288 wit den Plan in so weit er den Helden selbst angeht, Er eilt der Stadt Tours auf einem wunderbaren
1201 2250 2043 2314 Pferde, das ihm der Einsiedler angewiesen, zu Hül¬
371 2288 2039 2346 Ollivier, ein Ritter von außerordentlichem Ver= fe, hat unterwegens ein sonderbares Abentheur bey
341 2324 2043 2388 dienst am Hofe Sigismunds, Grafen von Tours, der Teufelsbrücke, befreyt hierauf Tours von der
337 2371 2045 2427 liedte dessen Tochter Agnes, welche zur Zeit da Si= Belagerung, und erhält zur Belohnung von Sigis¬
339 2412 2051 2474 gesmund unter Philipp von Frankreich einen Creutz= munden seine Tochter Agnes zur Gemalin, mit der
1245 2482 2049 2563 Die Episode, so Enguerrands und seiner Geliebten
345 2533 2051 2632 seiner zweiten Gemalin Fredegilde, die diese Agnes Fleur de Myrthe, der Vertrauten von Angnesens Ge=
1926 2576 2051 2642 schichte
