2663 3213
758 412 1628 494 „gesetzet, und bis auf weiter keine höhere Markzahl,
780 485 1514 550 wohl aber darunter, zugelassen werden solle.
981 528 1413 595 London, den 25. Febr.
810 563 1626 629 Den 22sten ist der Herzog von Richmond, nebst
775 601 1626 672 seiner Gemahlin aus Paris retournirt. Den 27sten
771 651 2493 713 kam endlich im Unterhauß die große Frage aufs Ta= anderer an dessen Stelle erwartet wird. Das Kö=
771 707 1628 756 pet, ob die Stempel Acte revocirt, oder noch ferner-
767 747 1628 807 hin continuirt werden sollte. Ueber diesen Vorschlag
773 797 1630 840 entstanden große Debatten, viele Mittglieder waren
773 831 1630 876 der Meynung, daß man die Stempel-Acte nicht wie-
773 872 1626 919 der ruffen, sondern sie nur etwas ändern, und näher
773 913 1630 969 erklären sollte, es wurde aber durch eine Mehrheit
771 945 2493 1009 von 275 gegen 167 Stimmen das erstern beliebet. welcher im kurzen anhero kommen, und die Zeit sei=
773 999 1630 1048 Bey dieser Gelegenheil äußerten sich im Unterhause
775 1037 1632 1082 drey Partheyen, die erste behauptete, daß die Wieder¬
767 1080 1628 1136 ruffung der Stempel=Acte der Ehre der Krone höchst
771 1123 1630 1173 nachtheilig wäre. Die zweyte an deren Spitze sich
762 1166 1621 1215 Herr Pitt befand, verwarf die Stempel Acte schlecht.
773 1207 1621 1254 hin als eine gesetzwidrige, unterdrückende, und dem
771 1243 1628 1291 Commercio höchst schädliche Sache, und bestand da=
773 1286 1630 1336 her lediglich auf die Wiederruffung derselben. Die
767 1327 1628 1383 dritte verlangte zwar die Beybehaltung der obgedach¬
773 1381 1630 1424 ten Acte, jedoch unter gewissen Modificationen zum
771 1417 1628 1458 Besten der Colonien. Man berathschlagte sich hier-
773 1452 2493 1505 über bis zwey Uhr Morgens, da denn die Versamm: wa hat sich so gleich ins Reformaten=Kloster retiriret,
767 1497 1626 1542 lung aus einander gieng, und die Sache bis zum
771 1540 1628 1587 24sten ausgesetzt wurde. Am gestrigen Tage geneh-
771 1581 1634 1632 migten die Gemeinden ihre Tages zuvor genomme
773 1624 1630 1673 ne Entschließung, und wurde zugleich fest gesetzet,
771 1666 1630 1712 daß wegen Wiederruffung der Stempel=Acte dem
771 1707 1630 1759 Hause eine Bill vorgelegt werden sollte. Herr Pitt,
773 1752 1634 1797 welcher mit dem Podagra sehr beschwert ist, hatte
780 1791 1621 1840 sich dem ohngeachtet, nach der Versammlung brin
773 1838 1634 1890 gen lassen, und es wurde ihm auf dem Hinwege von
771 1881 1634 1926 denen in großer Menge versammleten, und wegen
775 1911 1632 1984 des Amerikanischen Handels intereßirten Kaufleuten
771 1954 1291 2025 ein freudiges Vivat zugeruffen.
977 1997 1409 2070 Paris, vom 28. Febr.
812 2038 1626 2107 Den 25sten dieses empfing man hier die betrübte
771 2092 1626 2143 Nachricht von dem Tode des Königs von Pohlen, Her-
775 2139 1626 2186 zogs von Lothringen und Bar. Dieser hohe Todesfall
771 2182 1628 2227 ist durch den bekannten Unfall, welcher diesem Prinzen
771 2218 1628 2270 den 5ten bey dem Caminfeuer begegnet ist, verursachet
767 2266 1626 2317 worden. Man hatte sich anfänglich zwar Hofnung ge-
771 2302 1628 2349 macht, daß die Verletzungen, welche das Feuer, beson-
775 2347 1628 2399 ders an der linken Seite und am Unterleibe gemacht
775 2388 1630 2437 hatte, leichtlich würden geheilet werden können. Allein,
775 2431 1632 2480 da die Vereiterung und das Fieber sich sehr vermehret
773 2470 2478 2519 hatten, so wurde der Zustand gefährlich. Endlich, nach= 1 fl. M. Kant Beobachtungen über das Gefüh
771 2515 1621 2564 dem Sr. Maj. die mit diesem Zustande verknüpften,
771 2560 1621 2603 Schmerzen mit einer Dero Gottesfurcht würdigen Ge¬
773 2594 1630 2646 lassenheit und Standhaftigkeit ertragen haben, so em-
767 2639 1626 2691 pfingen Dieselben den 22sten, aus den Händen des Car-
762 2682 1632 2757 dinals von Choiseul, die Sacramente; worauf Sie den
767 2721 1538 2796 23sten, Abends um 4 Uhr, Dero Geist aufgaben.
1834 430 2330 509 Warschau, den 6. März.
1690 468 2500 545 Se. Maj. divertiren sich bishero ordinair alle
1651 524 2493 573 Woche zweymal mit der Jagd. Der hiesige päbst=
1647 573 2500 623 liche Nuntius wird sich allhier nur bis Anfang
1654 612 2500 674 des künftigen Monats May aufhalten, da denn ein
1654 696 2500 758 nigl. Assessorial=Gericht hat die ehedem durch ein er=
1654 737 2500 797 schlichenes Privilegium dem Herrn Loekeki zugefal¬
1660 780 2495 838 ene Starostey von Osiek, den Herrn Prziliebski,
1658 820 2500 883 bisherigen Landrichter von Cujavien zugesprochen.
1654 863 2500 926 Vorige Woche hat der Hof einen Courier nach Riga
1658 904 2498 964 dem Fürsten von Hollstein Beck entgegen gesandt,
1647 992 2500 1048 nes Aufenthalts aus dem Kron-Schatze unterhalten
1654 1031 2493 1080 werden soll. Am vorigen Dienstage hat sich ein gewisser
1658 1076 2493 1130 Torri, welcher beym Bischof von Wilda als Secre=
1658 1115 2493 1173 tair in Diensten gestanden, nachdem er ein gewisses
1660 1160 2495 1205 Frauenzimmer zur Ehe verlangt, und abschlägige
1658 1203 2493 1261 Antwort bekommen, aus Desperation erschossen.
1654 1235 2500 1297 Selbigen Tages hat der Herr Cron - Podstoli, Graf
1658 1282 2500 1344 Branicki, mit einen gewissen reisenden Italiänischen
1658 1323 2493 1372 Cavalier Namens Caßanowa, einen Duell gehabt,
1647 1368 2493 1435 wobey ersterer gefährlich am Unterleibe bleßiret,
1658 1409 2493 1456 letzterer aber eine Hand verloren, besagter Caßano/
1658 1499 2173 1540 allwo er sich bis Dato befindet.
1913 1520 2251 1606 Einpaßirte Fremde,
1821 1566 2336 1645 vom 8ten bis zum 14ten März.
1697 1621 2500 1686 Herr Landrath von Behr, kommt von Memel,
1654 1675 2489 1733 log. bey Seyfried im Kneiphof. Herr v. Hahn, kommt
1651 1712 2487 1772 von Memel, geht nach Göttingen, log. bey Seyfriel
1658 1755 2493 1808 im Kneiphof. Herr Kanzler von Kloppmann, kommt
1651 1793 2491 1855 von Riga, geht nach Warschau, log. bey Lehmann
1654 1836 2489 1896 in der Vorstadt. Herr Hofrath Tottin, kommt aus
1658 1879 2487 1939 Curland, geht nach Warschau, log. bey Felgenhauer
1654 1920 2485 1978 auf dem Roßgarten. Herr Zehske Kaufmann aus
1654 1965 2478 2014 Liebau, log. bey Bräm in der Vorstadt. Herr Turf
1654 2006 2467 2055 ner und Walch, Kaufleute, kommen aus Riga, lo
1658 2047 2472 2109 bey Bräm in der Vorstadt. Herr von Fircks, kommt
1654 2090 2478 2148 von Berlin, geht nach Mitau, log. bey Remus in
1647 2128 2472 2193 Kneiphof. Herr Schanonis, Secretair des Graf
1658 2171 2476 2240 von Woronzoff, kommt von Berlin, geht nach Pe=
1654 2216 2470 2278 tersburg, log. bey Remus im Kneiphof. Herr Gr.
1660 2259 2470 2326 fenstein, Graveur, kommt von Mitau, geht na=
1654 2302 2362 2379 Warschau, log. bey Bräm in der Vorstadt.
1920 2336 2257 2412 AVERTISSEMENT.
1690 2377 2476 2457 Bey dem Verleger dieser Zeitung ist zu haben
1658 2429 2476 2483 Gleims sämtlicher poetischer Werke 3ter Theil, 8
1658 2517 2472 2579 des Schönen und Erhabenen, 8, 18 gr. Reccardi
1654 2556 2472 2624 Abschiedspredigt in Berlin, und Antrittspredigt i
1651 2603 2354 2671 Königsberg gehalten, 8, 15 gr. geb. 18 gr.
1647 2622 2467 2704 Diese Gelehrte und Politische Zeitung wird des Monta=
1699 2695 2452 2766 und des Freytags Vormittags um 10 Uhr in dem
1804 2736 2371 2800 Kanterschen Buchladen ausgegeben.
