<?xml version="1.0" encoding="UTF-8" standalone="yes"?>
<PcGts xmlns="http://schema.primaresearch.org/PAGE/gts/pagecontent/2013-07-15" xmlns:xsi="http://www.w3.org/2001/XMLSchema-instance" xsi:schemaLocation="http://schema.primaresearch.org/PAGE/gts/pagecontent/2013-07-15 http://schema.primaresearch.org/PAGE/gts/pagecontent/2013-07-15/pagecontent.xsd">
    <Metadata>
        <Creator>prov=READ-COOP:name=PyLaia@TranskribusPlatform:version=2.15.0:model_id=39995:lm=none:date=29_07_2024_10:56</Creator>
        <Created>2024-07-29T10:33:25.406+02:00</Created>
        <LastChange>2024-07-29T10:56:57.895+02:00</LastChange>
        <TranskribusMetadata docId="3474232" pageId="75755823" pageNr="3" tsid="179896200" status="IN_PROGRESS" userId="222699" imgUrl="https://files.transkribus.eu/Get?id=XJQXQETSFLQNMIFCIKODVRMG&amp;fileType=view" xmlUrl="https://files.transkribus.eu/Get?id=GVVHNPIXUACVWDKDWGMRSAWS" imageId="61487597"/>
    </Metadata>
    <Page imageFilename="75755823.jpg" imageWidth="2479" imageHeight="3213">
        <ReadingOrder>
            <OrderedGroup id="ro_1722243417895" caption="Regions reading order">
                <RegionRefIndexed index="0" regionRef="r_22"/>
                <RegionRefIndexed index="1" regionRef="r_23"/>
            </OrderedGroup>
        </ReadingOrder>
        <TextRegion id="r_22" custom="readingOrder {index:0;}">
            <Coords points="305,446 1168,452 1153,2697 299,2696"/>
            <TextLine id="r_22_tl_1" custom="readingOrder {index:0;}">
                <Coords points="505,503 634,520 694,503 921,518 943,509 941,449 840,445 758,479 722,455 689,475 640,475 580,438 503,447"/>
                <Baseline points="516,498 561,498 606,501 650,504 695,501 740,504 785,504 830,504 874,504 919,504 949,504"/>
                <TextEquiv>
                    <Unicode>Berlin, den 15. Febr.</Unicode>
                </TextEquiv>
            </TextLine>
            <TextLine id="r_22_tl_2" custom="readingOrder {index:1;}">
                <Coords points="309,623 1149,634 1149,588 505,608 309,582"/>
                <Baseline points="322,615 367,618 412,624 456,624 501,627 546,630 591,627 636,627 680,627 725,627 770,627 815,627 859,627 904,627 949,627 994,624 1039,624 1083,624 1128,624 1155,624"/>
                <TextEquiv>
                    <Unicode>Bonenberg, eine ansehnliche Zulage seines bisheri</Unicode>
                </TextEquiv>
            </TextLine>
            <TextLine id="r_22_tl_3" custom="readingOrder {index:2;}">
                <Coords points="314,676 1100,672 1074,631 732,649 314,618"/>
                <Baseline points="325,665 370,662 415,662 459,665 504,668 549,668 594,668 639,668 683,668 728,668 773,668 818,668 862,665 907,665 952,665 997,665 1042,662 1086,665 1104,665"/>
                <TextEquiv>
                    <Unicode>gen Gehalts allergnädigst zu bewilligen geruhet.</Unicode>
                </TextEquiv>
            </TextLine>
            <TextLine id="r_22_tl_4" custom="readingOrder {index:3;}">
                <Coords points="339,702 558,730 1149,713 1149,668 339,676"/>
                <Baseline points="352,698 397,704 441,707 486,710 531,710 576,710 621,710 665,710 710,710 755,710 800,707 845,707 889,707 934,707 979,707 1024,707 1069,704 1113,704 1155,701"/>
                <TextEquiv>
                    <Unicode>Der ehemalige Churcöllnische Premierminister und</Unicode>
                </TextEquiv>
            </TextLine>
            <TextLine id="r_22_tl_5" custom="readingOrder {index:4;}">
                <Coords points="314,745 1149,775 1149,711 558,730 314,707"/>
                <Baseline points="325,737 370,743 415,746 459,749 504,752 549,752 594,752 639,752 683,752 728,752 773,752 818,749 862,749 907,752 952,749 997,749 1042,749 1086,749 1131,746 1152,749"/>
                <TextEquiv>
                    <Unicode>Oberhofmeister, Freyherr von der Asseburg, ist nach</Unicode>
                </TextEquiv>
            </TextLine>
            <TextLine id="r_22_tl_6" custom="readingOrder {index:5;}">
                <Coords points="309,790 485,816 919,797 919,762 878,756 571,769 309,743"/>
                <Baseline points="322,782 367,785 412,791 456,794 501,794 546,797 591,794 636,791 680,794 725,794 770,794 815,794 859,791 904,791 925,791"/>
                <TextEquiv>
                    <Unicode>dem Hildesheimischen zurück gereiset.</Unicode>
                </TextEquiv>
            </TextLine>
            <TextLine id="r_22_tl_7" custom="readingOrder {index:6;}">
                <Coords points="545,850 719,838 747,853 786,833 805,850 943,844 943,805 908,797 812,799 782,814 717,803 698,816 668,803 545,801"/>
                <Baseline points="558,836 591,836 636,836 680,836 725,833 770,833 815,833 859,836 904,830 949,833"/>
                <TextEquiv>
                    <Unicode>Wien, den 6. Febr.</Unicode>
                </TextEquiv>
            </TextLine>
            <TextLine id="r_22_tl_8" custom="readingOrder {index:7;}">
                <Coords points="307,1123 447,1158 496,1127 734,1147 855,1125 855,1082 833,1078 621,1102 307,1080"/>
                <Baseline points="319,1110 364,1116 409,1119 453,1122 498,1122 543,1125 588,1125 633,1125 677,1125 722,1125 767,1122 812,1119 856,1122 859,1122"/>
                <TextEquiv>
                    <Unicode>Daun liegt noch gefährlich krank.</Unicode>
                </TextEquiv>
            </TextLine>
            <TextLine id="r_22_tl_9" custom="readingOrder {index:8;}">
                <Coords points="466,1168 616,1185 992,1168 992,1110 756,1132 726,1151 685,1132 466,1138"/>
                <Baseline points="477,1164 504,1164 549,1164 594,1167 639,1167 683,1164 728,1164 773,1164 818,1161 862,1161 907,1164 952,1161 997,1161"/>
                <TextEquiv>
                    <Unicode>Mainstrom, vom 6. Febr.</Unicode>
                </TextEquiv>
            </TextLine>
            <TextLine id="r_22_tl_10" custom="readingOrder {index:9;}">
                <Coords points="307,1475 550,1450 616,1471 810,1467 807,1415 305,1415"/>
                <Baseline points="319,1448 364,1448 409,1448 453,1451 498,1451 543,1448 588,1451 633,1451 677,1451 722,1454 767,1454 812,1457"/>
                <TextEquiv>
                    <Unicode>gatten in aller Eil ausgerüstet.</Unicode>
                </TextEquiv>
            </TextLine>
            <TextLine id="r_22_tl_11" custom="readingOrder {index:10;}">
                <Coords points="513,1501 711,1510 777,1497 898,1512 949,1497 949,1460 792,1471 719,1458 687,1480 653,1460 618,1473 603,1458 511,1456"/>
                <Baseline points="522,1490 567,1490 612,1493 656,1493 701,1496 746,1496 791,1496 836,1496 880,1496 925,1493 955,1493"/>
                <TextEquiv>
                    <Unicode>London, den 31. Jan.</Unicode>
                </TextEquiv>
            </TextLine>
            <TextLine id="r_22_tl_12" custom="readingOrder {index:11;}">
                <Coords points="365,1542 1149,1546 1149,1480 801,1514 447,1508 365,1473"/>
                <Baseline points="376,1525 424,1531 468,1531 513,1534 558,1534 603,1537 647,1537 692,1537 737,1534 782,1534 827,1534 871,1534 916,1534 961,1531 1006,1531 1051,1531 1095,1531 1140,1531 1155,1531"/>
                <TextEquiv>
                    <Unicode>Man vernimmt, daß dieser Tage für auswärtige</Unicode>
                </TextEquiv>
            </TextLine>
            <TextLine id="r_22_tl_13" custom="readingOrder {index:12;}">
                <Coords points="309,1615 739,1645 1149,1626 1134,1581 309,1578"/>
                <Baseline points="322,1606 367,1609 412,1615 456,1615 501,1618 546,1618 591,1618 636,1618 680,1618 725,1618 770,1618 815,1618 859,1618 904,1615 949,1618 994,1615 1039,1615 1083,1615 1128,1615 1155,1615"/>
                <TextEquiv>
                    <Unicode>nen aufgekaufet worden, welche, wie man versichert,</Unicode>
                </TextEquiv>
            </TextLine>
            <TextLine id="r_22_tl_14" custom="readingOrder {index:13;}">
                <Coords points="305,1688 481,1718 1151,1703 1151,1669 1108,1662 305,1660"/>
                <Baseline points="316,1687 361,1690 406,1696 450,1699 495,1702 540,1702 585,1699 630,1699 674,1699 719,1699 764,1699 809,1696 854,1696 898,1696 943,1696 988,1696 1033,1696 1077,1696 1122,1693 1155,1693"/>
                <TextEquiv>
                    <Unicode>Man schätzet den Werth der contrebanten Priesen,</Unicode>
                </TextEquiv>
            </TextLine>
            <TextLine id="r_22_tl_15" custom="readingOrder {index:14;}">
                <Coords points="316,1780 1147,1785 1147,1746 1110,1739 483,1759 316,1735"/>
                <Baseline points="328,1773 373,1773 418,1779 462,1782 507,1785 552,1785 597,1782 642,1782 686,1782 731,1782 776,1782 821,1779 865,1779 910,1779 955,1776 1000,1776 1045,1776 1089,1776 1134,1773 1152,1773"/>
                <TextEquiv>
                    <Unicode>seit 12 Monaten auf den Küsten von Großbritannien</Unicode>
                </TextEquiv>
            </TextLine>
            <TextLine id="r_22_tl_16" custom="readingOrder {index:15;}">
                <Coords points="309,1898 477,1924 1145,1913 1145,1866 545,1883 309,1855"/>
                <Baseline points="322,1893 367,1899 412,1902 456,1905 501,1908 546,1908 591,1908 636,1908 680,1908 725,1905 770,1905 815,1905 859,1905 904,1905 949,1905 994,1905 1039,1902 1083,1902 1128,1902 1149,1902"/>
                <TextEquiv>
                    <Unicode>rey angeleget worden, welche diese auf der afrikani¬</Unicode>
                </TextEquiv>
            </TextLine>
            <TextLine id="r_22_tl_17" custom="readingOrder {index:16;}">
                <Coords points="309,1982 466,2008 1149,1997 1134,1950 878,1974 309,1948"/>
                <Baseline points="322,1973 367,1979 412,1985 456,1988 501,1991 546,1991 591,1991 636,1988 680,1988 725,1988 770,1988 815,1988 859,1991 904,1988 949,1988 994,1988 1039,1991 1083,1985 1128,1988 1155,1985"/>
                <TextEquiv>
                    <Unicode>als gewöhnlich, zu liefern gedenket. Man sagt, daß</Unicode>
                </TextEquiv>
            </TextLine>
            <TextLine id="r_22_tl_18" custom="readingOrder {index:17;}">
                <Coords points="339,2034 1149,2044 1149,1999 1087,1986 582,2008 339,1984"/>
                <Baseline points="352,2021 397,2024 441,2030 486,2033 531,2033 576,2033 621,2030 665,2030 710,2030 755,2030 800,2030 845,2030 889,2030 934,2030 979,2027 1024,2030 1069,2027 1113,2027 1155,2027"/>
                <TextEquiv>
                    <Unicode>he nachdrücklichg Vorstellungen an den französischen</Unicode>
                </TextEquiv>
            </TextLine>
            <TextLine id="r_22_tl_19" custom="readingOrder {index:18;}">
                <Coords points="324,2107 453,2132 1149,2117 1149,2077 803,2077 765,2100 691,2074 324,2070"/>
                <Baseline points="337,2099 382,2105 427,2111 471,2114 516,2117 561,2114 606,2114 650,2114 695,2114 740,2114 785,2114 830,2111 874,2111 919,2111 964,2111 1009,2111 1054,2108 1098,2108 1143,2111 1152,2111"/>
                <TextEquiv>
                    <Unicode>wots fertig gemacht werden. Und mit Briefen aus</Unicode>
                </TextEquiv>
            </TextLine>
            <TextLine id="r_22_tl_20" custom="readingOrder {index:19;}">
                <Coords points="320,2197 505,2218 1149,2197 1149,2158 1095,2152 550,2175 320,2152"/>
                <Baseline points="331,2182 376,2185 421,2191 465,2194 510,2197 555,2197 600,2197 644,2197 689,2197 734,2197 779,2197 824,2194 868,2194 913,2194 958,2191 1003,2194 1048,2191 1092,2191 1137,2191 1155,2194"/>
                <TextEquiv>
                    <Unicode>einige englische Schiffe ohnlängst von den Franzosen</Unicode>
                </TextEquiv>
            </TextLine>
            <TextLine id="r_22_tl_21" custom="readingOrder {index:20;}">
                <Coords points="337,2238 1145,2248 1130,2197 505,2216 337,2193"/>
                <Baseline points="349,2221 394,2230 438,2236 483,2239 528,2242 573,2242 618,2239 662,2239 707,2239 752,2236 797,2236 842,2236 886,2236 931,2236 976,2233 1021,2233 1066,2230 1110,2230 1149,2230"/>
                <TextEquiv>
                    <Unicode>a besagtem Cap genommen worden, blos darinnen</Unicode>
                </TextEquiv>
            </TextLine>
            <TextLine id="r_22_tl_22" custom="readingOrder {index:21;}">
                <Coords points="337,2276 1134,2289 1134,2248 1087,2240 337,2240"/>
                <Baseline points="349,2266 394,2269 438,2278 483,2278 528,2284 573,2284 618,2281 662,2281 707,2281 752,2278 797,2278 842,2278 886,2278 931,2275 976,2275 1021,2275 1066,2275 1110,2272 1140,2272"/>
                <TextEquiv>
                    <Unicode>esrehe, daß selbige mit Gewehr und Munition zun</Unicode>
                </TextEquiv>
            </TextLine>
            <TextLine id="r_22_tl_23" custom="readingOrder {index:22;}">
                <Coords points="344,2480 539,2504 1138,2489 1117,2446 550,2463 344,2437"/>
                <Baseline points="355,2469 400,2475 444,2481 489,2484 534,2487 579,2487 624,2487 668,2487 713,2487 758,2484 803,2487 848,2484 892,2484 937,2484 982,2484 1027,2481 1071,2481 1116,2484 1143,2484"/>
                <TextEquiv>
                    <Unicode>e jungsten Briefe von Paris, daß besagter Graf</Unicode>
                </TextEquiv>
            </TextLine>
            <TextEquiv>
                <Unicode></Unicode>
            </TextEquiv>
        </TextRegion>
        <TextRegion id="r_23" custom="readingOrder {index:1;}">
            <Coords points="1168,452 2080,458 2080,2699 1156,2700"/>
            <TextLine id="r_23_tl_1" custom="readingOrder {index:0;}">
                <Coords points="1173,511 2032,503 2014,438 1175,455"/>
                <Baseline points="1185,501 1230,498 1275,495 1319,495 1364,495 1409,495 1454,495 1499,495 1543,495 1588,492 1633,492 1678,492 1722,492 1767,492 1812,492 1857,492 1902,492 1946,492 1991,492 2036,492"/>
                <TextEquiv>
                    <Unicode>zum Generalcapitain und Gouverneur der englischen</Unicode>
                </TextEquiv>
            </TextLine>
            <TextLine id="r_23_tl_2" custom="readingOrder {index:1;}">
                <Coords points="352,550 2027,541 2027,498 655,522 352,483"/>
                <Baseline points="364,534 409,540 453,543 498,543 543,546 588,543 633,546 677,546 722,546 767,543 812,543 856,543 901,543 946,543 991,543 1036,543 1080,540 1125,540 1161,540 1182,540 1227,540 1272,540 1316,540 1361,537 1406,540 1451,537 1496,537 1540,537 1585,537 1630,534 1675,534 1719,537 1764,534 1809,534 1854,534 1899,534 1943,531 1988,531 2033,531"/>
                <TextEquiv>
                    <Unicode>Se. Majestät, der König, haben dem Churmärk= Provinz Senegambia, auf der Küste von Afrika er¬</Unicode>
                </TextEquiv>
            </TextLine>
            <TextLine id="r_23_tl_3" custom="readingOrder {index:2;}">
                <Coords points="320,584 2032,588 1980,535 322,535"/>
                <Baseline points="331,579 376,579 421,582 465,585 510,585 555,585 600,585 644,585 689,585 734,585 779,585 824,585 868,585 913,585 958,582 1003,582 1048,582 1092,582 1137,582 1164,582 1182,579 1227,579 1272,582 1316,582 1343,579 1361,576 1406,579 1451,579 1496,579 1540,579 1585,576 1630,576 1675,576 1719,576 1764,576 1809,576 1854,576 1899,576 1943,576 1988,576 2033,579 2036,579"/>
                <TextEquiv>
                    <Unicode>schen Krieges= und Domainenkammersecretair, Herrn nannt. Vorgestern hat der Graf von Bothmar,</Unicode>
                </TextEquiv>
            </TextLine>
            <TextLine id="r_23_tl_4" custom="readingOrder {index:3;}">
                <Coords points="1173,629 2029,629 2029,588 1943,578 1173,593"/>
                <Baseline points="1185,621 1212,621 1257,621 1301,621 1347,617 1347,617 1394,621 1439,618 1484,618 1528,618 1573,618 1618,618 1663,618 1708,615 1752,615 1797,618 1842,618 1887,618 1931,618 1976,618 2021,618 2033,621"/>
                <TextEquiv>
                    <Unicode>Envoye Extraordinair des Königl. Dänischen Hofes,</Unicode>
                </TextEquiv>
            </TextLine>
            <TextLine id="r_23_tl_5" custom="readingOrder {index:4;}">
                <Coords points="1173,672 2025,664 1995,621 1173,629"/>
                <Baseline points="1185,662 1224,662 1269,659 1313,659 1358,659 1403,659 1448,659 1493,659 1537,659 1582,659 1627,659 1672,659 1716,659 1761,659 1806,659 1851,656 1896,656 1940,656 1985,656 2030,656"/>
                <TextEquiv>
                    <Unicode>den Todesfall des Königes Friederich V. und die Ge¬</Unicode>
                </TextEquiv>
            </TextLine>
            <TextLine id="r_23_tl_6" custom="readingOrder {index:5;}">
                <Coords points="1170,711 2032,707 2032,672 1901,659 1170,672"/>
                <Baseline points="1182,701 1185,701 1230,701 1275,701 1319,701 1364,701 1409,701 1454,701 1499,701 1543,701 1588,701 1633,698 1678,698 1722,698 1767,701 1812,698 1857,698 1902,698 1946,698 1991,698 2036,698"/>
                <TextEquiv>
                    <Unicode>langung Sr. jetzt regierenden Majestät, Christian VII.</Unicode>
                </TextEquiv>
            </TextLine>
            <TextLine id="r_23_tl_7" custom="readingOrder {index:6;}">
                <Coords points="1175,749 2025,747 2014,704 1177,715"/>
                <Baseline points="1188,743 1227,743 1272,743 1316,740 1361,740 1406,743 1451,743 1496,743 1540,743 1585,743 1630,740 1675,740 1719,740 1764,740 1809,740 1854,740 1899,740 1943,740 1988,740 2033,737"/>
                <TextEquiv>
                    <Unicode>auf den Thron, dem Könige und dem Ministerio be¬</Unicode>
                </TextEquiv>
            </TextLine>
            <TextLine id="r_23_tl_8" custom="readingOrder {index:7;}">
                <Coords points="1170,795 2027,790 2027,754 1984,745 1170,754"/>
                <Baseline points="1182,785 1224,785 1269,785 1313,782 1358,782 1403,782 1448,782 1493,782 1537,785 1582,782 1627,782 1672,779 1716,782 1761,782 1806,782 1851,779 1896,779 1940,782 1985,782 2030,779"/>
                <TextEquiv>
                    <Unicode>kannt gemacht. Am Monntage erhielte der Caßier</Unicode>
                </TextEquiv>
            </TextLine>
            <TextLine id="r_23_tl_9" custom="readingOrder {index:8;}">
                <Coords points="1173,838 2025,838 2025,788 1913,777 1757,807 1173,792"/>
                <Baseline points="1185,827 1224,827 1269,824 1313,824 1358,821 1403,824 1448,824 1493,824 1537,824 1582,824 1627,824 1672,824 1716,824 1761,824 1806,821 1851,821 1896,821 1940,824 1985,824 2030,824"/>
                <TextEquiv>
                    <Unicode>der Bank von Engelland Befehl, dem Oberhause</Unicode>
                </TextEquiv>
            </TextLine>
            <TextLine id="r_23_tl_10" custom="readingOrder {index:9;}">
                <Coords points="339,872 2027,876 1976,827 593,853 339,812"/>
                <Baseline points="352,865 397,868 441,874 486,874 531,874 576,874 621,874 665,874 710,874 755,877 800,874 845,874 889,874 934,874 979,874 1024,871 1069,871 1113,871 1158,868 1161,868 1182,865 1227,868 1272,865 1316,865 1361,862 1406,865 1451,865 1496,865 1540,865 1585,865 1630,865 1675,865 1719,862 1764,862 1809,862 1854,865 1899,865 1943,862 1988,865 2033,868"/>
                <TextEquiv>
                    <Unicode>Den 2ten dieses wurden Ihro Königl. Hoheit, die am Mittwochen die Rechnungen von allem gemünz¬</Unicode>
                </TextEquiv>
            </TextLine>
            <TextLine id="r_23_tl_11" custom="readingOrder {index:10;}">
                <Coords points="316,911 2034,921 2034,872 627,893 316,859"/>
                <Baseline points="328,904 373,910 418,913 462,916 507,916 552,919 597,916 642,916 686,916 731,916 776,916 821,916 865,913 910,916 955,913 1000,913 1045,913 1089,913 1134,913 1164,910 1182,910 1188,910 1233,910 1278,907 1322,907 1367,907 1412,904 1457,907 1501,907 1546,907 1591,904 1636,904 1681,904 1725,904 1770,904 1815,904 1860,907 1905,904 1949,907 1994,907 2039,904"/>
                <TextEquiv>
                    <Unicode>Erzherzogin Maria Anna, als Aebtißin des Stifts= ten und ungemünzten Gold und Silber zu überge¬</Unicode>
                </TextEquiv>
            </TextLine>
            <TextLine id="r_23_tl_12" custom="readingOrder {index:11;}">
                <Coords points="309,949 649,981 2027,953 1909,904 309,921"/>
                <Baseline points="322,946 367,949 412,955 456,958 501,958 546,958 591,961 636,961 680,958 725,958 770,958 815,958 859,955 904,955 949,955 994,955 1039,955 1083,955 1128,955 1170,955 1182,952 1227,952 1272,949 1316,949 1361,949 1406,949 1451,946 1496,946 1540,949 1585,949 1630,946 1675,946 1719,946 1764,946 1809,946 1854,946 1899,946 1943,949 1988,946 2033,943"/>
                <TextEquiv>
                    <Unicode>ordens, des von Ihro Majestät der verwittweten ben, welches von dem Jahre 1748 bis 1766, jähr¬</Unicode>
                </TextEquiv>
            </TextLine>
            <TextLine id="r_23_tl_13" custom="readingOrder {index:12;}">
                <Coords points="309,994 2027,999 2014,953 309,949"/>
                <Baseline points="322,991 367,994 412,997 456,1000 501,1000 546,1000 591,1000 636,1000 680,1000 725,1000 770,1000 815,1000 859,1000 904,1000 949,997 994,997 1039,997 1083,994 1128,994 1167,994 1182,994 1227,994 1272,994 1316,991 1361,991 1406,988 1451,988 1496,988 1540,988 1585,988 1630,988 1675,988 1719,988 1764,988 1809,988 1854,988 1899,988 1943,988 1988,988 2033,988"/>
                <TextEquiv>
                    <Unicode>Käyserin, zu Prag in Böhmen, errichteten Kay= lich aus unsern nordamerikanischen Colonien, wie</Unicode>
                </TextEquiv>
            </TextLine>
            <TextLine id="r_23_tl_14" custom="readingOrder {index:13;}">
                <Coords points="309,1048 2027,1037 2010,994 1765,988 309,1001"/>
                <Baseline points="322,1033 367,1033 412,1039 456,1039 501,1039 546,1042 591,1042 636,1042 680,1042 725,1042 770,1042 815,1042 859,1039 904,1039 949,1039 994,1036 1039,1036 1083,1036 1128,1036 1164,1036 1176,1033 1182,1033 1227,1033 1272,1036 1316,1036 1361,1033 1406,1033 1451,1030 1496,1030 1540,1030 1585,1030 1630,1030 1675,1027 1719,1030 1764,1030 1809,1030 1854,1030 1899,1030 1943,1030 1988,1030 2033,1030"/>
                <TextEquiv>
                    <Unicode>serl. Königl. Frauenstifts, ernannt, und war deswe= auch aus Jamaica und andern englischen Inseln in</Unicode>
                </TextEquiv>
            </TextLine>
            <TextLine id="r_23_tl_15" custom="readingOrder {index:14;}">
                <Coords points="309,1082 2027,1078 1976,1033 309,1048"/>
                <Baseline points="322,1074 367,1074 412,1077 456,1080 501,1083 546,1083 591,1080 636,1083 680,1080 725,1080 770,1080 815,1080 859,1080 904,1080 949,1080 994,1077 1039,1077 1083,1077 1128,1077 1164,1077 1182,1077 1227,1074 1272,1074 1316,1074 1361,1074 1406,1074 1451,1071 1496,1071 1540,1069 1585,1069 1630,1069 1675,1069 1719,1069 1764,1069 1809,1069 1854,1069 1899,1069 1943,1071 1988,1071 2033,1069"/>
                <TextEquiv>
                    <Unicode>gen Feyerlichkeit bey Hofe. Der Feldmarschall Westindien, in besagte Bank gebracht worden, samt</Unicode>
                </TextEquiv>
            </TextLine>
            <TextLine id="r_23_tl_16" custom="readingOrder {index:15;}">
                <Coords points="1170,1127 2027,1125 2027,1078 1170,1084"/>
                <Baseline points="1182,1113 1227,1116 1272,1119 1316,1116 1361,1116 1406,1113 1451,1113 1496,1113 1540,1110 1585,1110 1630,1110 1675,1110 1719,1107 1764,1107 1809,1107 1854,1107 1899,1110 1943,1110 1988,1110 2033,1113"/>
                <TextEquiv>
                    <Unicode>der Quantität, die von jeder Colonie eingegangen,</Unicode>
                </TextEquiv>
            </TextLine>
            <TextLine id="r_23_tl_17" custom="readingOrder {index:16;}">
                <Coords points="1168,1168 1980,1168 2025,1164 2027,1123 1170,1125"/>
                <Baseline points="1179,1158 1224,1155 1269,1158 1313,1155 1358,1158 1403,1155 1448,1155 1493,1155 1537,1152 1582,1152 1627,1152 1672,1149 1716,1149 1761,1149 1806,1152 1851,1152 1896,1152 1940,1149 1985,1152 2030,1152"/>
                <TextEquiv>
                    <Unicode>und den Namen der Schiffe, worauf solches einge¬</Unicode>
                </TextEquiv>
            </TextLine>
            <TextLine id="r_23_tl_18" custom="readingOrder {index:17;}">
                <Coords points="350,1211 1785,1218 2019,1205 2021,1166 616,1185 352,1145"/>
                <Baseline points="361,1191 406,1200 450,1203 495,1206 540,1206 585,1206 630,1206 674,1206 719,1203 764,1206 809,1203 854,1203 898,1203 943,1203 988,1200 1033,1200 1077,1200 1122,1200 1164,1200 1188,1200 1218,1200 1263,1200 1307,1197 1352,1197 1397,1197 1442,1197 1487,1197 1531,1197 1576,1197 1621,1197 1666,1194 1711,1191 1755,1191 1800,1194 1845,1191 1890,1191 1934,1194 1979,1194 2024,1194"/>
                <TextEquiv>
                    <Unicode>Die neuesten spanische Briefe reden von starken führet worden. An selbigem Tage ward den Lords</Unicode>
                </TextEquiv>
            </TextLine>
            <TextLine id="r_23_tl_19" custom="readingOrder {index:18;}">
                <Coords points="307,1237 2025,1250 1986,1198 307,1194"/>
                <Baseline points="319,1233 364,1239 409,1242 453,1245 498,1245 543,1248 588,1248 633,1248 677,1248 722,1248 767,1248 812,1245 856,1245 901,1245 946,1245 991,1242 1036,1239 1080,1242 1125,1242 1161,1239 1176,1239 1179,1239 1224,1239 1269,1242 1313,1239 1358,1239 1403,1239 1448,1239 1493,1239 1537,1239 1582,1239 1627,1239 1672,1236 1716,1236 1761,1236 1806,1233 1851,1233 1896,1236 1940,1233 1985,1233 2030,1233"/>
                <TextEquiv>
                    <Unicode>Rekrutirungen; die Truppen würden auf preußischen von dem Zollcomptoir eine Rechnung von dem Wer¬</Unicode>
                </TextEquiv>
            </TextLine>
            <TextLine id="r_23_tl_20" custom="readingOrder {index:19;}">
                <Coords points="305,1295 1974,1297 2029,1252 307,1237"/>
                <Baseline points="316,1281 361,1281 406,1284 450,1284 495,1289 540,1286 585,1286 630,1286 674,1286 719,1286 764,1286 809,1286 854,1286 898,1286 943,1286 988,1284 1033,1281 1077,1281 1122,1281 1167,1281 1176,1281 1182,1281 1227,1281 1272,1281 1316,1281 1361,1281 1406,1281 1451,1281 1496,1278 1540,1281 1585,1281 1630,1281 1675,1278 1719,1278 1764,1278 1809,1278 1854,1275 1899,1278 1943,1275 1988,1278 2033,1275"/>
                <TextEquiv>
                    <Unicode>Fuß exercirt, und viele fremde Officier in Dienste the der Waaren, Güter, Manufacturen und Pro¬</Unicode>
                </TextEquiv>
            </TextLine>
            <TextLine id="r_23_tl_21" custom="readingOrder {index:20;}">
                <Coords points="305,1331 2027,1325 2010,1282 305,1295"/>
                <Baseline points="316,1325 361,1319 406,1325 450,1325 495,1328 540,1325 585,1325 630,1325 674,1325 719,1328 764,1328 809,1328 854,1328 898,1328 943,1328 988,1325 1033,1322 1077,1322 1122,1322 1161,1325 1185,1322 1230,1322 1275,1322 1319,1322 1364,1322 1409,1322 1454,1322 1499,1322 1543,1319 1588,1322 1633,1319 1678,1319 1722,1319 1767,1319 1812,1319 1857,1319 1902,1319 1946,1319 1991,1319 2033,1322"/>
                <TextEquiv>
                    <Unicode>genommen. Nachrichten aus Engelland zufolge, ducten von Großbritannien, wie auch von den aus¬</Unicode>
                </TextEquiv>
            </TextLine>
            <TextLine id="r_23_tl_22" custom="readingOrder {index:21;}">
                <Coords points="309,1372 2021,1379 1989,1325 309,1334"/>
                <Baseline points="322,1358 367,1364 412,1364 456,1364 501,1364 546,1364 591,1364 636,1367 680,1370 725,1370 770,1370 815,1370 859,1370 904,1370 949,1367 994,1364 1039,1367 1083,1367 1128,1367 1164,1364 1182,1364 1221,1364 1266,1364 1310,1364 1355,1364 1400,1364 1445,1361 1490,1364 1534,1361 1579,1361 1624,1361 1669,1364 1713,1361 1758,1358 1803,1358 1848,1358 1893,1358 1937,1358 1982,1361 2027,1361"/>
                <TextEquiv>
                    <Unicode>werden zu Portsmuth 7 Kriegsschiffe, und zu Ply= ländischen, welche seit dem 25sten December 1739</Unicode>
                </TextEquiv>
            </TextLine>
            <TextLine id="r_23_tl_23" custom="readingOrder {index:22;}">
                <Coords points="305,1407 1074,1441 1993,1417 2027,1374 307,1364"/>
                <Baseline points="316,1400 361,1403 406,1406 450,1406 495,1406 540,1406 585,1409 630,1409 674,1409 719,1412 764,1412 809,1412 854,1412 898,1412 943,1412 988,1409 1033,1409 1077,1409 1122,1409 1161,1406 1185,1406 1224,1406 1269,1406 1313,1406 1358,1403 1403,1403 1448,1403 1493,1403 1537,1403 1582,1403 1627,1403 1672,1403 1716,1400 1761,1400 1806,1400 1851,1400 1896,1400 1940,1400 1985,1400 2030,1403"/>
                <TextEquiv>
                    <Unicode>muth 9 Schiffe von der Linie und eben so viele Fre= bis den 25sten December 1765 aus diesem Reiche</Unicode>
                </TextEquiv>
            </TextLine>
            <TextLine id="r_23_tl_24" custom="readingOrder {index:23;}">
                <Coords points="1168,1452 1673,1447 1806,1473 1873,1443 1967,1480 2021,1467 2021,1411 1978,1407 1168,1419"/>
                <Baseline points="1179,1445 1221,1448 1266,1448 1310,1448 1355,1448 1400,1448 1445,1448 1490,1445 1534,1445 1579,1445 1624,1445 1669,1445 1713,1445 1758,1445 1803,1445 1848,1442 1893,1445 1937,1445 1982,1445 2027,1442"/>
                <TextEquiv>
                    <Unicode>nach den englischen Colonien in Amerika verführet</Unicode>
                </TextEquiv>
            </TextLine>
            <TextLine id="r_23_tl_25" custom="readingOrder {index:24;}">
                <Coords points="1170,1505 1301,1490 1314,1503 1583,1495 1583,1458 1503,1445 1465,1462 1411,1452 1392,1471 1327,1450 1304,1465 1170,1452"/>
                <Baseline points="1182,1487 1227,1487 1272,1487 1316,1490 1361,1490 1406,1487 1451,1487 1496,1487 1540,1487 1585,1490 1588,1490"/>
                <TextEquiv>
                    <Unicode>worden sind, übergeben.</Unicode>
                </TextEquiv>
            </TextLine>
            <TextLine id="r_23_tl_26" custom="readingOrder {index:25;}">
                <Coords points="1209,1544 2027,1538 2027,1495 1989,1480 1209,1497"/>
                <Baseline points="1221,1534 1227,1531 1272,1528 1316,1528 1361,1528 1406,1528 1451,1528 1496,1528 1540,1528 1585,1528 1630,1528 1675,1525 1719,1525 1764,1525 1809,1525 1854,1525 1899,1525 1943,1525 1988,1525 2033,1525"/>
                <TextEquiv>
                    <Unicode>Zu besserer Einsicht in das, was bey den fortdau¬</Unicode>
                </TextEquiv>
            </TextLine>
            <TextLine id="r_23_tl_27" custom="readingOrder {index:26;}">
                <Coords points="309,1576 2027,1581 2027,1535 1969,1531 509,1555 309,1523"/>
                <Baseline points="322,1567 367,1567 412,1573 456,1573 501,1576 546,1576 591,1579 636,1576 680,1579 725,1579 770,1579 815,1576 859,1576 904,1576 949,1573 994,1573 1039,1573 1083,1573 1128,1573 1164,1573 1185,1573 1227,1570 1272,1570 1316,1570 1361,1570 1406,1570 1451,1570 1496,1570 1540,1567 1585,1567 1630,1567 1675,1567 1719,1567 1764,1567 1809,1567 1854,1567 1899,1567 1943,1567 1988,1567 2033,1567"/>
                <TextEquiv>
                    <Unicode>Commißion über 200 Stück 4 bis 9pfündige Cano= renden Parlamentsseßionen in Rücksicht auf die Ame¬</Unicode>
                </TextEquiv>
            </TextLine>
            <TextLine id="r_23_tl_28" custom="readingOrder {index:27;}">
                <Coords points="1173,1621 2021,1619 2023,1574 1175,1585"/>
                <Baseline points="1185,1615 1221,1612 1266,1615 1310,1612 1355,1612 1400,1612 1445,1609 1490,1609 1534,1609 1579,1609 1624,1609 1669,1609 1713,1609 1758,1609 1803,1609 1848,1606 1893,1609 1937,1609 1982,1609 2027,1609"/>
                <TextEquiv>
                    <Unicode>rikanischen Demelees bereits gesprochen worden, oder</Unicode>
                </TextEquiv>
            </TextLine>
            <TextLine id="r_23_tl_29" custom="readingOrder {index:28;}">
                <Coords points="309,1658 2019,1662 2019,1615 1954,1611 739,1645 309,1613"/>
                <Baseline points="322,1651 367,1651 412,1657 456,1660 501,1660 546,1660 591,1657 636,1660 680,1660 725,1660 770,1660 815,1657 859,1657 904,1657 949,1657 994,1657 1039,1657 1083,1657 1128,1657 1173,1654 1218,1654 1263,1654 1307,1651 1352,1651 1397,1651 1442,1651 1487,1651 1531,1651 1576,1651 1621,1651 1666,1651 1711,1648 1755,1651 1800,1648 1845,1648 1890,1648 1934,1651 1979,1651 2024,1648"/>
                <TextEquiv>
                    <Unicode>zum Dienste der Corsen gebraucht werden sollen, noch vorkommen dürfte, ist folgendes voraus zu</Unicode>
                </TextEquiv>
            </TextLine>
            <TextLine id="r_23_tl_30" custom="readingOrder {index:29;}">
                <Coords points="1177,1701 2025,1701 2025,1660 1976,1654 1177,1660"/>
                <Baseline points="1188,1693 1224,1693 1269,1693 1313,1693 1358,1690 1403,1693 1448,1690 1493,1690 1537,1690 1582,1690 1627,1693 1672,1687 1716,1687 1761,1687 1806,1687 1851,1687 1896,1687 1940,1687 1985,1687 2030,1690"/>
                <TextEquiv>
                    <Unicode>schicken unumgänglich nöthig: Kaum war den An=</Unicode>
                </TextEquiv>
            </TextLine>
            <TextLine id="r_23_tl_31" custom="readingOrder {index:30;}">
                <Coords points="309,1735 2025,1744 2027,1701 1963,1690 311,1692"/>
                <Baseline points="322,1728 367,1731 412,1737 456,1740 501,1743 546,1743 591,1740 636,1740 680,1740 725,1740 770,1737 815,1737 859,1737 904,1737 949,1734 994,1734 1039,1734 1083,1734 1128,1734 1161,1734 1182,1734 1224,1734 1269,1731 1313,1728 1358,1728 1403,1728 1448,1728 1493,1728 1537,1728 1582,1728 1627,1728 1672,1728 1716,1725 1761,1725 1806,1725 1851,1725 1896,1728 1940,1725 1985,1728 2030,1728"/>
                <TextEquiv>
                    <Unicode>welche von den bewafneten Schiffen Sr. Majestät hängern des alten Ministerii die vermuthliche Ent¬</Unicode>
                </TextEquiv>
            </TextLine>
            <TextLine id="r_23_tl_32" custom="readingOrder {index:31;}">
                <Coords points="1170,1785 2021,1776 2023,1742 1984,1733 1173,1744"/>
                <Baseline points="1182,1773 1221,1773 1266,1773 1310,1770 1355,1770 1400,1770 1445,1770 1490,1770 1534,1770 1579,1770 1624,1770 1669,1767 1713,1767 1758,1767 1803,1767 1848,1767 1893,1767 1937,1767 1982,1770 2027,1767"/>
                <TextEquiv>
                    <Unicode>schliessung der neuen Ministers, die Stempelacte in</Unicode>
                </TextEquiv>
            </TextLine>
            <TextLine id="r_23_tl_33" custom="readingOrder {index:32;}">
                <Coords points="309,1817 2021,1825 2021,1776 1774,1765 309,1780"/>
                <Baseline points="322,1809 367,1815 412,1821 456,1824 501,1824 546,1827 591,1824 636,1824 680,1824 725,1824 770,1824 815,1824 859,1821 904,1821 949,1821 994,1818 1039,1821 1083,1818 1128,1818 1158,1821 1176,1815 1221,1815 1266,1815 1310,1812 1355,1812 1400,1812 1445,1812 1490,1809 1534,1812 1579,1812 1624,1809 1669,1809 1713,1809 1758,1809 1803,1809 1848,1809 1893,1809 1937,1809 1982,1812 2027,1812"/>
                <TextEquiv>
                    <Unicode>und Irrland gemacht worden, über 70000 Pf. St. den Amerikanischen Landen entweder abzuändern,</Unicode>
                </TextEquiv>
            </TextLine>
            <TextLine id="r_23_tl_34" custom="readingOrder {index:33;}">
                <Coords points="309,1855 2021,1858 1993,1817 1823,1812 309,1817"/>
                <Baseline points="322,1851 367,1857 412,1860 456,1866 501,1866 546,1866 591,1866 636,1866 680,1866 725,1866 770,1866 815,1866 859,1863 904,1863 949,1863 994,1863 1039,1860 1083,1860 1128,1860 1152,1860 1176,1857 1221,1857 1266,1860 1310,1857 1355,1854 1400,1857 1445,1854 1490,1854 1534,1857 1579,1851 1624,1854 1669,1854 1713,1851 1758,1851 1803,1851 1848,1851 1893,1851 1937,1851 1982,1851 2027,1851"/>
                <TextEquiv>
                    <Unicode>auf der Insel Man ist seit kurzen eine Cattundrucke, oder gar aufzuheben, zu Gehör gekommen, so wur¬</Unicode>
                </TextEquiv>
            </TextLine>
            <TextLine id="r_23_tl_35" custom="readingOrder {index:34;}">
                <Coords points="1168,1903 2021,1905 2021,1858 1890,1849 1168,1864"/>
                <Baseline points="1179,1902 1221,1899 1266,1899 1310,1899 1355,1899 1400,1896 1445,1899 1490,1896 1534,1896 1579,1896 1624,1896 1669,1896 1713,1896 1758,1893 1803,1896 1848,1893 1893,1893 1937,1896 1982,1896 2027,1893"/>
                <TextEquiv>
                    <Unicode>den sie nicht nur allein gegen dieselbe entsetzlich auf¬</Unicode>
                </TextEquiv>
            </TextLine>
            <TextLine id="r_23_tl_36" custom="readingOrder {index:35;}">
                <Coords points="324,1941 2021,1950 2023,1903 326,1901"/>
                <Baseline points="337,1934 382,1940 427,1946 471,1946 516,1949 561,1949 606,1949 650,1946 695,1946 740,1946 785,1946 830,1946 874,1946 919,1946 964,1946 1009,1943 1054,1946 1098,1943 1143,1946 1149,1943 1170,1946 1176,1946 1221,1940 1266,1940 1310,1943 1355,1940 1400,1940 1445,1940 1490,1940 1534,1937 1579,1937 1624,1937 1669,1937 1713,1934 1758,1937 1803,1934 1848,1937 1893,1937 1937,1937 1982,1937 2027,1937"/>
                <TextEquiv>
                    <Unicode>schen Küste so nöthige Waare 10 Procent wohlfeiler, gebracht, sondern sie erklärten so fort öffentlich, daß</Unicode>
                </TextEquiv>
            </TextLine>
            <TextLine id="r_23_tl_37" custom="readingOrder {index:36;}">
                <Coords points="1173,1989 2021,1984 2021,1950 1922,1943 1173,1954"/>
                <Baseline points="1185,1985 1221,1982 1266,1982 1310,1982 1355,1982 1400,1979 1445,1979 1490,1982 1534,1979 1579,1979 1624,1979 1669,1976 1713,1976 1758,1976 1803,1976 1848,1979 1893,1979 1937,1976 1982,1979 2027,1979"/>
                <TextEquiv>
                    <Unicode>dergleichen Einwilligung in die Vorstellungen der</Unicode>
                </TextEquiv>
            </TextLine>
            <TextLine id="r_23_tl_38" custom="readingOrder {index:37;}">
                <Coords points="1173,2029 2025,2034 2027,1986 1989,1982 1175,1989"/>
                <Baseline points="1185,2027 1224,2027 1269,2024 1313,2024 1358,2024 1403,2024 1448,2024 1493,2021 1537,2021 1582,2021 1627,2021 1672,2021 1716,2018 1761,2018 1806,2018 1851,2018 1896,2021 1940,2021 1985,2021 2030,2021"/>
                <TextEquiv>
                    <Unicode>Colonisten zugleich die Vorrechte der Krone und die</Unicode>
                </TextEquiv>
            </TextLine>
            <TextLine id="r_23_tl_39" custom="readingOrder {index:38;}">
                <Coords points="335,2070 2023,2070 2025,2025 1720,2017 337,2034"/>
                <Baseline points="346,2060 391,2066 435,2069 480,2072 525,2072 570,2072 615,2072 659,2072 704,2072 749,2075 794,2072 839,2072 883,2069 928,2072 973,2069 1018,2069 1063,2072 1107,2069 1152,2069 1155,2066 1176,2066 1179,2066 1224,2066 1269,2063 1313,2063 1358,2063 1403,2066 1448,2063 1493,2066 1537,2063 1582,2063 1627,2063 1672,2060 1716,2063 1761,2060 1806,2060 1851,2060 1896,2060 1940,2060 1985,2060 2030,2063"/>
                <TextEquiv>
                    <Unicode>dof über das Betragen der Franzosen zu Cap Fran= Autoritat des Großbrittannischen Parlaments in Ge¬</Unicode>
                </TextEquiv>
            </TextLine>
            <TextLine id="r_23_tl_40" custom="readingOrder {index:39;}">
                <Coords points="1168,2117 2019,2107 1997,2068 1168,2072"/>
                <Baseline points="1179,2108 1218,2105 1263,2105 1307,2105 1352,2105 1397,2105 1442,2105 1487,2108 1531,2105 1576,2105 1621,2102 1666,2102 1711,2102 1755,2102 1800,2102 1845,2102 1890,2102 1934,2105 1979,2102 2024,2102"/>
                <TextEquiv>
                    <Unicode>fahr setzen würde. Unter andern Beschwerden, die</Unicode>
                </TextEquiv>
            </TextLine>
            <TextLine id="r_23_tl_41" custom="readingOrder {index:40;}">
                <Coords points="314,2145 2025,2154 2001,2109 314,2105"/>
                <Baseline points="325,2141 370,2146 415,2149 459,2152 504,2155 549,2158 594,2155 639,2155 683,2155 728,2155 773,2155 818,2152 862,2152 907,2152 952,2152 997,2152 1042,2149 1086,2149 1131,2149 1155,2152 1176,2146 1179,2146 1224,2146 1269,2146 1313,2146 1358,2146 1403,2146 1448,2146 1493,2146 1537,2146 1582,2146 1627,2146 1672,2143 1716,2143 1761,2143 1806,2143 1851,2143 1896,2143 1940,2143 1985,2146 2030,2143"/>
                <TextEquiv>
                    <Unicode>America vernimmt man, daß die Ursachen, warum sie gegen die Amerikaner anführten, beschuldigten sie</Unicode>
                </TextEquiv>
            </TextLine>
            <TextLine id="r_23_tl_42" custom="readingOrder {index:41;}">
                <Coords points="1170,2195 2027,2195 2029,2150 1173,2158"/>
                <Baseline points="1182,2188 1224,2188 1269,2188 1313,2188 1358,2188 1403,2188 1448,2191 1493,2188 1537,2188 1582,2188 1627,2185 1672,2185 1716,2185 1761,2185 1806,2185 1851,2182 1896,2185 1940,2185 1985,2185 2030,2185"/>
                <TextEquiv>
                    <Unicode>diese Völker, daß sie seit vielen Jahren her in den</Unicode>
                </TextEquiv>
            </TextLine>
            <TextLine id="r_23_tl_43" custom="readingOrder {index:42;}">
                <Coords points="1164,2236 2021,2240 2021,2193 1963,2188 1164,2195"/>
                <Baseline points="1176,2230 1221,2230 1266,2230 1310,2230 1355,2230 1400,2230 1445,2230 1490,2230 1534,2230 1579,2230 1624,2227 1669,2227 1713,2224 1758,2227 1803,2224 1848,2227 1893,2227 1937,2227 1982,2227 2027,2224"/>
                <TextEquiv>
                    <Unicode>Hafen Europens, zum Nachtheil Engellands, Han¬</Unicode>
                </TextEquiv>
            </TextLine>
            <TextLine id="r_23_tl_44" custom="readingOrder {index:43;}">
                <Coords points="1168,2276 2021,2283 2004,2233 1168,2238"/>
                <Baseline points="1179,2272 1221,2275 1266,2272 1310,2272 1355,2272 1400,2272 1445,2272 1490,2272 1534,2272 1579,2272 1624,2269 1669,2266 1713,2266 1758,2266 1803,2266 1848,2266 1893,2266 1937,2269 1982,2269 2027,2266"/>
                <TextEquiv>
                    <Unicode>del getrieben, hingegen in ihre eigene Häfen immer¬</Unicode>
                </TextEquiv>
            </TextLine>
            <TextLine id="r_23_tl_45" custom="readingOrder {index:44;}">
                <Coords points="331,2313 1911,2326 2019,2319 2021,2285 333,2270"/>
                <Baseline points="343,2305 388,2311 432,2317 477,2320 522,2323 567,2323 612,2323 656,2323 701,2323 746,2320 791,2320 836,2320 880,2320 925,2320 970,2317 1015,2317 1060,2317 1104,2314 1149,2314 1155,2314 1179,2314 1218,2314 1263,2314 1307,2311 1352,2311 1397,2314 1442,2314 1487,2314 1531,2311 1576,2311 1621,2311 1666,2311 1711,2308 1755,2308 1800,2308 1845,2308 1890,2311 1934,2308 1979,2308 2024,2311"/>
                <TextEquiv>
                    <Unicode>Stenste der dortigen Mißvergnügten beladen gewe= fort fremde mit solchen Waaren und Manufakturen</Unicode>
                </TextEquiv>
            </TextLine>
            <TextLine id="r_23_tl_46" custom="readingOrder {index:45;}">
                <Coords points="335,2356 2021,2360 1982,2313 335,2313"/>
                <Baseline points="346,2347 391,2353 435,2358 480,2361 525,2364 570,2364 615,2364 659,2364 704,2361 749,2361 794,2361 839,2361 883,2358 928,2358 973,2358 1018,2358 1063,2356 1107,2356 1149,2356 1170,2353 1176,2353 1221,2353 1266,2356 1310,2353 1355,2353 1400,2353 1445,2356 1490,2353 1534,2353 1579,2353 1624,2353 1669,2353 1713,2353 1758,2350 1803,2350 1848,2350 1893,2350 1937,2350 1982,2350 2027,2347"/>
                <TextEquiv>
                    <Unicode>en, und die Engelländer dadurch die Mißvergnüg= befrachtete Schiffe, die sie einzig und allein aus En¬</Unicode>
                </TextEquiv>
            </TextLine>
            <TextLine id="r_23_tl_47" custom="readingOrder {index:46;}">
                <Coords points="335,2397 2021,2397 2021,2360 1950,2354 335,2356"/>
                <Baseline points="346,2385 391,2394 435,2397 480,2400 525,2403 570,2406 615,2403 659,2403 704,2403 749,2403 794,2403 839,2403 883,2400 928,2400 973,2400 1018,2400 1063,2397 1107,2397 1152,2397 1158,2397 1170,2400 1176,2400 1221,2394 1266,2394 1310,2397 1355,2394 1400,2394 1445,2394 1490,2394 1534,2394 1579,2394 1624,2394 1669,2394 1713,2391 1758,2391 1803,2391 1848,2391 1893,2391 1937,2391 1982,2391 2027,2388"/>
                <TextEquiv>
                    <Unicode>en in ihrem Aufstande gegen den Gouverneur, Gra= gelland ziehen sollen, eingelassen hätten, wobey sie¬</Unicode>
                </TextEquiv>
            </TextLine>
            <TextLine id="r_23_tl_48" custom="readingOrder {index:47;}">
                <Coords points="337,2433 2017,2442 2017,2401 1922,2394 337,2397"/>
                <Baseline points="349,2430 394,2433 438,2439 483,2442 528,2445 573,2445 618,2445 662,2445 707,2445 752,2445 797,2445 842,2445 886,2448 931,2442 976,2442 1021,2439 1066,2439 1110,2439 1146,2439 1170,2439 1215,2439 1260,2439 1304,2436 1349,2436 1394,2436 1439,2436 1484,2436 1528,2436 1573,2436 1618,2433 1663,2433 1708,2433 1752,2433 1797,2430 1842,2430 1887,2430 1931,2433 1976,2430 2021,2433"/>
                <TextEquiv>
                    <Unicode>en von Estaing unterstützet haben. Indessen melden den daher für das Königreich erlittenen Verlust auf</Unicode>
                </TextEquiv>
            </TextLine>
            <TextLine id="r_23_tl_49" custom="readingOrder {index:48;}">
                <Coords points="1158,2480 2021,2476 2001,2435 1916,2457 1158,2444"/>
                <Baseline points="1170,2478 1176,2478 1221,2478 1266,2478 1310,2475 1355,2478 1400,2475 1445,2478 1490,2478 1534,2478 1579,2475 1624,2475 1669,2475 1713,2475 1758,2475 1803,2475 1848,2472 1893,2472 1937,2469 1982,2469 2027,2472"/>
                <TextEquiv>
                    <Unicode>600000 Pfund Sterlings jährlich anschlugen. Sie</Unicode>
                </TextEquiv>
            </TextLine>
            <TextLine id="r_23_tl_50" custom="readingOrder {index:49;}">
                <Coords points="335,2519 2021,2517 1989,2476 335,2476"/>
                <Baseline points="346,2511 391,2517 435,2520 480,2523 525,2526 570,2529 615,2529 659,2529 704,2526 749,2529 794,2526 839,2526 883,2526 928,2523 973,2523 1018,2523 1063,2523 1107,2523 1152,2526 1170,2523 1176,2523 1221,2520 1266,2520 1310,2520 1355,2517 1400,2520 1445,2520 1490,2520 1534,2517 1579,2517 1624,2517 1669,2517 1713,2517 1758,2514 1803,2514 1848,2511 1893,2511 1937,2511 1982,2511 2027,2508"/>
                <TextEquiv>
                    <Unicode>destens von dem Ritter de Rohan in der Qualität entrüsteten sich gegen dieses Betragen der Amerika¬</Unicode>
                </TextEquiv>
            </TextLine>
            <TextLine id="r_23_tl_51" custom="readingOrder {index:50;}">
                <Coords points="337,2558 2021,2562 2021,2519 1963,2515 337,2521"/>
                <Baseline points="349,2550 394,2559 438,2562 483,2565 528,2568 573,2568 618,2570 662,2570 707,2568 752,2570 797,2568 842,2568 886,2565 931,2565 976,2565 1021,2565 1066,2565 1110,2565 1155,2565 1200,2562 1245,2562 1289,2562 1334,2562 1379,2559 1424,2559 1469,2559 1513,2559 1558,2559 1603,2559 1648,2559 1693,2559 1737,2556 1782,2553 1827,2553 1872,2553 1917,2553 1961,2553 2006,2556 2027,2553"/>
                <TextEquiv>
                    <Unicode>to Generalgouverneur der französischen Eylande in ner mit desto mehrerm Grunde, weil wir ihnen Prä¬</Unicode>
                </TextEquiv>
            </TextLine>
            <TextLine id="r_23_tl_52" custom="readingOrder {index:51;}">
                <Coords points="346,2603 2019,2605 2019,2562 1933,2558 803,2594 346,2566"/>
                <Baseline points="358,2594 403,2600 447,2603 492,2606 537,2609 582,2609 627,2612 671,2612 716,2609 761,2609 806,2609 851,2606 895,2606 940,2606 985,2606 1030,2606 1074,2606 1119,2606 1164,2603 1209,2603 1254,2603 1298,2603 1343,2600 1388,2600 1433,2600 1478,2600 1522,2600 1567,2600 1612,2600 1657,2600 1702,2597 1746,2594 1791,2594 1836,2594 1881,2594 1926,2594 1970,2594 2015,2597 2021,2597"/>
                <TextEquiv>
                    <Unicode>nertra abgelöset werden solle. Der Könighat dem mien auf ihre Producten setzen, und die Freyheit von</Unicode>
                </TextEquiv>
            </TextLine>
            <TextLine id="r_23_tl_53" custom="readingOrder {index:52;}">
                <Coords points="337,2659 1615,2648 1729,2689 2023,2646 1954,2596 649,2639 339,2601"/>
                <Baseline points="352,2633 397,2639 441,2645 486,2651 531,2651 576,2654 621,2654 665,2654 710,2654 755,2654 800,2654 845,2651 889,2651 934,2651 979,2651 1024,2648 1069,2651 1113,2651 1158,2648 1203,2648 1248,2648 1292,2648 1337,2645 1382,2645 1427,2645 1472,2645 1516,2642 1561,2645 1606,2642 1651,2642 1696,2639 1740,2636 1785,2636 1830,2636 1875,2636 1920,2636 1964,2636 2009,2636 2027,2636"/>
                <TextEquiv>
                    <Unicode>deestern O. Haraz, Sohn des Lords Tyrawley, den Abgaben auf verschiedenen Handlungspunkten</Unicode>
                </TextEquiv>
            </TextLine>
            <TextLine id="r_23_tl_54" custom="readingOrder {index:53;}">
                <Coords points="1911,2708 1926,2710 1948,2702 1986,2702 1991,2697 1997,2699 2008,2689 2019,2689 2019,2646 2001,2644 1982,2654 1974,2646 1961,2646 1956,2641 1943,2648 1933,2644 1911,2646"/>
                <Baseline points="1923,2681 1967,2681 2012,2681 2024,2681"/>
                <TextEquiv>
                    <Unicode>einge=</Unicode>
                </TextEquiv>
            </TextLine>
            <TextEquiv>
                <Unicode></Unicode>
            </TextEquiv>
        </TextRegion>
    </Page>
</PcGts>
