2663 3213
751 375 1287 461 "Triumph! dem kühnen Degen,
758 473 1279 553 „Dem wunderbaren Donnerer
764 562 1394 636 "In meiner reisigen Schlachtfeldgetös!
764 633 1082 713 "Eherne Tapferkeit
761 709 1334 807 "Gab ich zum Panzer dem Held.
761 820 1489 911 Nun — zerreißt wieder Jubel den Aether
758 909 1289 997 Drauf — eine feierliche Stille
761 997 1158 1068 Eines Sabbathtages —
752 1073 1322 1162 Und nun der Vater der Götter:
770 1161 1443 1241 "Wohl Preußens Könige, dem Meinen!
767 1228 1605 1301 "Umsonst tobt wider ihn der Feinde schreckliche
1232 1299 1344 1379 Rotte,
761 1382 1123 1453 "In meine Allmacht
769 1467 1143 1548 "Sichert er sich hin -
761 1539 1450 1610 „Ihr wißt's, ihr Götter und Göttinnen!
764 1631 1141 1706 "Wie Trotzer frevelich
770 1711 1613 1783 "Selbst wider Mich sich empörten und Ossa auf
1149 1791 1441 1868 Peleon thürmten
770 1876 1434 1941 "Bis in die Regionen des Donners;
774 1959 1373 2030 Da aber ergrif sie mein Feldherr,
774 2022 1485 2114 "Und stürzte blitzend in Abgrund sie hin -
767 2122 1567 2211 So Friederich, auch deinen Hassern!
1733 384 2473 450 So wie nun unsre Leser hieraus unser gefälltes
1635 406 2475 508 Urtheil über dieses Quodlibet rechtfertigen werden,
1641 491 2474 547 so müssen wir uns selbst eines kleinen in der Recen¬
1639 538 2478 587 sion begangnen Fehlers wegen entschuldigen. Wir
1639 585 2473 646 haben nemlich nach der Zeit erfahren, daß der Ver¬
1632 634 2476 694 fasser mit dieser Ode nicht den ersten metrisirten Ein,
1636 679 2470 757 tritt in die Welt gewagt, sondern bereits im vorigen
1640 728 2470 785 Jahre auf eben diese Weise den Geburtstag des Kö
1640 780 1994 868 niges entheiliget habe.
1731 863 2478 915 Uebrigens bezeugen wir hiemit dem Herrn Pro¬
1635 901 2481 960 fessor L — welcher gegen uns seine höchste Unzufrie¬
1635 961 2479 1017 denheit über dieses Pindarisiren geäußert, unsre auf¬
1636 1009 2484 1061 richtige Hochachtung, und antworten den linkswitzi¬
1640 1058 2482 1116 gen Vertheidigern des kleinen Dircäischen Schwans,
1639 1111 2478 1168 deren Zorn, um uns eines ächten Odenausdrucks
1635 1159 2488 1223 eben dieses Verfassers von A. 1765 zu bedienen, mit
1642 1200 1976 1280 Feureifer brodirt ist.
1719 1267 2373 1350 OImitatores, servum pecus — mihi
1764 1339 2406 1403 saepe jocum vestri movere tumultus
1987 1394 2473 1467 HoR. L.(I. Ep. XIX. v. 19. 20.
1678 1491 2475 1574 Genug. Es giebt gewisse Leute denen man, ohne
1639 1559 2478 1621 sich nachtheilig zu werden, ein Privilegium, alles zu
1644 1606 2478 1667 sagen, geben kann — Wir ertheilen dieses dem Ver¬
1636 1652 2475 1705 fasser und seinen Anhängern, und versichern unsre Le=
1644 1703 2482 1765 ser, daß wir sie über diese Materie, die ohnedem ganz
1640 1761 2484 1807 unter Uns ist, auch in keiner Beylage mehr unter¬
1645 1800 2474 1864 halten wollen. Damit indessen Herr B — auf seine
1647 1850 2475 1911 Panegyristen, zu seinem völligen Verderben, nicht zu
1639 1896 2473 1957 stolz werden möge, so mag er die Gellertsche Lehre tie
1636 1933 2004 2008 in sein Herz schreiben:
1722 2004 2324 2080 Wenn deine Schrift dem Kenner nicht gefällt
1722 2067 2257 2130 So ist es schon ein schlimmes Zeichen;
1722 2118 2279 2183 Doch wenn sie gar der Narren Lob erhält
1726 2155 2160 2229 So ist es Zeit sie auszustreichen.
