2663 3213
765 425 1628 515 Briefe ist ein reissender Strom, eine lebhafte Phan=
765 500 1621 550 tasie, Feuer und Affekt herrschen darin; nur möchte
771 548 1628 597 man ihnen den Ueberfluß an Empfindungen, die noch
765 588 1621 638 dazu ziemlich einförmig oft wiederkehren, eben so
760 629 1621 683 gut vorwerfen, als der Verfasser in seiner Zuschrift
765 672 1621 717 an Mad. C.. welche sonst sehr einnehmend ist, den
767 711 1624 760 Ovid wegen des Ueberflusses der Bilder in seinen
765 743 1621 799 Heroiden tadelt. Man wird vielleicht eben diesen
773 840 1619 883 sind dulcia vitia, und in dem Geschmack des Thea¬
765 876 1621 928 ters dieser Nation. Ueberhaupt hat der erste Brief
773 921 1615 975 starkere Gedanken und der andere mehr Mahlerey
765 996 1626 1050 Witzes, die für den Affekt zu kalt sind. Das Ganze
767 1087 915 1136 ren -
962 1082 1619 1158 Kostet in den Kanterschen Buchhandlun=
767 1112 958 1203 gen 21 gr.
1112 1248 1284 1329 Berlin.
805 1310 1621 1402 Allgemeine deutsche Bibliothek, bey F. Nicolai,
765 1346 1364 1432 1765. Erster Band, 1. 2. Stück.
822 1407 1621 1473 Man hat in der Sehkunst Gläser, welche die
765 1437 1619 1512 Strahlen in einen Brennpunkt zusammenbringen,
760 1508 1619 1555 und andre, die sie zerstreuen, um das Licht über ei¬
758 1550 1619 1596 ne weitere Fläche auszubreiten. Hiemit könnte man
758 1585 2476 1647 unsre gelehrte Zeitungen vergleichen, davon einige Lehrbuch bekömmt einen sehr weitläuftigen Auszug
758 1632 1619 1677 nur Bibliotheken für schöne Wissenschaften und ge
756 1666 1621 1718 wisse Felder der Gelehrsamkeit liefern, andre aber
758 1718 1615 1780 sich über die ganze Litteratur erstrecken, und das all¬
760 1759 1619 1808 gemeine Feld beleuchten. Von der letztern Art soll
758 1802 1615 1840 diese Bibliothek seyn, die dem Verleger desto ein¬
760 1840 1617 1886 träglicher seyn kann, da nicht allein Belletristen und
760 1870 1613 1924 Humanisten, (ein Paar neue Arten und Namen
767 1922 2472 1969 von Köpfen in isten, sondern auch Theologen, Ju: ins Griechische übersetzt sey. Die Hypothese der
767 1963 1606 2012 risten, Aerzte und Philosolphen solche Nachrichten
760 2008 1613 2051 sich anzuschaffen gereitzet werden. Freilich wünschte
758 2051 1615 2098 man in einem Journal alle Artikel des Reiches der
758 2092 1615 2141 Gelehrsamkeit und alle Scenen dieses weitläuftigen
765 2124 1606 2180 Staats zu überschauen, aber welcher Merkur kann
762 2165 1606 2216 dies alles bestreiten? Non omnia possumus omnes.
760 2214 1611 2266 Der Verleger hat eine Anzahl von Gelehrten bey
758 2255 1613 2304 seiner Arbeit, und er glaubt bey diesem Zusammen¬
760 2300 1611 2345 fluß nicht das Urtheil einer einzigen Stadt, sondern
758 2339 1611 2382 Stimmen aus verschiedenen Provinzen des Vater¬
760 2377 1606 2427 landes gesammlet erschallen zu lassen. Aber er will
758 2427 1611 2478 auch dagegen nicht für die Ungleichheit der Schreib-
752 2463 1608 2510 art und der Meynungen haften. So recht! Der
756 2508 1613 2556 Scepticismus mag den Leser selbst auf die Wahrheit
760 2547 1606 2594 seines Urtheils führen, und in der Ungewißheit des
754 2594 1602 2646 Orakels entscheide er nach seinem eigenen Gefühl.
749 2629 1606 2689 Wir dürften jetzt nur 20 und etliche Titel von recen-
1658 434 2498 518 sirten Büchern überdem noch Nachrichten aus allen
1651 503 2500 552 Theilen der Gelehrsamkeit hinsetzen, so wäre unser
1658 545 2493 593 Blatt gefüllt. Allein wir wollen für unsre Leser lief
1647 586 2493 636 ber der vornehmsten darinnen auftretenden Werke
1651 634 2493 698 und ihrer Beurtheilungen erwähnen. Man gehet
1651 672 2493 734 die neue Auflage von Spaldings Gedanken über
1651 715 2491 767 den Werth des Gefühl im Christenthum durch, und
1651 756 2493 805 ist nicht zufrieden, daß der Verfasser die Wirkung
771 795 2491 844 Fehler in dem Brief der Zeila bemerken. Allein es des Geistes Gottes auf den Menschen durch das
1647 840 2493 885 Gewissen hier weggelassen worden. Reiskens Re=
1654 885 2491 936 den des Demosthenes und Aeschines verfehlen in
1654 926 2500 966 der Uebersetzung die Weinheit und den Charakter des
769 969 2493 1011 mehr Antithesen und auch wohl einige Spiele des Origitals besonders in niedrigen Ausdrücken. Der
1647 1011 2493 1061 paradoxe Basedow hätte in seinem methodischen Un=
767 1046 2487 1093 ist dem Ton solcher Briefe gemäß, und muß rüh- terricht der biblischen Religion nicht sich selbst ver-
1643 1091 2500 1149 wirren, Vernunft und Offenbarung besser unterschei¬
1643 1136 2489 1209 den, und eigentlich die Jugend mehr unterrichten als
1636 1177 2495 1224 Kirchenlehren bestreiten sollen. Damms Uebersel
1645 1220 2483 1261 tzung der philosophischen Reden oder vielmehr Ab=
1643 1261 2489 1304 handlungen des Max. Tyrius bezeugt, daß man den
1651 1306 2493 1351 Genius der Griechischen Sprache wissen und ihn
1639 1346 2485 1387 nicht in seine Muttersprache übertragen kann. Die
1643 1385 2487 1437 Briefe zur Bildung des Geschmacks werden besser
1643 1430 2483 1469 aufgenommen als sonst. Wenn man zweifelt, ob
1643 1467 2478 1518 der Charakter der Briefe überall beobachtet, so möch
1641 1510 2485 1561 ten wir zweifeln, ob der Ausspruch allgemein sey,
1645 1550 2485 1604 daß kein Jesuit ein guter Dichter gewesen? Tellers
1643 1636 2485 1697 und ein sehr glimpfliches Urtheil, doch wird mehrere
1647 1671 2483 1720 Prüfung dem Verfasser angerathen. Michaelis
1645 1720 2480 1770 Plan des Briefes an die Ebräer wird bestätigt, daß
1643 1763 2491 1804 der Apostel darin den Vorzug der christlichen von der
1639 1802 2485 1853 jüdischen Religion zeigen wolle, doch ist man nicht
1639 1845 2487 1892 ganz davon überzeugt, ob dieser Brief vom Paulus
1636 1888 2483 1928 ebräisch geschrieben, von einem bessern Stilisten aber
1636 1961 2476 2017 Herrn Töllners, warum Gott die Offenbarung nicht
1636 2010 2467 2057 mit augenscheinlichen Beweisen versehen hat, wir
1639 2055 2474 2102 als zu gewagt beurtheilt. Die Abhandlungen über
1639 2092 2470 2160 die Evidenz in metaphysischen Wissenschaften wer-
1636 2137 2467 2182 den sehr gründlich zergliedert, und die erste als di
1643 2173 2478 2223 Preisschrift am tiefsinnigsten gefunden. Calvörs
1639 2216 2470 2266 Schrift vom Maschinenwesen und den Hülfsmitteln
1634 2253 2463 2319 bey dem Bergbau auf dem Oberharz macht Deutsch
1630 2291 2472 2347 land Ehre. An dem Prediger und Zuhörer tadelte
1634 2345 2472 2409 man nicht sowohl den Inhalt als die hervorblickende
1628 2388 2467 2429 Kathedersprache. Der Herr Marq. d'Argens in
1630 2422 2476 2487 seiner Vertheidigung des Julians ist so wenig an¬
1634 2470 2476 2538 thentik, als in der französischen Uebersetzung der
1634 2510 2470 2568 griechischen Schriften dieses Kaisers. Klotzens
1628 2553 2465 2611 Briefe über den Homer sind voll Anmuth und ge=
1630 2586 2467 2652 nauer Einsicht. Schade, heißt es, daß dieser Ge=
1626 2629 2463 2699 lehrte nicht deutsch schreibt. Ja Schade! denn das
2345 2676 2446 2740 schönst
