<?xml version="1.0" encoding="UTF-8" standalone="yes"?>
<PcGts xmlns="http://schema.primaresearch.org/PAGE/gts/pagecontent/2013-07-15" xmlns:xsi="http://www.w3.org/2001/XMLSchema-instance" xsi:schemaLocation="http://schema.primaresearch.org/PAGE/gts/pagecontent/2013-07-15 http://schema.primaresearch.org/PAGE/gts/pagecontent/2013-07-15/pagecontent.xsd">
    <Metadata>
        <Creator>prov=READ-COOP:name=PyLaia@TranskribusPlatform:version=2.15.0:model_id=39995:lm=none:date=29_07_2024_16:05</Creator>
        <Created>2024-07-29T15:37:08.479+02:00</Created>
        <LastChange>2024-07-29T16:05:21.916+02:00</LastChange>
        <TranskribusMetadata docId="3478655" pageId="75772791" pageNr="3" tsid="179943534" status="IN_PROGRESS" userId="222699" imgUrl="https://files.transkribus.eu/Get?id=WJYJGPKTALBWPDUZEXDJNBPE&amp;fileType=view" xmlUrl="https://files.transkribus.eu/Get?id=AYYIFWOZCEUTLHEQSWLZMCBE" imageId="61504714"/>
    </Metadata>
    <Page imageFilename="75772791.jpg" imageWidth="2479" imageHeight="3213">
        <ReadingOrder>
            <OrderedGroup id="ro_1722261921918" caption="Regions reading order">
                <RegionRefIndexed index="0" regionRef="r_26"/>
                <RegionRefIndexed index="1" regionRef="r_27"/>
                <RegionRefIndexed index="2" regionRef="r_39"/>
                <RegionRefIndexed index="3" regionRef="r_38"/>
            </OrderedGroup>
        </ReadingOrder>
        <TextRegion id="r_26" custom="readingOrder {index:0;}">
            <Coords points="317,423 1211,429 1211,1208 317,1208"/>
            <TextLine id="r_26_tl_1" custom="readingOrder {index:0;}">
                <Coords points="329,478 1198,484 1198,428 1157,413 1096,445 943,417 744,443 601,400 439,437 329,413"/>
                <Baseline points="340,465 385,465 429,468 474,468 519,471 564,474 609,474 653,474 698,477 743,477 788,477 833,477 877,477 922,477 967,477 1012,477 1057,477 1101,477 1146,477 1191,477 1203,480"/>
                <TextEquiv>
                    <Unicode>Jn der Beschreibung des 6ten Schöpfungtages hat</Unicode>
                </TextEquiv>
            </TextLine>
            <TextLine id="r_26_tl_2" custom="readingOrder {index:1;}">
                <Coords points="331,528 2070,532 2070,487 1968,480 331,480"/>
                <Baseline points="343,510 388,510 432,510 477,513 522,513 567,516 612,516 656,516 701,516 746,519 791,519 836,516 880,519 925,519 970,516 1015,519 1060,519 1104,519 1149,519 1194,519 1239,519 1284,516 1328,516 1373,516 1418,516 1463,516 1507,516 1552,516 1597,516 1642,516 1687,516 1731,516 1776,516 1821,516 1866,516 1911,516 1955,516 2000,516 2045,516 2072,513"/>
                <TextEquiv>
                    <Unicode>sich der Verfasser selbst übertroffen — er führt ein cherlichen und Ungeschickten dieses Gedichts zehn von</Unicode>
                </TextEquiv>
            </TextLine>
            <TextLine id="r_26_tl_3" custom="readingOrder {index:2;}">
                <Coords points="337,558 2065,571 2065,530 2000,523 337,519"/>
                <Baseline points="349,549 394,552 438,555 483,558 528,558 573,558 618,561 662,561 707,561 752,564 797,561 842,564 886,564 931,561 976,564 1021,564 1066,564 1110,564 1155,564 1200,561 1245,558 1289,558 1334,555 1379,558 1424,558 1469,558 1513,558 1558,558 1603,558 1648,555 1693,558 1737,558 1782,558 1827,558 1872,558 1917,558 1961,558 2006,558 2051,558 2069,555"/>
                <TextEquiv>
                    <Unicode>ansehnliches Verzeichniß von Thieren an, p. 98. steht: unsern Blättern anfüllen würde. Der Plan ist zu¬</Unicode>
                </TextEquiv>
            </TextLine>
            <TextLine id="r_26_tl_4" custom="readingOrder {index:3;}">
                <Coords points="359,642 1194,623 1194,575 997,571 943,599 910,573 359,575"/>
                <Baseline points="370,606 415,609 459,612 504,612 549,612 594,615 639,615 683,618 728,618 773,618 818,618 862,618 907,615 952,615 997,618 1042,615 1086,615 1131,618 1176,615 1200,612"/>
                <TextEquiv>
                    <Unicode>Da schleicht der listige Fuchs. Nun starrt er als wär er ent¬</Unicode>
                </TextEquiv>
            </TextLine>
            <TextLine id="r_26_tl_5" custom="readingOrder {index:4;}">
                <Coords points="352,683 1168,698 1168,655 1107,647 352,638"/>
                <Baseline points="364,671 409,674 453,677 498,677 543,680 588,680 633,683 677,683 722,683 767,683 812,683 856,683 901,686 946,683 991,686 1036,686 1080,683 1125,683 1170,686 1173,686"/>
                <TextEquiv>
                    <Unicode>um die sorglosen Gänse zu fahen, und schnell zu zerreissen.</Unicode>
                </TextEquiv>
            </TextLine>
            <TextLine id="r_26_tl_6" custom="readingOrder {index:5;}">
                <Coords points="340,737 625,781 1181,750 1181,701 1153,696 820,694 791,718 340,679"/>
                <Baseline points="352,725 397,731 441,734 486,737 531,737 576,740 621,740 665,740 710,743 755,743 800,743 845,743 889,743 934,743 979,743 1024,743 1069,740 1113,740 1158,740 1185,743"/>
                <TextEquiv>
                    <Unicode>und p. 102. erschafft er den Menschen auf eine gan</Unicode>
                </TextEquiv>
            </TextLine>
            <TextLine id="r_26_tl_7" custom="readingOrder {index:6;}">
                <Coords points="340,800 355,804 387,785 398,796 413,794 435,783 458,800 471,794 502,804 500,750 487,753 463,735 426,748 409,740 391,746 370,735 363,742 337,737"/>
                <Baseline points="349,773 394,773 438,776 483,779 507,779"/>
                <TextEquiv>
                    <Unicode>neue Art:</Unicode>
                </TextEquiv>
            </TextLine>
            <TextLine id="r_26_tl_8" custom="readingOrder {index:7;}">
                <Coords points="363,833 1155,843 1155,781 960,766 363,794"/>
                <Baseline points="376,827 421,827 465,830 510,830 555,833 600,836 644,836 689,836 734,839 779,839 824,836 868,836 913,836 958,836 1003,836 1048,839 1092,836 1137,836 1161,836"/>
                <TextEquiv>
                    <Unicode>Nach der halbstündigen Stille, die sie der Sottheit gefeyret</Unicode>
                </TextEquiv>
            </TextLine>
            <TextLine id="r_26_tl_9" custom="readingOrder {index:8;}">
                <Coords points="361,871 1185,882 1185,846 1155,839 361,837"/>
                <Baseline points="373,859 418,862 462,862 507,865 552,865 597,868 642,868 686,871 731,871 776,871 821,871 865,871 910,871 955,871 1000,871 1045,871 1089,871 1134,871 1179,871 1191,871"/>
                <TextEquiv>
                    <Unicode>Befnet die Ssäule sich oben in prächtig slammenden Streifen</Unicode>
                </TextEquiv>
            </TextLine>
            <TextLine id="r_26_tl_10" custom="readingOrder {index:9;}">
                <Coords points="361,906 586,945 662,917 1181,921 1181,882 1075,874 361,871"/>
                <Baseline points="373,898 418,898 462,901 507,901 552,904 597,904 642,907 686,907 731,907 776,910 821,907 865,907 910,904 955,907 1000,907 1045,907 1089,910 1134,907 1179,907 1185,904"/>
                <TextEquiv>
                    <Unicode>Die als ein glühender Gürtel den Sohn auf dem Gipfel um</Unicode>
                </TextEquiv>
            </TextLine>
            <TextLine id="r_26_tl_11" custom="readingOrder {index:10;}">
                <Coords points="856,952 1034,943 1034,921 1010,923 1001,915 949,919 926,910 889,919 880,913 856,915"/>
                <Baseline points="868,943 904,940 949,940 994,940 1039,937"/>
                <TextEquiv>
                    <Unicode>fassen rc.</Unicode>
                </TextEquiv>
            </TextLine>
            <TextLine id="r_26_tl_12" custom="readingOrder {index:11;}">
                <Coords points="363,1001 1170,1034 1153,982 729,995 363,960"/>
                <Baseline points="376,994 421,1000 465,1003 510,1006 555,1006 600,1006 644,1009 689,1009 734,1012 779,1012 824,1012 868,1009 913,1009 958,1009 1003,1009 1048,1009 1092,1009 1137,1009 1173,1012"/>
                <TextEquiv>
                    <Unicode>So rief der liebende Sohn, und schnell enthüllte die Säule</Unicode>
                </TextEquiv>
            </TextLine>
            <TextLine id="r_26_tl_13" custom="readingOrder {index:12;}">
                <Coords points="361,1051 394,1062 474,1047 493,1060 515,1044 649,1068 677,1055 711,1077 755,1049 791,1055 791,1016 474,1006 461,1019 359,999"/>
                <Baseline points="373,1033 418,1033 462,1039 507,1042 552,1042 597,1042 642,1045 686,1045 731,1045 776,1045 797,1048"/>
                <TextEquiv>
                    <Unicode>Adam, das schönste Geschöpf rc.</Unicode>
                </TextEquiv>
            </TextLine>
            <TextLine id="r_26_tl_14" custom="readingOrder {index:13;}">
                <Coords points="337,1094 1192,1114 1189,1073 1088,1032 1055,1055 852,1034 709,1077 335,1034"/>
                <Baseline points="349,1086 394,1089 438,1089 483,1095 528,1098 573,1098 618,1101 662,1101 707,1101 752,1101 797,1101 842,1101 886,1098 931,1101 976,1098 1021,1098 1066,1098 1110,1098 1155,1098 1197,1101"/>
                <TextEquiv>
                    <Unicode>Der Schöpfer hält bey allem was aus seinen Händen</Unicode>
                </TextEquiv>
            </TextLine>
            <TextLine id="r_26_tl_15" custom="readingOrder {index:14;}">
                <Coords points="340,1137 1192,1157 1163,1107 463,1118 340,1090"/>
                <Baseline points="352,1128 397,1131 441,1137 486,1137 531,1140 576,1140 621,1143 665,1143 710,1143 755,1143 800,1143 845,1143 889,1143 934,1143 979,1143 1024,1143 1069,1143 1113,1143 1158,1143 1197,1143"/>
                <TextEquiv>
                    <Unicode>rommt, nach Herrn Hudeman, eine kleine Anrede</Unicode>
                </TextEquiv>
            </TextLine>
            <TextLine id="r_26_tl_16" custom="readingOrder {index:15;}">
                <Coords points="337,1185 543,1207 562,1189 781,1192 781,1157 763,1150 491,1155 337,1135"/>
                <Baseline points="349,1173 394,1176 438,1179 483,1182 528,1182 573,1185 618,1185 662,1182 707,1185 752,1185 785,1182"/>
                <TextEquiv>
                    <Unicode>an die umstehenden Engel</Unicode>
                </TextEquiv>
            </TextLine>
            <TextEquiv>
                <Unicode></Unicode>
            </TextEquiv>
        </TextRegion>
        <TextRegion id="r_27" custom="readingOrder {index:1;}">
            <Coords points="1211,429 2120,435 2127,1208 1211,1208"/>
            <TextLine id="r_27_tl_1" custom="readingOrder {index:0;}">
                <Coords points="1252,484 2072,489 2050,426 1252,426"/>
                <Baseline points="1263,471 1307,474 1352,474 1397,474 1442,474 1487,474 1531,471 1576,474 1621,474 1666,474 1711,474 1755,474 1800,474 1845,474 1890,474 1934,474 1979,474 2024,474 2069,474 2078,474"/>
                <TextEquiv>
                    <Unicode>Wir wollen schließen, weil ein Zehntheil des Lä¬</Unicode>
                </TextEquiv>
            </TextLine>
            <TextLine id="r_27_tl_2" custom="readingOrder {index:1;}">
                <Coords points="1213,610 2067,612 2067,569 1974,564 1213,567"/>
                <Baseline points="1224,603 1266,600 1310,600 1355,600 1400,600 1445,600 1490,600 1534,600 1579,600 1624,597 1669,600 1713,600 1758,600 1803,603 1848,600 1893,600 1937,600 1982,600 2027,600 2072,600"/>
                <TextEquiv>
                    <Unicode>sammengeflickt, und die Lappen schleppen so zu</Unicode>
                </TextEquiv>
            </TextLine>
            <TextLine id="r_27_tl_3" custom="readingOrder {index:2;}">
                <Coords points="1207,655 2063,657 2063,614 1994,603 1793,629 1652,599 1574,623 1207,610"/>
                <Baseline points="1218,642 1263,642 1307,642 1352,642 1397,639 1442,639 1487,642 1531,644 1576,642 1621,639 1666,642 1711,642 1755,642 1800,647 1845,644 1890,642 1934,642 1979,642 2024,642 2069,642"/>
                <TextEquiv>
                    <Unicode>sagen hinten nach. Klären, geschnellen,</Unicode>
                </TextEquiv>
            </TextLine>
            <TextLine id="r_27_tl_4" custom="readingOrder {index:3;}">
                <Coords points="1207,694 2070,694 2070,655 2026,649 1207,653"/>
                <Baseline points="1218,683 1263,680 1307,680 1352,680 1397,680 1442,683 1487,683 1531,683 1576,683 1621,683 1666,680 1711,680 1755,680 1800,683 1845,683 1890,683 1934,683 1979,683 2024,683 2069,683 2072,683"/>
                <TextEquiv>
                    <Unicode>strampfen, zerspleißen - sind Herrn Hude¬</Unicode>
                </TextEquiv>
            </TextLine>
            <TextLine id="r_27_tl_5" custom="readingOrder {index:4;}">
                <Coords points="1209,729 2061,740 2061,694 1951,686 1209,696"/>
                <Baseline points="1221,725 1266,722 1310,722 1355,725 1400,722 1445,722 1490,722 1534,722 1579,722 1624,722 1669,725 1713,722 1758,725 1803,725 1848,725 1893,725 1937,725 1982,725 2027,722 2066,725"/>
                <TextEquiv>
                    <Unicode>mann gewöhnliche Wörter, wem gefällt nicht des</Unicode>
                </TextEquiv>
            </TextLine>
            <TextLine id="r_27_tl_6" custom="readingOrder {index:5;}">
                <Coords points="1207,774 2061,778 2061,737 1990,727 1845,750 1207,731"/>
                <Baseline points="1218,764 1263,764 1307,764 1352,764 1397,764 1442,764 1487,764 1531,767 1576,767 1621,767 1666,767 1711,767 1755,767 1800,770 1845,770 1890,767 1934,767 1979,767 2024,767 2066,767"/>
                <TextEquiv>
                    <Unicode>Baches kühlungduftendes Rauschen.</Unicode>
                </TextEquiv>
            </TextLine>
            <TextLine id="r_27_tl_7" custom="readingOrder {index:6;}">
                <Coords points="1207,817 2061,813 2061,778 2026,768 1207,774"/>
                <Baseline points="1218,803 1263,806 1307,806 1352,806 1397,806 1442,806 1487,806 1531,806 1576,806 1621,806 1666,806 1711,809 1755,809 1800,809 1845,809 1890,809 1934,809 1979,809 2024,809 2066,809"/>
                <TextEquiv>
                    <Unicode>Lucifer möchte gern seinen Karakter äussern, allein</Unicode>
                </TextEquiv>
            </TextLine>
            <TextLine id="r_27_tl_8" custom="readingOrder {index:7;}">
                <Coords points="1213,859 2057,856 2057,813 1213,815"/>
                <Baseline points="1224,848 1269,848 1313,848 1358,848 1403,848 1448,845 1493,848 1537,848 1582,848 1627,848 1672,848 1716,851 1761,851 1806,851 1851,851 1896,851 1940,851 1985,851 2030,851 2063,851"/>
                <TextEquiv>
                    <Unicode>das Gehirn des Verfassers ist ein gefährlicher Canal,</Unicode>
                </TextEquiv>
            </TextLine>
            <TextLine id="r_27_tl_9" custom="readingOrder {index:8;}">
                <Coords points="1209,900 2063,902 2033,856 1209,856"/>
                <Baseline points="1221,892 1263,889 1307,889 1352,889 1397,889 1442,886 1487,886 1531,886 1576,889 1621,892 1666,889 1711,892 1755,892 1800,892 1845,892 1890,892 1934,892 1979,892 2024,892 2069,889"/>
                <TextEquiv>
                    <Unicode>der allem was durch ihn gehen muß, Geist und Le¬</Unicode>
                </TextEquiv>
            </TextLine>
            <TextLine id="r_27_tl_10" custom="readingOrder {index:9;}">
                <Coords points="1209,945 2052,952 2052,897 1209,900"/>
                <Baseline points="1221,931 1266,931 1310,931 1355,931 1400,928 1445,928 1490,928 1534,928 1579,931 1624,931 1669,934 1713,931 1758,934 1803,934 1848,934 1893,934 1937,934 1982,934 2027,937 2057,934"/>
                <TextEquiv>
                    <Unicode>ben raubt — und doch hat Herr Hudeman nach p.8</Unicode>
                </TextEquiv>
            </TextLine>
            <TextLine id="r_27_tl_11" custom="readingOrder {index:10;}">
                <Coords points="361,960 2067,982 2009,939 361,917"/>
                <Baseline points="373,958 418,964 462,967 507,970 552,970 597,973 642,973 686,973 731,973 776,976 821,973 865,973 910,973 955,973 1000,973 1045,973 1089,973 1134,973 1179,976 1194,979 1215,976 1260,976 1304,973 1349,973 1394,973 1439,970 1484,970 1528,970 1573,973 1618,973 1663,973 1708,973 1752,976 1797,976 1842,973 1887,976 1931,976 1976,976 2021,979 2066,979 2072,976"/>
                <TextEquiv>
                    <Unicode>Erster der Menschen erscheine, nach unserm Bilde geschaffen re der Vorrede den Verfasser des Meßias gerügt</Unicode>
                </TextEquiv>
            </TextLine>
            <TextLine id="r_27_tl_12" custom="readingOrder {index:11;}">
                <Coords points="1200,1025 2063,1040 2063,984 1200,984"/>
                <Baseline points="1212,1018 1218,1018 1263,1015 1307,1018 1352,1015 1397,1015 1442,1015 1487,1012 1531,1012 1576,1012 1621,1012 1666,1015 1711,1015 1755,1018 1800,1015 1845,1018 1890,1018 1934,1018 1979,1018 2024,1018 2069,1015"/>
                <TextEquiv>
                    <Unicode>weil er vieles Anstößige nicht vermie¬</Unicode>
                </TextEquiv>
            </TextLine>
            <TextLine id="r_27_tl_13" custom="readingOrder {index:12;}">
                <Coords points="1207,1077 1332,1060 1380,1079 1693,1075 1708,1025 1209,1027"/>
                <Baseline points="1218,1060 1263,1060 1307,1060 1352,1057 1397,1057 1442,1054 1487,1054 1531,1054 1576,1054 1621,1054 1666,1054 1711,1057"/>
                <TextEquiv>
                    <Unicode>den. Risum teneatis amici.</Unicode>
                </TextEquiv>
            </TextLine>
            <TextLine id="r_27_tl_14" custom="readingOrder {index:13;}">
                <Coords points="1239,1155 2061,1166 2061,1112 1935,1112 1897,1081 1239,1103"/>
                <Baseline points="1251,1146 1295,1143 1340,1143 1385,1143 1430,1143 1475,1143 1519,1143 1564,1143 1609,1140 1654,1140 1699,1143 1743,1143 1788,1143 1833,1143 1878,1143 1923,1143 1967,1143 2012,1146 2057,1146 2066,1149"/>
                <TextEquiv>
                    <Unicode>Kostet in den Kanterschen Buchhandlungen 15 gr.</Unicode>
                </TextEquiv>
            </TextLine>
            <TextEquiv>
                <Unicode></Unicode>
            </TextEquiv>
        </TextRegion>
        <TextRegion id="r_39" custom="readingOrder {index:2;}">
            <Coords points="1205,2761 317,2761 317,1208 1205,1208"/>
            <TextLine id="r_39_tl_1" custom="readingOrder {index:0;}">
                <Coords points="508,1282 547,1295 1003,1287 1003,1241 508,1246"/>
                <Baseline points="519,1278 564,1278 609,1281 653,1281 698,1281 743,1281 788,1281 833,1281 877,1281 922,1281 967,1278 1009,1281"/>
                <TextEquiv>
                    <Unicode>Hamburg. vom 21. Febr.</Unicode>
                </TextEquiv>
            </TextLine>
            <TextLine id="r_39_tl_2" custom="readingOrder {index:1;}">
                <Coords points="335,1354 603,1382 1187,1367 1168,1328 504,1336 335,1302"/>
                <Baseline points="346,1346 391,1352 435,1355 480,1358 525,1358 570,1364 615,1364 659,1364 704,1364 749,1364 794,1361 839,1364 883,1361 928,1361 973,1361 1018,1361 1063,1361 1107,1358 1152,1361 1191,1358"/>
                <TextEquiv>
                    <Unicode>tannien und Schweden geschlossenen Alliancetractat</Unicode>
                </TextEquiv>
            </TextLine>
            <TextLine id="r_39_tl_3" custom="readingOrder {index:2;}">
                <Coords points="335,1395 1187,1416 1187,1367 1157,1362 606,1386 335,1354"/>
                <Baseline points="346,1385 391,1391 435,1397 480,1397 525,1400 570,1403 615,1406 659,1403 704,1403 749,1406 794,1403 839,1406 883,1403 928,1406 973,1403 1018,1406 1063,1403 1107,1400 1152,1403 1191,1403"/>
                <TextEquiv>
                    <Unicode>den 6ten dieses, zu Stockholm ratificirt. Gemäß</Unicode>
                </TextEquiv>
            </TextLine>
            <TextLine id="r_39_tl_4" custom="readingOrder {index:3;}">
                <Coords points="337,1438 621,1464 1192,1451 1192,1419 1153,1406 616,1421 337,1397"/>
                <Baseline points="349,1433 394,1436 438,1439 483,1442 528,1442 573,1445 618,1448 662,1448 707,1448 752,1448 797,1445 842,1445 886,1445 931,1448 976,1445 1021,1448 1066,1445 1110,1445 1155,1445 1197,1445"/>
                <TextEquiv>
                    <Unicode>dem, zwischen Frankreich und Dännemark geschlosse¬</Unicode>
                </TextEquiv>
            </TextLine>
            <TextLine id="r_39_tl_5" custom="readingOrder {index:4;}">
                <Coords points="337,1600 359,1596 374,1609 391,1600 404,1609 437,1611 476,1576 525,1579 521,1544 497,1535 430,1531 422,1538 402,1527 381,1535 331,1518"/>
                <Baseline points="346,1561 391,1561 435,1564 480,1570 525,1573 528,1573"/>
                <TextEquiv>
                    <Unicode>zu bezahlen</Unicode>
                </TextEquiv>
            </TextLine>
            <TextLine id="r_39_tl_6" custom="readingOrder {index:5;}">
                <Coords points="474,1618 1036,1622 1036,1570 1006,1561 923,1587 666,1583 634,1563 588,1583 474,1576"/>
                <Baseline points="486,1609 531,1615 576,1615 621,1615 665,1615 710,1612 755,1615 800,1612 845,1615 889,1615 934,1615 979,1612 1024,1612 1042,1612"/>
                <TextEquiv>
                    <Unicode>Copenhagen, vom 21. Febr.</Unicode>
                </TextEquiv>
            </TextLine>
            <TextLine id="r_39_tl_7" custom="readingOrder {index:6;}">
                <Coords points="378,1650 1179,1659 1176,1615 629,1633 376,1600"/>
                <Baseline points="388,1642 432,1648 477,1651 522,1654 567,1654 612,1654 656,1654 701,1657 746,1654 791,1654 836,1654 880,1654 925,1654 970,1654 1015,1654 1060,1654 1104,1651 1149,1651 1185,1651"/>
                <TextEquiv>
                    <Unicode>Der vormals in Preußischen Diensten als Gene ral</Unicode>
                </TextEquiv>
            </TextLine>
            <TextLine id="r_39_tl_8" custom="readingOrder {index:7;}">
                <Coords points="337,1726 484,1752 1183,1745 1183,1700 337,1691"/>
                <Baseline points="349,1722 394,1725 438,1731 483,1734 528,1737 573,1737 618,1737 662,1737 707,1737 752,1737 797,1737 842,1737 886,1734 931,1734 976,1734 1021,1734 1066,1734 1110,1734 1155,1731 1188,1734"/>
                <TextEquiv>
                    <Unicode>der Infanterie in hiesige Dienste getretene Herr von</Unicode>
                </TextEquiv>
            </TextLine>
            <TextLine id="r_39_tl_9" custom="readingOrder {index:8;}">
                <Coords points="344,1778 415,1806 487,1780 724,1804 1066,1784 1066,1747 997,1739 664,1756 344,1728"/>
                <Baseline points="355,1770 400,1770 444,1776 489,1776 534,1779 579,1779 624,1779 668,1779 713,1782 758,1779 803,1779 848,1779 892,1776 937,1776 982,1776 1027,1776 1071,1776"/>
                <TextEquiv>
                    <Unicode>Hink, ist vor kurzem allhie Todes verfahren.</Unicode>
                </TextEquiv>
            </TextLine>
            <TextLine id="r_39_tl_10" custom="readingOrder {index:9;}">
                <Coords points="456,1836 1038,1829 1038,1788 1014,1784 456,1793"/>
                <Baseline points="468,1821 504,1818 549,1821 594,1821 639,1821 683,1821 728,1821 773,1821 818,1821 862,1821 907,1821 952,1818 997,1818 1042,1818"/>
                <TextEquiv>
                    <Unicode>Rotterdam, vom 24. Februar.</Unicode>
                </TextEquiv>
            </TextLine>
            <TextLine id="r_39_tl_11" custom="readingOrder {index:10;}">
                <Coords points="374,1862 1183,1866 1183,1821 1103,1814 580,1836 374,1806"/>
                <Baseline points="385,1848 429,1857 474,1860 519,1863 564,1863 609,1863 653,1863 698,1863 743,1863 788,1863 833,1863 877,1860 922,1860 967,1860 1012,1860 1057,1860 1101,1860 1146,1857 1188,1854"/>
                <TextEquiv>
                    <Unicode>Vorigen Sonnabend trug sich hier in einem Wirths=</Unicode>
                </TextEquiv>
            </TextLine>
            <TextLine id="r_39_tl_12" custom="readingOrder {index:11;}">
                <Coords points="340,1897 636,1925 1185,1905 1168,1864 463,1877 340,1847"/>
                <Baseline points="352,1887 397,1893 441,1896 486,1902 531,1905 576,1905 621,1905 665,1905 710,1905 755,1905 800,1905 845,1902 889,1905 934,1905 979,1905 1024,1905 1069,1902 1113,1902 1158,1899 1191,1902"/>
                <TextEquiv>
                    <Unicode>hause vor dem Thore folgendes Unglück zu: Sieben</Unicode>
                </TextEquiv>
            </TextLine>
            <TextLine id="r_39_tl_13" custom="readingOrder {index:12;}">
                <Coords points="344,1942 1153,1957 1185,1953 1183,1907 649,1925 342,1897"/>
                <Baseline points="355,1934 400,1934 444,1940 489,1943 534,1946 579,1946 624,1946 668,1946 713,1946 758,1946 803,1946 848,1946 892,1946 937,1946 982,1946 1027,1946 1071,1943 1116,1943 1161,1943 1191,1943"/>
                <TextEquiv>
                    <Unicode>Personen wurden, nach dem Genusse einer Kerbel¬</Unicode>
                </TextEquiv>
            </TextLine>
            <TextLine id="r_39_tl_14" custom="readingOrder {index:13;}">
                <Coords points="346,1981 789,2013 1187,1996 1187,1948 346,1942"/>
                <Baseline points="358,1973 403,1976 447,1982 492,1985 537,1988 582,1988 627,1991 671,1991 716,1988 761,1988 806,1988 851,1988 895,1988 940,1988 985,1988 1030,1988 1074,1988 1119,1985 1164,1985 1191,1982"/>
                <TextEquiv>
                    <Unicode>luppe mit Aalen, sämtlich von Herzensangst und</Unicode>
                </TextEquiv>
            </TextLine>
            <TextLine id="r_39_tl_15" custom="readingOrder {index:14;}">
                <Coords points="337,2057 731,2093 2054,2080 2054,2041 1983,2035 337,2015"/>
                <Baseline points="349,2054 394,2060 438,2063 483,2069 528,2069 573,2072 618,2072 662,2072 707,2072 752,2069 797,2069 842,2069 886,2072 931,2072 976,2072 1021,2069 1066,2069 1110,2069 1155,2069 1194,2069 1212,2069 1257,2069 1301,2069 1346,2069 1391,2069 1436,2072 1481,2072 1525,2069 1570,2072 1615,2069 1660,2072 1705,2072 1749,2069 1794,2072 1839,2072 1884,2072 1928,2072 1973,2075 2018,2078 2060,2075"/>
                <TextEquiv>
                    <Unicode>nach dem Gebrauch eines Brechmittels, und dessen weiß, daß er schon auf dem Wege ist, diese Sache</Unicode>
                </TextEquiv>
            </TextLine>
            <TextLine id="r_39_tl_16" custom="readingOrder {index:15;}">
                <Coords points="346,2106 1966,2124 1966,2087 1862,2074 346,2063"/>
                <Baseline points="358,2099 403,2102 447,2108 492,2111 537,2114 582,2114 627,2117 671,2114 716,2114 761,2114 806,2114 851,2114 895,2114 940,2114 985,2111 1030,2111 1074,2111 1119,2111 1164,2111 1200,2111 1218,2111 1263,2111 1307,2111 1352,2114 1397,2114 1442,2114 1487,2114 1531,2114 1576,2114 1621,2114 1666,2111 1711,2114 1755,2114 1800,2114 1845,2114 1890,2117 1934,2117 1970,2120"/>
                <TextEquiv>
                    <Unicode>starker Wirkung, einige Erleichterung, und befinden bald gänzlich werde berichtiget werden können.</Unicode>
                </TextEquiv>
            </TextLine>
            <TextLine id="r_39_tl_17" custom="readingOrder {index:16;}">
                <Coords points="344,2150 634,2178 1196,2160 1196,2121 1137,2115 740,2139 344,2106"/>
                <Baseline points="355,2143 400,2143 444,2149 489,2152 534,2158 579,2155 624,2155 668,2155 713,2155 758,2155 803,2155 848,2155 892,2155 937,2152 982,2152 1027,2152 1071,2152 1116,2152 1161,2152 1200,2152"/>
                <TextEquiv>
                    <Unicode>sich jetzt ausser Gefahr. Von den übrigen vieren</Unicode>
                </TextEquiv>
            </TextLine>
            <TextLine id="r_39_tl_18" custom="readingOrder {index:17;}">
                <Coords points="344,2188 569,2214 1185,2204 1166,2156 634,2178 595,2156 528,2180 344,2154"/>
                <Baseline points="355,2179 400,2185 444,2191 489,2194 534,2197 579,2197 624,2197 668,2200 713,2200 758,2197 803,2197 848,2197 892,2197 937,2197 982,2194 1027,2194 1071,2194 1116,2194 1161,2194 1191,2194"/>
                <TextEquiv>
                    <Unicode>aber, ist, aller angewandten Mittel ohngeachtet,</Unicode>
                </TextEquiv>
            </TextLine>
            <TextLine id="r_39_tl_19" custom="readingOrder {index:18;}">
                <Coords points="340,2236 2052,2249 2052,2212 1769,2195 340,2195"/>
                <Baseline points="352,2224 397,2227 441,2233 486,2236 531,2239 576,2239 621,2242 665,2242 710,2242 755,2239 800,2239 845,2239 889,2239 934,2239 979,2239 1024,2236 1069,2236 1113,2236 1158,2236 1194,2239 1212,2239 1257,2239 1301,2236 1346,2236 1391,2239 1436,2239 1481,2239 1525,2239 1570,2239 1615,2239 1660,2239 1705,2239 1749,2236 1794,2239 1839,2239 1884,2242 1928,2242 1973,2242 2018,2242 2057,2245"/>
                <TextEquiv>
                    <Unicode>gestern einer gestorben, und die andern 3 befinden sich richt von dem Anmarsch einer spanischen Armee, und</Unicode>
                </TextEquiv>
            </TextLine>
            <TextLine id="r_39_tl_20" custom="readingOrder {index:19;}">
                <Coords points="340,2271 606,2301 1185,2290 1163,2243 612,2258 340,2234"/>
                <Baseline points="352,2263 397,2266 441,2272 486,2278 531,2278 576,2284 621,2284 665,2284 710,2284 755,2284 800,2284 845,2281 889,2281 934,2281 979,2284 1024,2278 1069,2278 1113,2278 1158,2278 1191,2278"/>
                <TextEquiv>
                    <Unicode>noch in den erbärmlichsten Umständen. Ein Hund,</Unicode>
                </TextEquiv>
            </TextLine>
            <TextLine id="r_39_tl_21" custom="readingOrder {index:20;}">
                <Coords points="346,2314 975,2359 1183,2346 1183,2292 608,2299 344,2271"/>
                <Baseline points="358,2302 403,2308 447,2314 492,2320 537,2320 582,2323 627,2326 671,2326 716,2326 761,2326 806,2326 851,2329 895,2329 940,2326 985,2326 1030,2326 1074,2323 1119,2320 1164,2320 1188,2320"/>
                <TextEquiv>
                    <Unicode>der auch etwas von dieser Suppe gefressen, ist zwey</Unicode>
                </TextEquiv>
            </TextLine>
            <TextLine id="r_39_tl_22" custom="readingOrder {index:21;}">
                <Coords points="346,2353 497,2383 554,2370 660,2385 778,2377 776,2340 521,2338 346,2314"/>
                <Baseline points="358,2347 403,2353 447,2358 492,2361 537,2364 582,2364 627,2367 671,2367 716,2367 761,2367 782,2367"/>
                <TextEquiv>
                    <Unicode>Stunden darauf gestorben.</Unicode>
                </TextEquiv>
            </TextLine>
            <TextLine id="r_39_tl_23" custom="readingOrder {index:22;}">
                <Coords points="543,2416 977,2413 977,2366 964,2364 910,2361 882,2377 833,2361 807,2383 543,2370"/>
                <Baseline points="555,2403 600,2406 644,2409 689,2409 734,2409 779,2409 824,2409 868,2406 913,2406 958,2406 982,2409"/>
                <TextEquiv>
                    <Unicode>London, den 21. Febr.</Unicode>
                </TextEquiv>
            </TextLine>
            <TextLine id="r_39_tl_24" custom="readingOrder {index:23;}">
                <Coords points="346,2597 664,2632 1179,2625 1161,2578 532,2593 346,2558"/>
                <Baseline points="358,2591 403,2597 447,2600 492,2606 537,2609 582,2612 627,2612 671,2615 716,2618 761,2615 806,2615 851,2612 895,2615 940,2615 985,2612 1030,2612 1074,2615 1119,2615 1164,2615 1185,2612"/>
                <TextEquiv>
                    <Unicode>Oberhause, und ertheilte seine Einwilligung zu 8</Unicode>
                </TextEquiv>
            </TextLine>
            <TextLine id="r_39_tl_25" custom="readingOrder {index:24;}">
                <Coords points="352,2677 1094,2662 1166,2684 1179,2625 666,2632 350,2597"/>
                <Baseline points="364,2636 409,2642 453,2648 498,2651 543,2654 588,2654 633,2657 677,2660 722,2660 767,2660 812,2660 856,2660 901,2660 946,2660 991,2660 1036,2657 1080,2657 1125,2657 1170,2657 1185,2657"/>
                <TextEquiv>
                    <Unicode>dnentlichen und 2 Privatbills. Beyde Häuser waren</Unicode>
                </TextEquiv>
            </TextLine>
            <TextEquiv>
                <Unicode></Unicode>
            </TextEquiv>
        </TextRegion>
        <TextRegion id="r_38" custom="readingOrder {index:3;}">
            <Coords points="2127,1208 2142,2761 1205,2761 1205,1208"/>
            <TextLine id="r_38_tl_1" custom="readingOrder {index:0;}">
                <Coords points="1429,1243 1466,1252 1479,1243 1490,1252 1505,1246 1525,1252 1531,1243 1559,1252 1568,1243 1585,1243 1581,1161 1542,1163 1533,1172 1507,1157 1486,1166 1425,1161"/>
                <Baseline points="1439,1224 1484,1224 1528,1227 1573,1230 1591,1236"/>
                <TextEquiv>
                    <Unicode></Unicode>
                </TextEquiv>
            </TextLine>
            <TextLine id="r_38_tl_2" custom="readingOrder {index:1;}">
                <Coords points="1209,1289 2061,1293 2039,1243 1209,1243"/>
                <Baseline points="1221,1278 1266,1278 1310,1281 1355,1281 1400,1281 1445,1278 1490,1281 1534,1281 1579,1281 1624,1281 1669,1281 1713,1281 1758,1281 1803,1281 1848,1281 1893,1281 1937,1281 1982,1281 2027,1281 2066,1281"/>
                <TextEquiv>
                    <Unicode>selbiges Tages annoch wegen der Stempfelacte be</Unicode>
                </TextEquiv>
            </TextLine>
            <TextLine id="r_38_tl_3" custom="readingOrder {index:2;}">
                <Coords points="370,1313 2057,1330 2044,1289 545,1295 370,1259"/>
                <Baseline points="382,1307 427,1310 471,1316 516,1319 561,1319 606,1322 650,1322 695,1322 740,1322 785,1319 830,1319 874,1322 919,1322 964,1319 1009,1319 1054,1319 1098,1316 1143,1316 1188,1316 1194,1316 1218,1319 1263,1319 1307,1319 1352,1322 1397,1319 1442,1322 1487,1322 1531,1322 1576,1322 1621,1322 1666,1322 1711,1322 1755,1322 1800,1322 1845,1322 1890,1322 1934,1322 1979,1325 2024,1325 2063,1322"/>
                <TextEquiv>
                    <Unicode>Der geheime Ausschuß hat den zwischen Großbrit= schäftiget. Den 23ten dieses siel hier eine so große</Unicode>
                </TextEquiv>
            </TextLine>
            <TextLine id="r_38_tl_4" custom="readingOrder {index:3;}">
                <Coords points="1207,1369 2054,1373 2054,1332 1918,1323 1207,1332"/>
                <Baseline points="1218,1361 1263,1361 1307,1361 1352,1361 1397,1361 1442,1364 1487,1364 1531,1364 1576,1361 1621,1364 1666,1364 1711,1364 1755,1364 1800,1364 1845,1364 1890,1364 1934,1364 1979,1364 2024,1364 2060,1364"/>
                <TextEquiv>
                    <Unicode>Menge Schnee, und bald darauf eine so heftige Käl¬</Unicode>
                </TextEquiv>
            </TextLine>
            <TextLine id="r_38_tl_5" custom="readingOrder {index:4;}">
                <Coords points="1207,1412 2061,1419 2061,1378 2028,1371 1207,1369"/>
                <Baseline points="1218,1403 1263,1403 1307,1403 1352,1406 1397,1403 1442,1406 1487,1406 1531,1406 1576,1406 1621,1403 1666,1403 1711,1406 1755,1406 1800,1403 1845,1406 1890,1403 1934,1406 1979,1406 2024,1406 2066,1406"/>
                <TextEquiv>
                    <Unicode>te ein, daß dadurch viele Bäume in den Gärten be¬</Unicode>
                </TextEquiv>
            </TextLine>
            <TextLine id="r_38_tl_6" custom="readingOrder {index:5;}">
                <Coords points="1217,1449 2070,1455 2070,1416 1217,1408"/>
                <Baseline points="1230,1445 1275,1445 1319,1445 1364,1445 1409,1448 1454,1445 1499,1448 1534,1448 1546,1448 1591,1448 1636,1448 1681,1445 1725,1448 1770,1448 1815,1445 1860,1445 1905,1448 1949,1448 1994,1448 2039,1448 2072,1448"/>
                <TextEquiv>
                    <Unicode>schädiget worden. In der Grafschaft Glamorgan</Unicode>
                </TextEquiv>
            </TextLine>
            <TextLine id="r_38_tl_7" custom="readingOrder {index:6;}">
                <Coords points="335,1479 2063,1499 2063,1464 1983,1455 335,1442"/>
                <Baseline points="346,1472 391,1478 435,1478 480,1484 525,1487 570,1490 615,1490 659,1490 704,1490 749,1490 794,1490 839,1487 883,1490 928,1487 973,1487 1018,1490 1063,1487 1107,1487 1152,1484 1194,1484 1218,1490 1263,1487 1307,1487 1352,1487 1397,1490 1442,1490 1487,1490 1531,1490 1576,1487 1621,1487 1666,1487 1711,1490 1755,1490 1800,1490 1845,1487 1890,1487 1934,1490 1979,1490 2024,1490 2069,1490"/>
                <TextEquiv>
                    <Unicode>nen Subsidientractat, hat erstere Krone sich verbind= hat man den 26ten vorigen Monats, wie nicht we¬</Unicode>
                </TextEquiv>
            </TextLine>
            <TextLine id="r_38_tl_8" custom="readingOrder {index:7;}">
                <Coords points="337,1522 599,1557 2065,1542 2031,1499 1834,1490 337,1481"/>
                <Baseline points="349,1516 394,1519 438,1522 483,1525 528,1531 573,1531 618,1534 662,1531 707,1531 752,1531 797,1531 842,1531 886,1531 931,1531 976,1531 1021,1531 1066,1528 1110,1528 1155,1528 1191,1528 1215,1531 1218,1528 1263,1528 1307,1528 1352,1528 1397,1528 1442,1531 1487,1531 1531,1531 1576,1531 1621,1531 1666,1528 1711,1531 1755,1531 1800,1531 1845,1531 1890,1531 1934,1531 1979,1531 2024,1531 2069,1528"/>
                <TextEquiv>
                    <Unicode>lich gemacht, letzterer alle 3 Monate 400000 Livres niger den 10ten dieses, 2 leichte Stöße vom Erdbe¬</Unicode>
                </TextEquiv>
            </TextLine>
            <TextLine id="r_38_tl_9" custom="readingOrder {index:8;}">
                <Coords points="1202,1574 1955,1583 1985,1607 2067,1581 2067,1540 1202,1538"/>
                <Baseline points="1215,1570 1260,1570 1304,1570 1349,1570 1394,1570 1439,1570 1484,1573 1528,1573 1573,1573 1618,1573 1663,1573 1708,1573 1752,1573 1797,1573 1842,1573 1887,1573 1931,1573 1976,1573 2021,1576 2066,1576 2072,1576"/>
                <TextEquiv>
                    <Unicode>ben empfunden, die letzte Erschütterung hat ohnge¬</Unicode>
                </TextEquiv>
            </TextLine>
            <TextLine id="r_38_tl_10" custom="readingOrder {index:9;}">
                <Coords points="1213,1624 1252,1631 1282,1613 1302,1626 1615,1628 1615,1585 1557,1572 1488,1587 1213,1576"/>
                <Baseline points="1224,1612 1269,1612 1313,1612 1358,1612 1403,1612 1448,1612 1493,1612 1537,1612 1582,1612 1621,1615"/>
                <TextEquiv>
                    <Unicode>fehr 8 Minuten gedaurt.</Unicode>
                </TextEquiv>
            </TextLine>
            <TextLine id="r_38_tl_11" custom="readingOrder {index:10;}">
                <Coords points="1246,1659 2065,1665 2065,1631 1847,1602 1775,1628 1246,1626"/>
                <Baseline points="1257,1654 1301,1651 1346,1651 1391,1654 1436,1654 1481,1654 1525,1654 1570,1654 1615,1654 1660,1657 1705,1654 1749,1654 1794,1654 1839,1654 1884,1654 1928,1657 1973,1657 2018,1657 2063,1660 2069,1660"/>
                <TextEquiv>
                    <Unicode>Der Handlungstractat zwischen Großbrittannien</Unicode>
                </TextEquiv>
            </TextLine>
            <TextLine id="r_38_tl_12" custom="readingOrder {index:11;}">
                <Coords points="335,1691 2063,1708 2050,1663 335,1641"/>
                <Baseline points="346,1681 391,1684 435,1690 480,1693 525,1696 570,1696 615,1699 659,1699 704,1696 749,1696 794,1696 839,1696 883,1696 928,1693 973,1693 1018,1693 1063,1693 1107,1693 1152,1693 1194,1693 1212,1693 1257,1693 1301,1693 1346,1693 1391,1693 1436,1693 1481,1693 1525,1693 1570,1693 1615,1696 1660,1696 1705,1696 1749,1696 1794,1696 1839,1696 1884,1696 1928,1696 1973,1699 2018,1699 2063,1702 2066,1702"/>
                <TextEquiv>
                    <Unicode>nteutenant gestandene, nachhero aber als General von und Rußland ist noch nicht völlig regulirt. Es ist</Unicode>
                </TextEquiv>
            </TextLine>
            <TextLine id="r_38_tl_13" custom="readingOrder {index:12;}">
                <Coords points="1202,1743 2061,1749 2059,1706 1200,1695"/>
                <Baseline points="1215,1734 1260,1734 1304,1734 1349,1731 1394,1731 1439,1731 1484,1731 1528,1731 1573,1734 1618,1734 1663,1734 1708,1734 1752,1734 1797,1734 1842,1734 1887,1737 1931,1737 1976,1737 2021,1737 2066,1740"/>
                <TextEquiv>
                    <Unicode>nöthig gewesen, Veränderungen darin zu machen,</Unicode>
                </TextEquiv>
            </TextLine>
            <TextLine id="r_38_tl_14" custom="readingOrder {index:13;}">
                <Coords points="1202,1793 2061,1795 2061,1756 1992,1743 1202,1745"/>
                <Baseline points="1215,1776 1260,1773 1304,1773 1349,1773 1394,1773 1439,1776 1484,1776 1528,1776 1573,1773 1618,1776 1663,1773 1708,1776 1752,1773 1797,1776 1842,1776 1887,1776 1931,1779 1976,1779 2021,1782 2066,1782"/>
                <TextEquiv>
                    <Unicode>welche dann nähere Auslassungen von beyden Höfen</Unicode>
                </TextEquiv>
            </TextLine>
            <TextLine id="r_38_tl_15" custom="readingOrder {index:14;}">
                <Coords points="1202,1827 2061,1829 2061,1793 2024,1786 1202,1793"/>
                <Baseline points="1215,1815 1260,1818 1304,1818 1349,1818 1394,1815 1439,1818 1484,1818 1522,1815 1537,1815 1582,1818 1627,1818 1672,1818 1716,1818 1761,1818 1806,1818 1851,1821 1896,1821 1940,1821 1985,1824 2030,1821 2066,1824"/>
                <TextEquiv>
                    <Unicode>erfordert haben. Gedachte Veränderungen sollen</Unicode>
                </TextEquiv>
            </TextLine>
            <TextLine id="r_38_tl_16" custom="readingOrder {index:15;}">
                <Coords points="1205,1877 2041,1881 2061,1834 1202,1827"/>
                <Baseline points="1215,1857 1260,1860 1304,1860 1349,1860 1394,1860 1439,1857 1484,1860 1528,1860 1573,1860 1618,1860 1663,1860 1708,1860 1752,1860 1797,1863 1842,1863 1887,1863 1931,1863 1976,1863 2021,1866 2066,1866"/>
                <TextEquiv>
                    <Unicode>unter andern die Preise des Bauholzes, des Hampfs</Unicode>
                </TextEquiv>
            </TextLine>
            <TextLine id="r_38_tl_17" custom="readingOrder {index:16;}">
                <Coords points="1213,1909 2067,1916 2067,1873 1213,1875"/>
                <Baseline points="1224,1902 1269,1902 1313,1902 1358,1902 1403,1905 1448,1902 1493,1902 1537,1902 1582,1902 1627,1902 1672,1902 1716,1902 1761,1902 1806,1905 1851,1905 1896,1905 1940,1908 1985,1908 2030,1908 2072,1908"/>
                <TextEquiv>
                    <Unicode>und der Kriegsmunitionen, die aus den Rußischen</Unicode>
                </TextEquiv>
            </TextLine>
            <TextLine id="r_38_tl_18" custom="readingOrder {index:17;}">
                <Coords points="1207,1953 2059,1961 2035,1914 1207,1914"/>
                <Baseline points="1218,1946 1263,1946 1307,1943 1352,1943 1397,1946 1442,1946 1487,1943 1531,1946 1576,1946 1621,1943 1666,1943 1711,1946 1755,1946 1800,1946 1845,1946 1890,1946 1934,1949 1979,1949 2024,1949 2063,1952"/>
                <TextEquiv>
                    <Unicode>Häfen nach England gehen, betreffen. Man hoffet,</Unicode>
                </TextEquiv>
            </TextLine>
            <TextLine id="r_38_tl_19" custom="readingOrder {index:18;}">
                <Coords points="1213,1994 2067,2005 2067,1964 2035,1955 1213,1953"/>
                <Baseline points="1224,1985 1269,1988 1313,1985 1358,1985 1403,1985 1448,1985 1493,1985 1537,1988 1582,1988 1627,1985 1672,1985 1716,1988 1761,1988 1806,1988 1851,1988 1896,1988 1940,1988 1985,1991 2030,1991 2072,1991"/>
                <TextEquiv>
                    <Unicode>daß, nach der Ankunft des neuen Rußischen Mini¬</Unicode>
                </TextEquiv>
            </TextLine>
            <TextLine id="r_38_tl_20" custom="readingOrder {index:19;}">
                <Coords points="340,2020 2057,2044 2039,1998 340,1981"/>
                <Baseline points="352,2012 397,2015 441,2024 486,2027 531,2030 576,2030 621,2033 665,2033 710,2030 755,2030 800,2030 845,2030 889,2030 934,2030 979,2030 1024,2030 1069,2027 1113,2027 1158,2027 1197,2027 1218,2030 1263,2027 1307,2027 1352,2027 1397,2027 1442,2030 1487,2030 1531,2030 1576,2030 1621,2030 1666,2030 1711,2030 1755,2027 1800,2030 1845,2030 1890,2030 1934,2033 1979,2033 2024,2033 2063,2033"/>
                <TextEquiv>
                    <Unicode>Uebelkeit befallen. Drey von denselben bekamen sters, Herrn Mußin Puschkin, von welchem man</Unicode>
                </TextEquiv>
            </TextLine>
            <TextLine id="r_38_tl_21" custom="readingOrder {index:20;}">
                <Coords points="1406,2162 1644,2171 1706,2156 1871,2171 1871,2124 1836,2119 1762,2132 1553,2130 1538,2115 1406,2126"/>
                <Baseline points="1418,2152 1463,2155 1507,2152 1552,2155 1597,2155 1642,2155 1687,2152 1731,2155 1776,2158 1821,2155 1866,2158 1875,2158"/>
                <TextEquiv>
                    <Unicode>Lissabon, den 21. Jan.</Unicode>
                </TextEquiv>
            </TextLine>
            <TextLine id="r_38_tl_22" custom="readingOrder {index:21;}">
                <Coords points="1246,2197 2057,2208 2037,2154 1246,2154"/>
                <Baseline points="1257,2191 1301,2191 1346,2194 1391,2197 1436,2197 1481,2197 1525,2197 1570,2197 1615,2197 1660,2197 1705,2197 1749,2194 1794,2197 1839,2197 1884,2200 1928,2200 1973,2200 2018,2200 2063,2194"/>
                <TextEquiv>
                    <Unicode>Die seit einigen Tagen allhier verbreitete Nach¬</Unicode>
                </TextEquiv>
            </TextLine>
            <TextLine id="r_38_tl_23" custom="readingOrder {index:22;}">
                <Coords points="1207,2288 2059,2297 2037,2249 1207,2245"/>
                <Baseline points="1218,2278 1263,2278 1307,2278 1352,2278 1397,2281 1442,2281 1487,2281 1531,2281 1576,2281 1621,2281 1666,2281 1711,2281 1755,2281 1800,2281 1845,2281 1890,2284 1934,2284 1979,2284 2024,2287 2063,2284"/>
                <TextEquiv>
                    <Unicode>deren vorgeblich verübten Feindseligkeiten auf unse¬</Unicode>
                </TextEquiv>
            </TextLine>
            <TextLine id="r_38_tl_24" custom="readingOrder {index:23;}">
                <Coords points="1202,2331 1334,2351 1410,2325 1951,2336 1951,2299 1905,2288 1202,2286"/>
                <Baseline points="1215,2320 1260,2320 1304,2323 1349,2323 1394,2323 1439,2323 1484,2323 1528,2323 1573,2323 1618,2323 1663,2323 1708,2323 1752,2323 1797,2326 1842,2326 1887,2326 1931,2326 1955,2329"/>
                <TextEquiv>
                    <Unicode>rer Grenze, ist dänzlich ungegründet gewesen.</Unicode>
                </TextEquiv>
            </TextLine>
            <TextLine id="r_38_tl_25" custom="readingOrder {index:24;}">
                <Coords points="1373,2372 1868,2374 1868,2338 1832,2331 1373,2333"/>
                <Baseline points="1385,2361 1430,2364 1475,2364 1519,2364 1564,2364 1609,2364 1654,2364 1699,2364 1743,2364 1788,2367 1833,2367 1872,2367"/>
                <TextEquiv>
                    <Unicode>Warschau, den 27. Febr.</Unicode>
                </TextEquiv>
            </TextLine>
            <TextLine id="r_38_tl_26" custom="readingOrder {index:25;}">
                <Coords points="1246,2413 2054,2418 2054,2366 1968,2355 1897,2383 1246,2361"/>
                <Baseline points="1257,2403 1301,2403 1346,2406 1391,2406 1436,2406 1481,2406 1525,2406 1570,2406 1615,2406 1660,2406 1705,2406 1749,2406 1794,2406 1839,2406 1884,2409 1928,2409 1973,2409 2018,2406 2057,2409"/>
                <TextEquiv>
                    <Unicode>Sr. Maj. der König, unser allergnädigster Herr,</Unicode>
                </TextEquiv>
            </TextLine>
            <TextLine id="r_38_tl_27" custom="readingOrder {index:26;}">
                <Coords points="370,2431 696,2467 2054,2459 2054,2418 370,2400"/>
                <Baseline points="382,2430 427,2433 471,2439 516,2445 561,2445 606,2448 650,2451 695,2451 740,2451 785,2448 830,2448 874,2448 919,2448 964,2448 1009,2445 1054,2445 1098,2445 1143,2445 1188,2445 1194,2445 1212,2448 1257,2445 1301,2445 1346,2448 1391,2448 1436,2448 1481,2448 1525,2448 1570,2448 1615,2445 1660,2451 1705,2448 1749,2448 1794,2448 1839,2448 1884,2448 1928,2448 1973,2448 2018,2448 2057,2448"/>
                <TextEquiv>
                    <Unicode>Gestern siel der Geburtstag der Königin ein. Bey geruhen sich öfters mit der Jagd zu belustigen, auf</Unicode>
                </TextEquiv>
            </TextLine>
            <TextLine id="r_38_tl_28" custom="readingOrder {index:27;}">
                <Coords points="348,2474 2048,2500 2024,2454 694,2467 348,2422"/>
                <Baseline points="361,2469 406,2472 450,2481 495,2484 540,2487 585,2490 630,2490 674,2490 719,2493 764,2490 809,2490 854,2490 898,2490 943,2490 988,2487 1033,2487 1077,2487 1122,2487 1167,2487 1191,2484 1206,2484 1251,2487 1295,2487 1340,2487 1385,2487 1430,2490 1475,2490 1519,2490 1564,2490 1609,2490 1654,2490 1699,2490 1743,2490 1788,2490 1833,2490 1878,2490 1923,2487 1967,2490 2012,2490 2054,2487"/>
                <TextEquiv>
                    <Unicode>Hofe war dieserhalb große Cour und Ball. Des welcher Sie neulich etliche Bäre gefället haben. Es</Unicode>
                </TextEquiv>
            </TextLine>
            <TextLine id="r_38_tl_29" custom="readingOrder {index:28;}">
                <Coords points="348,2517 2054,2543 2054,2498 2005,2489 711,2508 348,2474"/>
                <Baseline points="361,2508 406,2517 450,2520 495,2526 540,2526 585,2529 630,2532 674,2532 719,2535 764,2535 809,2532 854,2532 898,2532 943,2529 988,2529 1033,2529 1077,2529 1122,2529 1167,2529 1194,2526 1206,2529 1251,2529 1295,2529 1340,2529 1385,2529 1430,2532 1475,2532 1519,2532 1564,2532 1609,2532 1654,2532 1699,2529 1743,2532 1788,2532 1833,2529 1878,2529 1923,2529 1967,2529 2012,2532 2057,2532"/>
                <TextEquiv>
                    <Unicode>abends sahe man viele Häuser in der Stadt erleuch= hat die Erlauchte Reichs=Schatz=Commißion nun auch</Unicode>
                </TextEquiv>
            </TextLine>
            <TextLine id="r_38_tl_30" custom="readingOrder {index:29;}">
                <Coords points="346,2558 2057,2582 2026,2537 346,2521"/>
                <Baseline points="358,2553 403,2559 447,2565 492,2565 537,2568 582,2570 627,2570 671,2573 716,2573 761,2573 806,2573 851,2573 895,2570 940,2570 985,2570 1030,2570 1074,2570 1119,2570 1164,2570 1194,2570 1215,2573 1260,2570 1304,2570 1349,2570 1394,2570 1439,2573 1484,2573 1528,2573 1573,2573 1618,2573 1663,2573 1708,2570 1752,2570 1797,2570 1842,2570 1887,2570 1931,2570 1976,2570 2021,2573 2063,2576"/>
                <TextEquiv>
                    <Unicode>tel. Den 18ten begab sich der König nach dem bereits die Universalien zum Cours des neuen Sil¬</Unicode>
                </TextEquiv>
            </TextLine>
            <TextLine id="r_38_tl_31" custom="readingOrder {index:30;}">
                <Coords points="1202,2619 2054,2630 2054,2580 1202,2580"/>
                <Baseline points="1215,2615 1260,2612 1304,2612 1349,2612 1394,2612 1439,2615 1484,2612 1528,2615 1573,2615 1618,2615 1663,2612 1708,2612 1752,2612 1797,2612 1842,2612 1887,2612 1931,2615 1976,2615 2021,2618 2057,2618"/>
                <TextEquiv>
                    <Unicode>bergeldes ausgegeben, und überall verlautbaren las¬</Unicode>
                </TextEquiv>
            </TextLine>
            <TextLine id="r_38_tl_32" custom="readingOrder {index:31;}">
                <Coords points="1202,2682 2057,2669 2033,2623 1202,2625"/>
                <Baseline points="1215,2663 1257,2657 1301,2657 1346,2657 1391,2657 1436,2660 1481,2660 1525,2660 1570,2657 1615,2657 1660,2657 1705,2657 1749,2654 1794,2654 1839,2654 1884,2660 1928,2660 1973,2660 2018,2660 2063,2660"/>
                <TextEquiv>
                    <Unicode>sen, die wir nächstens mittheilen werden. So wie</Unicode>
                </TextEquiv>
            </TextLine>
            <TextEquiv>
                <Unicode></Unicode>
            </TextEquiv>
        </TextRegion>
    </Page>
</PcGts>
