2479 3213
733 1494 1662 1567 21tes Stück. Freitag, den 14. Merz 1766.
621 1589 931 1671 Beschluß.
389 1636 1204 1705 Die Leser werden uns erlauben noch einige ab¬
355 1692 1198 1767 gerißne Anmerkungen, die füglich in die Abhand
359 1739 1198 1819 lung selbst hätten eingeschaltet werden können
359 1784 576 1864 mitzutheilen.
361 1864 2075 1937 beschämenden Bewußtseyn eines Leeren, und einer lehrten die Langeweile mit dem Körper im Bünd¬
359 2010 1210 2058 abzuhelfen wissen, vorstellen. Viele schämen sich
368 2055 1213 2109 daher aus Stolz zu sagen, daß sie Langeweile ha¬
404 2195 1210 2251 Die Natur schuf uns zur Thätigkeit, und straf
363 2238 1210 2290 den, der seine Kräfte nicht braucht mit Langerweile
370 2281 1213 2337 sie konnte gewiß keine härtre Ruthe brauchen um
370 2326 1165 2404 uns zur Erfüllung dieses Zweckes anzutreiben.
370 2417 1810 2483 ihr mehr als die praktischen aus. Rousseau, dessen aber wir verschonen unsre Leser.
374 2470 1221 2539 Geist vielleicht alle Stärke, deren die menschliche
374 2597 980 2679 Handwerks bey der Erziehung an.
1253 1567 2075 1634 Man gebe nur recht genau auf jene große Weisen
1221 1612 2077 1679 acht, die ihr Vergnügen als ununterbrechlich de¬
1219 1656 2077 1720 monstriren, man prüfe ihr Leben, und wir werden
1228 1701 2075 1763 finden daß ihre Theorie — ganz artig sey, und
1219 1739 2079 1804 daß sie selbst — oft jähnen. Das Studiren ist
1223 1780 2075 1847 ein schätzbarer Zufluchtsort, aber keine uneinnehm¬
393 1825 2081 1888 Die Langeweile kann man sich theils unter dem bare Vestung. Es scheint daß bey den großen Ge¬
363 1916 2083 1978 Schwäche, theils unter dem Unwillen über eine niß stehe, um sie zu erinnern, daß sie Menschen
370 1952 2079 2021 Einschränkung und Hinderung, der wir nicht gleich und nicht bloß Geister sind. Der Verstand schafft
1230 1993 2088 2062 sich einen so weit als möglich freyen Horizont,
1230 2034 2081 2096 und fühlt sich bedrückt wenn er sich einschränken
363 2077 2081 2135 den. Die Einfältige beschweren sich gemeinhin am soll. Vielleicht wird aus diesem Grunde einem
368 2122 2090 2210 wenigsten über sie, dieses gilt aber nicht umgekehrt. vernünftigen Manne in den gewöhnlichen Gesell¬
1238 2167 2090 2225 schaften und in gewissen Situationen die Zeit am
1236 2199 2086 2262 ersten und am meisten lang. Wir würden bey
1236 2238 2088 2303 dieser Gelegenheit der Langeweile eine kleine Lob¬
1230 2285 2086 2354 rede halten, und sie als einen Beweis der Nich¬
1236 2324 2088 2389 tigkeit weltlicher Weisheit, und der Wahrheit ei¬
400 2371 2092 2462 Die bloß speculativische Wissenschaften setzen uns ner andern bessern Bestimmung betrachten können,
1275 2442 2090 2535 Das beste Mittel gegen sie möchte wohl darin
374 2513 2096 2565 Seele sähig ist, besitzt und äussert, rieth nicht bestehen, daß man sich nicht einem Geschäfte mit
378 2552 2101 2642 ohne eine wichtige Ursache die Erlernung eines Augschließung oder Verzicht auf die übrigen ergebe.
2010 2612 2103 2679 Das
