2663 3213
731 402 1594 487 Nachrichten zufolge sich in cognito zu London besin
737 476 2470 530 den, und abwarten wollen, was die Gerichte des und, was das Sonderbarste ist, so haben sich diese
740 519 2478 575 Königreiches seiner Verbannung wegen vor ein Ur= erhaltene Leichen unter andern gelegt befunden, wel¬
740 562 1075 634 theil fällen werden.
988 575 1367 657 Paris, den 3. Jan.
748 679 1773 740 setzung der Leiche des Herrn Dauphins, mit den bey erklären.
748 720 1600 778 solchen Gelegenheiten gewöhnlichen Ceremonien vor
755 761 1607 815 sich gegangen. Madame Dauphine, welcher der
748 807 2472 856 Verlust eines zärtlichen Gemals den gerechtesten eine mit einer guten Anzahl Bouteillen Tockayer
753 843 2472 902 Schmerz verursacht, will in 6 Wochen niemanden Wein angefüllte Kiste zum Present übermachet, und
753 891 2310 941 vor sich kommen lassen; und man sagt, daß Dero ist selbige dieser Tage allhier angekommen.
746 926 1598 977 Durchlauchtigste Schwester der Prinzeßin Christine
746 975 1615 1023 von Sachsen, Königl. Hoheit nach Frankreich kom=
748 1014 2483 1064 mend, und sich bey Höchst Denenselben währender nisch Preußen gestanden, und an Infanterie, Caval¬
755 1055 2476 1103 Trauer aufhalten werden. Man hat in Frankreich lerie und Cosacken, ohngefehr 5000 Mann betragen
755 1088 1607 1144 noch niemalen eine verwittwete Dauphine gehabt.
746 1131 1605 1179 Des Königes Majestät haben indessen Befehl erthei=
755 1168 1607 1230 let, den Hofstaat der Dauphine eben so einzurichten,
753 1213 1605 1265 als er zu Zeiten der Prinzeßin Anna von Oesterreich,
755 1259 2478 1310 Wittwe Ludwig des 13 eingerichtet gewesen, und über= worden, daß man sie in diesen Gegenden kaum stär¬
755 1295 1914 1356 dieß soll höchstgedachte Prinzeßin noch eine Com¬ ker denken kann.
759 1332 1529 1416 pagnie Gensd'armes zu ihrer Guarde erhalten.
802 1369 1611 1427 Der Aberglaube schreibet oft sehr ordentliche Wir¬
759 1416 2483 1477 kungen übernatürlicher Ursachen zu. In der Kirche der hiesigen Königl. Haupt- und Residenz=Stadt
761 1462 1609 1514 von Montmartre ist ein viele Jahre gestandener
761 1507 1615 1561 Sarg so wohl erhalten gefunden worden, daß man
761 1538 1618 1594 aus Neugierigkeit nicht umhin gekonnt hat, densel¬
763 1583 1615 1635 ben zu öfnen. Man hat sodann in demselben eine
768 1622 1615 1680 Frau gefunden, deren Leinenzeug, ein Kopfzeug mit
763 1665 1615 1719 Spitzen rc. ganz unversehrt sind. Die Leiche der
768 1713 1618 1762 Frau selbst ist weder verweset, noch verdorret. Ihre
763 1747 1615 1797 Haut hat so gar keine andre Farbe bekommen; die
763 1788 1618 1845 fleischigten Theile sind so geschmeidig, als an einem
763 1829 1607 1884 lebendigen Körper; und es hat sie auch die Aussetzung
763 1871 1618 1927 auf einige Zeit an die Luft keinem weiteren Verder¬
768 1918 2487 1970 ben unterworfen. Aus den angestellten Untersuchun= von 80 bis 90, 31. von 90 bis 100, 10. Auch ist
768 1955 2485 2011 gen erhellet gleichwohl, daß diese Frau, welche zwi= eine Person von 101, und eine von 102 Jahren
774 1994 1618 2052 schen 40 und 50 Jahr alt gewesen zu seyn scheinet,
763 2035 1622 2087 wenigstens schon vor 50 Jahren begraben gewesen
770 2076 1624 2132 seyn muß. Man hat das Leichentuch, in welchem
772 2119 1626 2178 sie lag, zerrissen, und das Volk hat die Stücke un¬
774 2158 1615 2214 ter sich vertheilt, in der Meynung, an einer Sache
763 2199 1618 2258 die so lang im Grabe erhalten worden ist, ei¬
1468 2236 1622 2301 Es muß
768 2240 1416 2307 nen Beweis der Heiligkeit zu seyn.
774 2277 1618 2336 dasselbe sonder Zweifel nicht bedenken, daß
768 2327 1622 2381 die bewährtesten Heiligen der Verwesung ein¬
770 2368 1618 2428 gegangen sind, und daß die Erhaltung eines
774 2411 1615 2461 Korpers vielen Ursachen zugeschrieben werden kann,
774 2452 1622 2500 die Theils in ihm selbst, oder in eingenommenen
770 2491 1622 2541 Theilen, oder in den Dingen, die ihn umgeben, als
768 2530 1620 2589 der Erde rc. liegen können. Man hat einige andere
768 2573 1631 2638 Leichname in diesem unverweseten Zustande angetrof=
1624 420 2476 489 fen, als der Kirchhof von St. Roch verlegt wurde;
1624 558 2472 606 che die Verwesung gänzlich zerstöret hatte. Man
1622 606 2478 649 überläßt den Naturforschern, die sich gern einen Na¬
785 627 2472 701 Den 29ten vorigen Monats ist zu Sens die Bey= men machen möchten, dergleichen Erscheinungen zu
1866 703 2245 781 Rom, den 20. Oct.
1661 740 2472 813 Der Bischof von Cracau, hat dem heiligen Vater
1821 930 2275 984 Warschau, den 9. Jan.
1665 954 2485 1014 Die Rußische Truppen, welche bis hieher in Pohl¬
1631 1094 2483 1146 haben, sind nun schon würklich in Litthauen eingetrof=
1626 1137 2483 1189 fen, woselbst sie um Grodno herum ihre Quartiere
1631 1179 2483 1230 genommen. Die Zeit ihres Auffenthalts ist unbe¬
1633 1213 2485 1269 stimmt. Seit 4 Tagen ist hier die Kalte so heftig ge=
1797 1330 2327 1393 Königsberg, den 23. Jan.
1672 1362 2485 1429 Jn dem abgewichenen 1765sten Jahre, sind sin
1639 1466 2487 1514 geboren 1119 Söhne und 1030 Töchter, gestorben
1637 1505 2485 1555 807 Personen männlichen und 768 weiblichen Ge=
1641 1546 2485 1594 schlechts. Sind also 574 mehr geboren als gestor=
1637 1587 2485 1633 ben. Unter den Getauften sind zu merken 31 Paar
1639 1628 2485 1682 Zwillinge. Außer diesen hat eine Musquetier Frau
1639 1672 2487 1717 auf einmal 1 Sohn und 2 Töchter erzeuget, wovon
1637 1715 2483 1760 aber keines mehr lebet. Dem Alter nach sind ge¬
1648 1752 2483 1795 storben, bis zu einem Jahr 481 Kinder von 1 bis 10
1637 1795 2483 1845 Jahren, 300 von 10 bis 20, 50. von 20 bis 30, 74.
1637 1834 2491 1881 von 30 bis 40, 139. von 40 bis 50, 151. von 56
1641 1877 2487 1922 bis 60, 124. von 60 bis 70, 115. von 70 bis 80, 98.
1646 2000 2478 2052 verstorben. Ueberhaupt aber sind im ganzen König
1652 2041 2439 2108 reiche über 15000 mehr geboren, als gestorben.
1646 2128 2476 2210 Wechsel-Cours & Species d. 23. Jan. 1766
1644 2195 2433 2273 Amsterdam 41 Tage 307gr. 71 Tage 3054 gr.
2078 2243 2342 2301 6 W. 131½ gr.
1641 2240 2007 2318 Hamburg 3 W. 132 gr.
2011 2275 2370 2342 Dantzig 27 pr. Cto.
1639 2292 1752 2340 Berlin
2108 2310 2474 2379 Alberts Taler 136 gr.
1641 2314 2039 2398 Ducaten neue 9 fl. 7gr.
2009 2357 2476 2437 Alt Polnisch Geld 134 pr. Cto
1641 2368 1866 2444 Rubel 120 gr.
1641 2467 2478 2550 Diese Gelehrte und Politische Zeitung wird des Montag
1687 2526 2446 2586 und des Freytags Vormittags um 10 Uhr in dem
1797 2563 2351 2627 Kanterschen Buchladon ausgegeben.
