2479 3213
354 443 1222 522 Schulen, so viel wie wissen, nur in Jerusalem wa¬
361 507 1215 557 ren; anderntheils, wenn es etwas Gewöhnliches
361 555 1215 598 von Christo gewesen wäre, in die theologische Schu=
358 598 1213 643 le zu gehen; so könnten seine Eltern sich unmöglich
358 635 1205 689 so sehr bekümmert haben, da sie ihn vermißten, si¬
352 680 1215 730 würden ihn auch gleich zuerst und eher in der Schu¬
352 719 1215 766 le haben, als sie ihn unter den Nachbarn und Ge¬
352 760 751 810 freunden suchten. — —
786 760 1215 816 Doch wir sind bey dieser
356 801 1213 855 Anzeige schon zu weitläuftig gewesen, und merken
345 842 1207 896 nur an, daß der Herr V. S. 48. seine bekannte Hy
352 881 1209 935 pothese, daß Paulus der Schriftgelehrte sey, der Je¬
356 930 1207 978 sum ehemals versucht hat, noch immer weg behaupte
350 969 1207 1021 und von seinem Gegner einen Beweiß verlangt, daß
356 1010 1207 1075 sie der Zeitrechnung oder andern Umständen wider
345 1051 1207 1097 spreche. Ohne uns in diesen Zwist zu mischen, wol¬
343 1094 1205 1144 len wir hier nur das Urtheil des Hrn. D. Ernesti,
343 1133 1200 1202 welches er über diese Hypothese, eben bey der Recen¬
1248 436 2098 520 sion des jetzigen Boysenschen Werks gefällt hat, an¬
1425 516 2096 566 Jch kann, sagt dieser große Kritikus, in
1241 512 1388 566 führen.
1241 550 2088 596 "dieser Meynung nichts als eine Möglichkeit finden.
1239 594 2090 643 „Denn zu einer Wahrscheinlichkeit gehöret mehr,
1237 630 2094 684 "als daß Paulus zu der Zeit gelebet, ein Phari=
1252 676 2092 723 "saer, geschickt und eifrig im Judenthum gewesen
1254 717 2090 769 'ist; Sie erfordert Zeugnisse und Geschicte, welche
1252 760 2088 807 "eine nähere Verbindung der Sache mit der Person
1252 801 2090 857 Pauli anzeigen, als die Zeit, und die angezuhrte
1252 844 2088 894 "Umstände sind, die Paulo mit vielen andern gemein
1254 885 2085 937 sind, oder seyn können." Dies Urtheil mag dann
1230 924 2088 971 den Ausschlag geben, ob Herr Boysen oder sein
1239 969 2079 1021 Gegner Recht habe? Wir wünschen indessen, daß
1239 1008 2081 1060 die Fortsetzung der gegenwärtigen Arbeit des Herrn
1230 1051 2081 1101 V. baldigst und mit neuen Vortheilen für die Lieb¬
1226 1090 1997 1148 haber der biblischen Geschichte erscheinen möge.
1237 1133 2070 1200 Kostet in den Kanterschen Buchhandlungen 24 gr.
568 1243 954 1300 Haag, den 17. Dec.
380 1287 1198 1343 Dem Verlaute nach, haben die Deputirten der
341 1323 1198 1377 Generalstaaten sich endlich mit dem Churpfälzischen
335 1373 1192 1420 Minister, Hrn. Cornet, über einen abgefaßten Ver¬
337 1416 2072 1479 gleichs=Entwurf vereinbaret, welchemnach die zwi= mein großer Zusammenfluß neugieriger Zuschauer,
339 1464 2070 1518 schen der Republik und Churpfalz obwaltende Strei= nicht allein aus den hiesigen Einwohnern, sondern
335 1500 1192 1541 tigkeiten, sowol in Betref des Darlehns, als Dero
328 1537 2064 1602 Forderungen an die Seemächte, zugleich beygeleget am Sonnabend seine Reise von hier nach Hamburg
330 1580 1192 1634 werden sollen, auch des Endes folgende Einrichtung
330 1619 1185 1673 getroffen worden: Es treten Se. Churfürstl. Durch¬
330 1673 1695 1714 laucht alle Dero Forderungen an die Interessenten und auf dem Lande sehr stark.
330 1703 1192 1751 ab, und erstatten für die annoch überbleibende Sum¬
326 1742 1187 1796 me 65 vom Hundert, welche der Banquier Tobias
330 1787 1181 1833 Boas, in sechs monatlichen Terminen abzuführen,
330 1826 2059 1887 über sich genommen, dagegen bis zu gänzlicher Til= schiednen Werken, im 73sten Jahr seines Alters. Un¬
330 1869 1181 1923 gung dieser Schuld, die Einkünfte von dem Marg
322 1906 1172 1967 grafthum von Bergen op Zoon. zum Unterpfand
319 1947 1177 1999 habe. Der Königl. Preußische Minister, Hr. von
326 1997 1177 2042 Thulemeyer, übergab jüngst den Generalstaaten ein
322 2038 1179 2090 Memorial, des Inhalts: "Daß, da ein gewisser,
322 2077 2051 2135 „Namens Ravens, welcher während dem letzten Suc= sind daselbst verschiedene Catalonische Schiffe mit
315 2111 1177 2174 „ceßionskriege für die Völker der Republik Lieferun¬
341 2161 1164 2217 gen gethan, verstorben, und den König, seinen
330 2202 1170 2252 "Herrn, zum Erben seiner auf 300000 Fl. sich be¬
328 2245 1170 2293 laufenden Forderungen an die Republik eingesetzet;
313 2284 1177 2344 „so hoffeten Se. Majestät, Ihro Hochmögenden
335 2366 1977 2431 "hen wollen, sondern vielmehr dieses Geschaft be= Havre, mit gleichen Ladungen erwartet worden.
335 2409 499 2463 richtigen
518 2422 965 2504 Odensee, vom 15 Dec.
313 2573 1166 2627 des Magistrats Zulassung, ließ er sich die 2 folgende
1218 1226 2075 1308 sehen. Jede Person gab 6 Lßl. Diese Taxe war
1222 1302 2072 1347 von dem Magistrate vergeschrieben, worgegen aber
1222 1336 2072 1392 der Führer des Riesen taglich 5 Reichsthaler an die
1215 1375 2072 1438 hiesigen Armen zu erlegen hatte. Es ist ein unge¬
1211 1505 2062 1552 auch vom Lande, gewesen. Bemeldeter Riese wird
1211 1587 2057 1638 fortsetzen, wo er sich den Winter über aufzuhalten
1207 1632 2064 1695 gedenket. Die Viehseuche graßiret gegenwärtig hier
1410 1705 1796 1766 Paris, den 13. Dec.
1241 1723 2055 1803 Den 2ten starb allhier der Herr Crevier, Professor
1207 1772 2057 1850 Emeritus, bey unserer Universität, Autor von ver¬
1209 1878 2059 1930 ter andern Ausarbeitungen zeichnet sich seine Fort¬
1209 1915 2051 1975 setzung von Rollins römischer Historie vorzüglich aus.
1418 1960 1837 2018 Madrit, de 28. Nov.
1237 1988 2053 2053 Der Hof scheinet beschlossen zu haben, bey Cadix
1202 2044 2053 2096 große Pulver=Magazine anzulegen. Vor 14 Tagen
1194 2131 2049 2176 4000 Centnern Kanonen=Pulver angekommen, wel=
1202 2170 2046 2215 che auf der Insel Lion sind aufgelegt worden. Die
1198 2206 2049 2258 französische Fregatte, die Invidelle, hat gleichfals
1198 2254 2051 2303 1878 Centner Pulver von Havre de Grace gebracht;
1198 2299 2049 2344 und über dieses sind noch die französische Freaatte,
328 2325 2046 2390 "würden sich hierin der Genügleistung nicht entzie= die Legere, und 2 Kauffartheyschiffe von Brest und
1416 2418 1816 2470 Cadix, den 19 Nov.
1237 2435 2036 2504 Der Mechanicus Düsaulx von Bayonna, welcher
352 2457 2044 2554 Der Riese, Bernhard Gilli, traf den 11ten hier in Besoldung unsers Hofes steht, ist in diesen Ta¬
315 2532 2034 2595 ein, und nahm sein Logis auf dem Posthause. Auf gen von Madrit hierselbst angekommen Er wird
1198 2584 2040 2634 sich unverzüglich nach der Havana einschiffen, wo er
315 2614 2042 2690 Tage, von 11 Uhr Vormittags, bis 7 Uhr Abends, die bey der letzten Belagerung, am Eingange des
1882 2670 2036 2752 Havens,
