2479 3213
723 1478 1672 1555 6tes Stück. Montag, den 20. Jenner 1766.
529 1580 989 1642 Leipzig und Breslau.
375 1606 1169 1680 Bey J. F. Meyer. Briese zur Bildung des Ge
339 1670 1181 1717 schmacks: an einen jungen Herrn von Stande. 2ter
345 1710 998 1759 Theil. 1 Alphab. und 1 Bogen, in 8.
350 2075 1192 2130 seyn, die seinem Genie am angemessensten ist: und
1192 1557 2056 1629 den vorausgeschi kten allgemeinen Einleitungen fan¬
1196 1608 2043 1665 den wir hin un) wieder ungenannte Auszüge: aus
1203 1648 2043 1706 Wartons Versuch über Popens Genie:
1188 1691 2049 1742 wovon insonderheit im 3 - 5 Briefe bey Gelegenheit
373 1710 2060 1800 Da der erste Theil dieser Briefe vom Publikum der poetischen Historie sehr sichtbare und oft lächer¬
345 1776 2058 1847 gut aufgenommen ist: so erwartet man vielleicht liche Spuren vorkommen. Indessen ohngeachtet
345 1819 2051 1879 auch von diesem zweyten Theil eine vollständige dieser Unvollkomwenheiten schlossen wir im begeister¬
341 1851 2049 1921 Nachricht, und ein unpartheyisches Urtheil. Herr ten Ton! Bene, bene bene! Und mit diesem Zu¬
345 1894 2056 1962 Dusch, scheint durch eine Reihe von allerhand Brie= ruf werden wir auch jetzt fortfahren können. Der
350 1936 2054 2011 fen, die bald freymüthig, bald Briefe an Freunde 1ste Brief frägt mit Batteux: ob ein Lehrgedicht
356 1979 2051 2049 und Freundinnen, bald Briefe zur Bildung des Her= Poesie seyn könne? Die Ein= und Uebergänge ge¬
348 2019 2049 2090 zens hießen, endlich an eine Materie gekommen zu rathen dem Verfasser etwas langweilig: endlich
1209 2069 2054 2115 kommt er auf die Ursache, warum Batteux dem
356 2101 2045 2177 die die 2 benannte Theile von Briefen zur Bildung Lehrgedicht die poetische Stelle hat streitig ma¬
345 2141 2051 2211 des Geschmacks anfüllet: es ist ein Urtheil über chen wollen, da er doch der historischen Wahrheit ein
345 2184 2051 2254 die Lehrgedichte. So wie ihm die Kunstrichter Anrecht zur Dichterklasse nicht vorenthält? Er ant¬
345 2222 2051 2297 zu Gedichten vorzüglich diese Sphäre angewiesen: wortet: "Vom historischen Wahren zum Poetisch¬
350 2265 2054 2339 so zeigt er mit seiner Kritik auch praktisch, daß Lehr= wahrscheinlichen ist nur ein kleiner Schritt: beyde
350 2307 2051 2380 gedichte sein Feld seyn können. — Im ersten Theil sind von einerley Natur: jenes kann die Erdichtung
350 2348 2054 2418 machten die Georgischen Gedichte den Anfang, sehr wohl zum Kleide nehmen. Aber das Dogma¬
360 2386 2049 2459 and die komische Epopee schloß: bey jenen vermiß tischwahre? — man sieht gleich, daß dies schon von
345 2433 2062 2495 ten wir zwar Zergliederungen aus dem Hesiod, und der Erdichtung entfernter sey, daß es mit der poeti¬
350 2480 2056 2544 schrieben es dem Mangel einer griechischen Zun= schen Fiktion oft kontrastire; und wenn Batteux
345 2506 2051 2582 ge zu: bey dem scherzhaften Heldengedicht schien uns nichts als die Erdichtung Poesie nennen wil: so
350 2565 2058 2661 der schöpferisch= kritische Geist zu fehlen; und bey ist über das arme Lehrgedicht schon der Stad gebro=
1900 2589 2007 2653 chen.
