2663 3213
671 404 1528 486 4996 eheliche Kinder, als, 2596 Knaben und 2400
674 466 1537 525 Mädchen, und über diese noch 182 uneheliche, gebo¬
678 507 1531 559 ren; und 5256 Personen, als 2617 mannlichen und
680 553 1539 607 2639 weiblichen Geschlechts, gestorben. Unter den
682 589 2418 648 Gestorbenen hatten 3 Personen 100 Jahr, eine Witt der Regierung angemaßet. Ferner, daß er darin
682 630 1537 704 we 102 Jahr, 1 Mann 105 Jahr, und eine Frau
665 678 1539 734 in Meldalen, Namens Sara Gent, 107 Jahre ge¬
689 715 1537 775 lebt. Zu Hammerfest, in West=Finnmarken, ist ei¬
686 751 1535 814 ner, Namens Niels Juxen, in einem Alter von 146
697 792 1544 857 Jahren verstorben. Dieses langewöhnliche Alter
689 831 1544 907 gründet sich hauptsächlich auf seine eigene Erzählung.
695 879 1537 937 Gewiß ist indessen, daß die ältesten Leute der Gegeni
695 928 2422 980 ihn schon in ihrer Kindheit nicht anders, als einen na der Ritterschaft nicht abgestellet, den zwischen
693 969 1187 1043 alten Mann, gekannt haben.
907 984 1330 1069 London, den 24 Dec.
736 1023 1550 1103 Durch einige in voriger Woche aus Lissabon er¬
697 1077 1550 1142 haltene Depeschen, hat der Hof, wie man sagt, die
702 1136 1554 1189 Versicherung erhalten, daß Se. Allergetreueste Ma¬
708 1164 1550 1230 jestät, die bey Höchstdenenselben von unserer Nation
697 1213 1552 1278 in Ansehung des Commercii angebrachte Beschwer¬
704 1246 1550 1313 den, völlig zu heben bemühet seyn werden. Die
704 1282 1554 1356 von beyden Parlamentshäusern, an den König über¬
704 1330 1556 1399 gebene Adressen, sind voll der größten Ergebenheit für
704 1373 1554 1431 den Souverain und dessen Durchlauchtiges Haus,
704 1423 1556 1474 wie denn auch Allerhöchstdieselben beyden Häusern
704 1455 1556 1522 Dero gnädiges Wohlgefallen hierüber in den aller¬
704 1505 1561 1563 huldreichsten Ausdrucken zu erkennen zu geben, ge¬
710 1541 1561 1606 ruhet haben. Der von uns letzthin gemeldete Ge¬
710 1585 1559 1643 winn aus hiesiger Lotterie von 10000 Pf. Sterling,
708 1621 1565 1686 ist einem Kutsch= und Kutschgeschirrmacher, welche
712 1660 1567 1725 das Loos zur Hälfte hatten, zu Theil worden. Die
710 1697 1567 1781 Besatzungen zu Gibraltar und Port=Mahon, sollen
708 1744 1358 1818 näͤchstens ansehnlich vermehret werden.
749 1785 1569 1846 Den 18ten hatte die letzt angezeigte Commißion
712 1822 1576 1895 der hiesigen Stadtobrigkeit die Ehre, dem Erbprin¬
725 1867 1567 1932 zen von Braunschweig die goldene Dose, mit dem
723 1908 1565 1980 Bürgerrechte, zu überreichen. Se. Durchlaucht em¬
717 1952 1569 2034 pfingen die Abgeordnete sehr gnadig, und liessen die
717 1997 1267 2081 selben insgesamt zum Handkusse.
958 2023 1336 2098 Metz, den 17 Dec.
762 2059 1578 2139 Den 15 Nov. ist zu Verdim ein Thier getödtet
717 2113 1574 2180 worden, welches auf 15 Personen beyderley Ge¬
723 2161 1582 2228 schlechts angefallen, und einige darunter sehr hart
727 2200 1578 2267 verwundet hat. Es ist nicht ausgemacht, von wel=
727 2245 1582 2306 cher Art dieses wilde Thier eigentlich gewesen: Es
732 2290 1578 2347 soll mehr von einem Fuchs, als von einem Wolf an
725 2321 1582 2392 sich haben. Bey Eröfnung des Cadavers fand man
732 2366 1582 2429 in dem Orificio des Magens zerriebene Steine, zum
727 2407 1578 2470 Beweise, daß es mit der Wuth aufs höchste gekom=
723 2452 1585 2549 men, und in der Blase war auch schon die Vereite¬
727 2498 1012 2575 rung entstanden.
928 2511 1390 2595 Warschau, den 2. Jan.
769 2552 1595 2660 Die Klagen einiger Curlandischen von Adel wider
1561 399 2416 477 ihren Durchlauchtigsten Herzog, betreffen folgende
1559 471 2413 514 Hauptpunkte. Daß er im Jahr 1763. nach der Be¬
1565 505 2418 561 freyung aus seinem langen Arrest sich eigenmächtig, und
1559 550 2420 600 auf eine der Rechten des Lehnsherren, widrige Weise
1565 633 2416 682 zwey Königl. Commissarien, Woywoden Plater, und
1574 676 2424 727 Castellan Lipsky, alle mögliche Hindernisse in Voll¬
1567 719 2422 788 ziehung ihrer Befehle in den Weg gelegt, und da¬
1569 753 2422 803 durch das königliche Ansehen beleidigt, verschiedene
1574 801 2424 848 von Adel aus denen herzoglichen Güthern vor Ablauf
1569 842 2422 892 ihres Contracts depossediret, andere ohne Urtheil
1567 883 2422 935 und Recht ihrer Ehrenamter entsetzt, die Gravami¬
1574 967 2431 1012 ihn und der Ritterschaft errichteten Vertrage zuwi¬
1569 1010 2431 1062 der, sich eine gewisse Edictal citation in Ansehung
1580 1051 2431 1097 der Lehnsgüther ausgewürket, die Königl. Gehor¬
1580 1092 2431 1138 sams Befehle nicht in Begleitung eines Circular¬
1582 1133 2429 1185 Schreibens, wie gewöhnlich in den Districten her=
1576 1177 2431 1222 umgeschickt, sondern selbiges von den Canzeln pu¬
1582 1215 2437 1265 bliciren lassen, und endlich, daß er durch ein gewis¬
1589 1259 2439 1308 ses de Dato, Warschau, den 29. Martii, der da=
1580 1295 2433 1345 maligen Landtagsstube eingereichtes Rescript den
1585 1343 2429 1414 rechtmäßig versammleten Landtag zu zerreißen sich
1582 1384 1824 1453 nicht gescheuet.
1785 1397 2236 1479 Danzig, den 22. Dec.
1623 1438 2442 1513 Seit dem die bekannten Kaufleute in Stockholm
1582 1502 2439 1552 unglücklich geworden sind, ist der Schwedische Cre=
1591 1546 2442 1595 dit hieselbst dergestalt gefallen; daß niemand fur
1589 1591 2439 1654 Schwedische Rechnung ehe Getreyde ankauft, als
1591 1634 2442 1675 bis er versichert ist, daß die Wechselbriefe, die er
1589 1671 2439 1740 a Conto der Comittenten ziehen wird, in Hamburg
1591 1712 2280 1777 oder Amsterdam werden acceptiret werden.
1718 1753 2310 1805 Constantinopel, von 20. Nov.
1628 1772 2446 1844 Der Seeräuber Forban, welcher an der ehemali¬
1593 1839 2446 1889 gen Einführung des Admiralschiffes aus dem Archi¬
1595 1876 2439 1930 pelago nach Maltha, den grösten Antheil gehabt,
1593 1921 2446 1969 und nachher zu Magna ein Raubschif ausgerüstet,
1589 1962 2442 2023 und damit auf die grausamste Art Seeräuberey ge¬
1597 2003 2448 2059 trieben, endlich aber von einer Türkischen Zebeke
1604 2042 2444 2094 genommen, und hier aufgebracht worden, ist dieser
1604 2090 2446 2154 Tage an der Bugspriet seines Fahrzeuges, gerade
1606 2131 2213 2191 gegen Kiosk über aufgehenkt worden.
1608 2211 2448 2273 Wechsel-Cours & Species d. 16. Jan. 1766.
1606 2265 2062 2334 Amsterdam 41 Tage 307gr.
2109 2258 2390 2338 71 Tage 3054gr.
2044 2303 2293 2362 6 W. 131½/ gr.
1600 2316 1967 2379 Hamburg 3 W. 132gr.
1600 2355 1718 2403 Berlin
1975 2351 2329 2407 Dantzig 27 pr. Cto.
2066 2383 2446 2442 Alberts Taler 136½/ gr.
1608 2390 1984 2457 Ducaten neue 9 fl. 7gr.
1980 2429 2448 2485 Alt Polnisch Geld 133 pr. Cto.
1613 2435 1844 2489 Rubel 117gr.
1606 2480 2448 2558 Diese Gelehrte und Politische Zeitung wird des Montag=
1654 2541 2418 2599 und des Freytags Vormittags um 10 Uhr in dem
1757 2573 2318 2640 Kanterschen Buchladen ausgegeben.
