2479 3213
1207 1453 1712 1527 den 28. Februar 1766.
729 1462 1188 1533 17tes Stück. Freitag,
693 1559 843 1630 Halle.
385 1615 1173 1668 Kritische Briefe, die schönen Wissenschaften be¬
371 1662 1173 1736 reffend, von J. F. Kinderling, der Weltw
369 1700 920 1767 Nag. Bey J. J. Kurt. 1765.
400 1742 1177 1813 Die Kunst, sagt man, steigt immer höher, und
362 1790 1177 1875 so möchte es auch mit der Kritik gegangen seyn. Alle
366 1843 1177 1912 Welt will Seide bauen, und in Frankreich hat man
352 1883 1182 1957 gar Handschue aus Spinneweben gemacht. Alle
343 1963 1180 2030 wenn sie nur zur Signatur ihrer Waare aufsetzen
345 2003 1180 2077 konnen, wie die Gewürzhändler: supra feine Sorten
350 2092 1180 2159 wie es wolle. Sehr wenige haben den Horaz be¬
352 2127 1177 2180 griffen: fungi vice cotis, indessen ist das Feld der
356 2176 1180 2226 gesunden und bescheidenen Kritik eines der lehr¬
352 2212 1182 2277 reichsten, und die Deutschen würden in den schönen
350 2287 1180 2344 wdenn die Fackel der Kritik nicht so manche Schriften
352 2327 1182 2397 beleuchtet, und die gelehrte Durchstecherey alle Waa¬
352 2363 1184 2437 den zollfrey durch den Schlagbaum durchgehen las=
358 2410 1180 2481 sen. Dieses würde Nachläßigkeit seyn, so wie un¬
350 2452 1180 2511 gerechte oder seichte Kritiker als harte Zöllner, und
352 2498 1186 2574 die letzteren nach dem gewöhnlichen Zusatz als Sün=
1203 1542 2043 1607 Briefe, Beyträge u. s. f. indessen können wir mit
1201 1592 2043 1645 Wahrheit sagen, daß die Briefe des Herrn Mag.
1201 1632 2051 1685 Kinderlings einen rühmlichen Platz in diesem
1203 1668 2037 1725 Fache einnehmen, wenn sie auch nicht in der Zueig¬
1203 1712 2039 1767 nungsschrift Schutzbriefe von Meiern und Mil¬
1201 1750 2045 1805 lern, einem Paar verdienstvollen Lehrern Deutsch¬
1201 1790 2043 1849 lands, hätten. Jedoch wir wollen sie durchlaufen,
1201 1828 2043 1887 und Kraft unsers tragenden Amtes wieder hin und
1203 1868 2037 1936 her, wo es nöthig ist, die Feile der Kritik darüber
352 1917 2045 1969 Welt. möchte man zuweilen glauben, will kritisiren, gehen lassen, oder wo es recht ist, ehrenschuldigst ad¬
1203 1961 2045 2016 stipuliren. Der erste bis dritte Brief widerlegt
1201 1999 2037 2049 Bützowische Gedanken vom Begrif der Dichtkunst,
345 2039 2039 2117 von Gewürzen, Zucker und dergleichen, es sey nun der chimärische Grundsätze in der Poesie verbannen
1203 2085 2033 2136 will, aber einen neuen Grundsatz aushecket, der auf
1203 2129 2035 2178 bloßen Eigendünkel beruhet und nichts neues sagt. —
1205 2161 2037 2214 Schon Racine der jüngere hat den Hauptbegrif
1201 2199 2041 2254 der Poesie ins Rühren gesetzt, und wir geben dem
358 2247 2037 2296 Wissenschaften gewiß nicht so weit gekommen seyn, Herrn K. Beyfall, daß die baumgartensche Er¬
1207 2285 2037 2338 klärung eines Gedichtes immer die vorzüglichste
1201 2327 2035 2376 bleibt. Der vierte bis zum dreizehnten Brief ent¬
1207 2363 2030 2418 hält einen einsichtsvollen und angenehmen Commentar
1203 2410 2035 2458 über des Herrn Rect. Lindners Anweisung zur
1207 2452 2037 2513 guten Schreibart. Er rühmet es als ein Buch, wel¬
1205 2487 2037 2544 ches brauchbar und das beste für Anfänger wäre, das
350 2525 2035 2626 der anzusehen wären. Wir haben genug kritische wir von der Beredsamkeit hätten, welches Geschmack,
1929 2572 2037 2639 Beur¬
