2663 3213
778 403 2493 493 tigen Welt empfinden und wie süß und freundlich Anmerkung betrift einen Vorwurf welchen der Herr
783 469 1633 533 der Herr auch schon in dieser Prüfungszeit ist, schme¬
783 522 2489 567 cken können, und wie wohl denen ist die auf ihn mals, spricht er in seiner Vorrede, "von mehrern
789 559 1629 616 trauen; Christen die nicht blos ihren Glauben auf
785 599 1627 648 den Lippen tragen, werden von der Wahrheit dieser
785 646 2484 714 Stelle urtheilen und sie zugestehen können. In ei= denen weder dem reinen Lehrbegrif noch der rei¬
776 676 2491 734 nem verschlossenen Kämmerlein, in sanften Tränen nen Dichtkunst zu nahe getreten würde." Der
785 731 2482 774 zerfließen, mit feuriger Andacht die Welt verachten reine Lehrbegrif ist wohl offenbar der reinen Dicht¬
776 768 1403 836 und singen und empfinden zu können:
983 808 1354 876 Denen, die Gott lieben
987 859 1358 934 Muß auch ihr Betrüben
989 908 1311 983 Lauter Himmel seyn.
776 936 1627 1019 Das ist eine Seligkeit gegen die alles Glück der
774 1013 2199 1088 Welt wie gar nichts ist. Genug von einer Materie gebäude zu ziehen, die also heißt:
774 1051 1621 1107 die den Jüden eine Aergerniß und den Griechen eine
776 1098 1621 1143 Thorheit bleibt. — Wir kommen auf den Herrn
778 1132 1621 1186 Pros. Märk der uns Versuche in heiligen Liedern
770 1175 1621 1224 überliefert, und dessen Absicht, wie wir aus allen se¬
770 1213 1621 1273 hen, besser als die Ausführung ist. Der Herr Prof.
778 1262 1612 1314 Gellert hat die geistlichen Lieder in Lieder fürs Herr
770 1288 1610 1354 und in Lieder zum Unterricht eingetheilet. Wir fin
770 1331 2474 1390 den von beyden Arten Beyspiele in diesen Versuchen, zu haben, und warum sollten wir also diese Stelle
768 1390 1616 1444 allein damit wir dem Herrn Verfasser derselben nicht
783 1420 1608 1474 schmeicheln, sie gefallen uns nicht. Die Singwei
774 1467 1616 1516 sen (vulgo Melodien) worauf sich der Herr Pro¬
770 1497 2469 1550 fessor beziehet, mögen seyn wie sie wollen, wir ver, mer zu zärtliche Ohren dawider einwenden mögen
768 1548 1612 1591 langen aber vom geistlichen Liede mehr als eine Me¬
770 1587 1610 1636 lodie. Sollen wir einige Lieder zergliedern um un¬
774 1627 1606 1676 ser gerechtes Urtheil zu rechtfertigen? oder sollen wir
763 1668 1610 1715 um schwache Brüder zu schonen, die sich leicht an der
770 1708 1606 1764 Freiheit des Kunstrichters stoßen könnten, uns viel
766 1753 1604 1806 mehr auf die Empfindungen eines jeden christlichen
763 1789 1610 1840 Lesers beziehen? Wir thun das letzte, und begnü¬
763 1834 1604 1879 gen uns annoch ein Paar Anmerkungen dem Herrn
761 1877 1602 1919 Verfasser mitzutheilen, die für ihn sehr nützlich aus
774 1911 1604 1964 fallen dürften. Die Oden, so der Christ als
768 1951 1604 2000 Held überschrieben, sind so wenig Oden, daß wir
759 1992 1606 2045 dem Herrn Verfasser gerade ins Gesicht gestehen, daß
761 2039 1602 2088 es Stücke sind, die wegen des Zwanges den er sich
761 2079 1597 2132 angethan jeden Vers zu schließen: der Christ
759 2115 1602 2171 nur ist ein Held, wahrlich Mitleiden verdie¬
753 2162 1606 2218 nen. — Hienächst nehmen wir uns die Freiheit
759 2201 1604 2256 dem Herrn Verfasser anzuzeigen, daß die Vorrede
753 2241 1604 2292 die der sel. Herr von Mosheim zu diesen Liedern zu¬
753 2288 1604 2339 gesagt, sie gewiß nicht besser auch nicht schlechter ge¬
753 2327 1604 2378 macht hatte, und daß der nähere Wink der anbe¬
755 2365 1608 2416 tungswürdigen Vorsehung, welchen der Herr Pro¬
759 2408 1599 2455 fessor in der Zuschrift uns näher kennen lehret, in¬
746 2455 1602 2501 dem er ihn in weiter nichts als den gnädigen Befehl
753 2489 1597 2538 der Herzogin zu Mecklenburg setzer, zwar für ihn
746 2533 1597 2578 wichtig genug seyn können: was aber die Welt dazu
746 2574 1589 2642 sagen wird, das läßt sich leicht errathen. Die letzte
1648 484 2480 540 Professor unsern alten Liedern macht. Es ward da¬
1648 567 2478 616 Freunden gewünscht, daß solche Lieder zur allge¬
1648 610 2482 650 meinen Erbauung im Druck erscheinen möchten, in
1646 774 2486 817 kunst wegen da, denn an der Orthodoxie unserer al
1642 815 2482 859 ten Lieder ist noch nie gezweifelt worden. Die See
1642 859 2482 902 lenschläfer haben sich zwar die Freiheit genommen,
1646 898 2478 960 aus dem bekannten Liede des Helmbold: Von
1642 936 2482 987 Gott will ich nicht lassen, denn er läßt nicht von
1646 981 2478 1053 mir rc. eine Stelle übel zu deuten, und auf ihr Lehr¬
1830 1073 2267 1143 Wir werden nach dem Tod
1838 1115 2248 1188 Tief in die Erd begraben,
1849 1164 2258 1239 Wenn wir geschlafen haben
1845 1213 2226 1282 Wird uns erwecken Gott.
1633 1262 2476 1337 allein Herr Prof. M. scheinet hieran nicht gedacht
1640 1371 2474 1414 rechtfertigen. Was aber die reine Dichtkunst anbe¬
1636 1412 2476 1456 trift, so ist selbige, wie bekannt, nicht die Hauptei¬
1636 1454 2476 1503 genschaft eines geistlichen Liedes, und was auch im
1633 1533 2469 1580 ein gewisses Ehrwürdigalte stehet unsern Liedern tref
1636 1576 2476 1621 lich, und setzet uns in ein feierliches Erstaunen. Die
1640 1616 2469 1665 Empfindung will beym geistlichen Liede mehr als der
1640 1657 2474 1708 Geschmack, und was hilft Schwung und Wendung,
1633 1693 2469 1747 wenn es von ihnen heißt: das Herz ist ferne von ih¬
1633 1744 2467 1783 nen. Um aber dennoch den Herrn Prof. M. zu
1636 1776 2467 1845 überführen, daß es in unserm Gesangbuche Lie¬
1629 1819 2474 1864 der gebe, welche die Seinigen auch in Absicht auf die
1636 1862 2469 1906 Dichtkunst, sehr weit zurück lassen; so schlagen wir
1633 1904 2463 1951 ihm z. E. die vortreflichen Lieder: Ich steh in Angst
1629 1945 2463 1987 und Pein rc. Jch bin ja HErr in deiner Macht rc.
1678 1983 2467 2030 Err, ich denk an jene Zeit rc. vor, um die seinigen
1619 2026 2463 2077 nach ihnen zu beurtheilen. Welche heilige Poesie
1619 2064 2463 2130 herrscht nicht in jenem Liede eines preußischen Lie
1621 2109 1828 2171 derdichters:
1717 2152 2269 2228 Wen hab ich nan, als dich allein,
1712 2201 2218 2260 Der mir in meiner letzten Pein
1723 2239 2350 2305 Mit Trost und Rath weiß beyzuspringen?
1717 2290 2269 2346 Wer nimmt sich meiner Seelen an,
1710 2320 2361 2386 Wenen nun mein Leben nichts mehr kann,
1710 2369 2284 2431 Und ich muß mit dem Tode ringen,
1710 2416 2254 2474 Wenn aller Sinnen Kraft gebricht;
1710 2452 2344 2518 Thust du es, Gott, mein Heiland, nicht?
1759 2529 2361 2632 Nein, nein! ich weiß gewiß mein Heil,
1702 2587 2239 2678 Du lässest mich dein wahres Theil
