2479 3213
725 1490 1668 1565 29tes Stück. Freitag, den 11. April, 1766.
493 1597 1061 1668 Halle und Helmstädt 1765.
390 1642 1203 1724 Die Mnemonik und Hevristik nach ihren ersten
358 1681 1162 1773 Hagen, entworfen von Joh. Christ. Dommerich.
360 1792 1194 1874 schaft der genießbaren Thiere des alten Testaments
367 2465 1886 2547 seit nichts erfindet, widerlegt seine eigne Theorie, chen, und kaum die rechte verfehlen wird.
364 2512 1203 2590 aud zeigt durch sein Exempel wie unzulänglich seine
371 2600 1273 2686 nicht brauchen, und ein dummer Kopf wird mit allen ab
1216 1582 2084 1649 diesen feinen Regelchen ein dummer Kopf bleiben.
1213 1625 2082 1683 Das Gedächtniß wird ehr mechanisch traktirt wer¬
1758 1668 2073 1713 — Wir wünschten
1218 1674 1743 1724 den können, als der Verstand
1216 1711 2077 1764 daß der Herr Professor seine Handgriffe in der Mne¬
390 1745 2071 1831 Das Wiederkäuen war eine nothwendige Eigen= monik und Hevristik zu Ausmittelung eines Infundi¬
1218 1794 2077 1859 buli intellectualis anwenden möchte, und denn mag
358 1831 2082 1917 dud im neuen scheint es eine Eigenschaft vieler Ge= er seine Abrisse und Gedanken mit einem Probatum
358 1876 2067 1964 teytten zu werden, die ihre Schriften aber ungenieß, est, noch zehnmal wieder drucken lassen. Pag. 59.
358 1923 2075 1981 dat macht. Herr Prof. Dommerich der sich in ver= sagt Herr Dommerich so oft ein zärtlicher Daphnis
360 1957 2079 2043 schieonen Feldern der Wissenschaften immer mit glei= die schattenreiche Linde sieht, so oft sein Fuß die
364 2004 2071 2084 dem Verdienst gewiesen, liefert auf diesen 10 Bo= bunte Flur betrit, wo er seine geliebte Phillis mit
356 2041 2067 2129 Hen Anfangsgründe zwoer Künste, deren Abhand= ihrem ganzen Reitz antraf, wo ihre Sprache nichts
367 2084 2069 2165 tang den Newtons, Locken und Leibnitzen künftiger als Empfindung war; so oft erinnert er sich auch der
360 2124 2079 2212 den aufbehalten ist, weil die vorige sich nicht an sel= angenehmen Stunden, die er in ihrer Gesellschaft
358 2172 2071 2251 rege wagen wolten — vermuthlich weil sie einsahen: zugebracht, die er mit ihr durchgescherzt, sie stellt sich
358 2210 2082 2294 das besonders eine Hevristik sey, wenn sie nicht bloß ihm und seinem Gedächtnisse auf das lebhafteste
360 2253 2073 2330 chitosophische Fabrikanten bilden soll. Wolf und dar — und nach eben dieser Gesellschaftsregel er¬
364 2292 2069 2373 Saamgart haben über diese Materie in wenigern Wor= innern wir uns beym Anblick der Dommerichschen
362 2337 2069 2388 dent mehr gesagt als der Verfasser, der die kunstmä- kleinen Systeme einiger Stellen aus dem Leben und
367 2373 2069 2433 orge Philosophie in seiner Vorrede nicht ohne Absicht den Meynungen des Tristram Shandi, von denen
364 2414 2071 2502 srerherdigt, in vielen erzählt. Wer in einer Hevris der Leser die Anwendung nach Belieben selbst ma¬
1280 2497 2077 2564 'Alles, fügte mein Vater mit sachter Stimme hin=
360 2542 2079 2624 Kanstgriffe sind — Ein Genie wird die Methode zu, alles Herr Yorik hängt von den Auxiliarwörtern
1408 2583 2079 2673 durch ihren Gebrauch kann man einem
1899 2624 2073 2688 Menschen
