2663 3213
788 412 1651 489 Menschen in wenig Lectionen über eine jede Mate¬
797 485 1649 530 rie pro und contra discuriren, und alles sagen
795 526 1658 566 und schreiben lehren was nur kann gesagt und ge¬
803 566 1651 611 schrieben werden, ohne ein Wort auszustreichen, zur
803 609 1651 652 Bewunderung aller derer die ihn sehen. — — Nun
801 643 1649 696 ist der Nutzen der Auxiliarien, die Seele auf einmal
790 694 1649 739 von selbst über die Materialien, die ihr zugebracht
797 737 1649 784 worden in Gang zu bringen, und durch das Umdre¬
795 780 1651 825 hen dieser großen Maschine, um welche sie rund um
795 820 1651 878 gewickelt sind neue Wege der Nachforschung zu eröf¬
795 857 1615 914 nen, und aus einer Idee Millionen zu gebähren.
869 919 1647 993 Im 46ten Capitel des 6ten Theils, führt Herr
801 972 1611 1025 Shandy ein Verzeichniß dieser Auxiliarien an
795 1025 1658 1072 Nun kann, fuhr mein Vater fort, bey dem rechten
795 1066 1647 1117 Gebrauch und der rechten Anwendung derselben,
788 1115 1645 1171 wenn eines Kindes Gedächtniß darin geübt worden,
790 1154 1643 1203 keine Idee, sie mag noch so unfruchtbar seyn,
790 1192 1649 1248 in sein Gehirn kommen, daß es nicht daraus ein
788 1235 1651 1297 Magazin von Begriffen und Schlüssen nehmen könn=
795 1273 1643 1327 te — Hast du je einen weissen Bärgesehen, Trimm,
795 1320 1651 1363 rief mein Vater? Nein mein Herr, erwiederte
795 1359 2497 1404 Trimm. Aber du könntest doch von einem discuri= wollen unsern Lesern kurz sagen, daß sich die Me
795 1401 1651 1451 ren wenns nöthig wäre? Wie ist das möglich, Bru¬
795 1442 1645 1498 der, sagte mein Oncle, wenn der Corporal niemals
795 1483 1647 1536 einen gesehen hat - das ist eben die Sache, er¬
797 1530 1643 1602 wiederte mein Vater, und ich will dir die Möglich¬
790 1566 1158 1632 keit davon jetzt zeigen
831 1617 1645 1715 Ein weisser Bär — sehr gut: Habe ich je einen
788 1690 1651 1745 gesehen? mag ich je einen gesehen haben — kann
790 1737 1645 1786 ich je einen sehen? Ich wollte daß ich einen weissen
788 1779 1645 1831 Bären gesehen hätte. -- Wenn ich einen weissen
790 1822 1500 1880 Bären sehen sollte, was würd ich sagen rc.
816 1859 1639 1955 Kostet in den Kanterschen Buchhandlungen 21 gr.
1100 2008 1346 2102 Zelle 1755.
822 2064 1641 2145 Das Unerwartete im Heyrathen, oder, die Frau
780 2134 1634 2207 mit zwoen Männern zugleich, ein Lustspiel, von I.
786 2177 1502 2245 H. Steffens, Rektor der Zellischen Schule.
848 2226 1634 2294 Es giebt bekannten Rechtens zwar zweyerley
782 2275 2303 2339 Arten von Lustspielen, eines ein Lustspiel schlechtweg, ist edel und gewissenhaft. Rara avis!
773 2326 1634 2373 und eines das man das weinerliche Lustspiel zu be¬
782 2369 1630 2408 nennen pflegt, zu welcher Klasse aber das Unerwar¬
778 2410 1628 2467 tete im Heyrathen gehöre, ist ein Räthsel, das sich
775 2446 1628 2504 so leicht nicht lösen läßt. Es ist, die Wahrheit zu
775 2495 1628 2546 gestehen, ein unselig Mittelding von beyden, oder
775 2536 1628 2585 soll es vielmehr seyn. Der liebe Herr Rektor der
782 2572 1634 2630 Zellischen Schule läßt in 2 Auftritten so viel Wun¬
780 2610 2493 2694 der geschehen, als man kaum in 5 Aufzügen vertra= Rektor an diesem Stücke geholfen hätte. Es komme
1675 406 2506 491 gen würde, und wenn man ihm auch den Vorwur
1679 476 2510 547 schenken wollte, daß er die schwedische Gräfin des
1675 515 2506 570 Herrn Prof. Gellerts gelesen; so kann man sich
1681 562 2506 611 dennoch nicht entbrechen ihm ohne Umstände anzu
1681 602 2504 658 zeigen, daß seine Fabel auf kein Theater gehört
1673 647 2506 707 Die Absicht des Verfassers ist dem Dorimon in den
1681 684 2504 746 Mund geleget, welcher sich auf der 24ten Seite alst
1679 735 1955 808 vernehmen läßt:
1995 780 2220 861 Dorimon.
1709 818 2499 908 "Ich bin entschlossen der Welt durch dies Bey
1681 884 2508 953 spiel zu zeigen, daß eine dreyfache Einigkeit unter
1675 931 2499 978 Ehegatten möglich sey. Philomide ist zu rechtschaf
1673 972 2493 1049 fen als daß sie diese Absicht nicht befördern sollte.
1982 1019 2226 1100 Philomide.
1720 1070 2499 1143 Ich mache mich auf die feierlichste Art verbind
1673 1117 2487 1194 lich, alle Bedingungen zu erfüllen, die bey diese
1681 1179 2284 1245 Vergleiche können gefordert werden.
1726 1213 2499 1282 Mit ihrer Erlaubniß Madame, sie machen sic
1668 1256 2484 1324 zu mehr auf die feierlichste Art verbindlich, als
1671 1324 2393 1371 in diesem sündigen Leben ausführen läßt!
1673 1401 2493 1444 dame Philomide, die ihren ersten Mann vor tot
1675 1442 2495 1495 hält, zur zweiten Ehe, nach junger Witwen Weis
1673 1485 2493 1534 versteht, und nachdem ihre erste Liebe in der Perso
1673 1530 2499 1570 des Megadors sich hervorfindet, behält sie zwe
1675 1566 2499 1632 Männer; allein wer kann diesen Entschluß ohne Ein
1673 1613 2489 1666 pörung seines Herzens ausstehen? Wenn noch
1675 1653 2499 1698 ein Mann zwey Frauens auf diese Weise im Nach
1673 1692 2497 1747 spiel bekommen hätte; so wåre es doch wenigsten
1666 1745 2455 1788 nicht wider das Recht der Natur gewesen, ol
1666 1777 2508 1841 gleich die bürgerliche Gesetze verdammen. Der ge
1668 1816 2504 1873 genwärtige Nachspielcasus aber ist wider alle Rechte
1668 1856 2504 1908 und kann, wenn man auch noch so wenig sinnlich ist/
1660 1901 2502 1948 nicht ohne gewisse Schwierigkeiten gedacht werden,
1666 1944 2499 1997 über die ich den Herrn Rektor gerne ein Paar Wor
1668 1989 2499 2053 te allein gesprochen hätte. Hieraus erhellet aber
1664 2025 2495 2096 mals auf eine unumstößliche Weise wie zu einen
1666 2074 2493 2138 Lustspiel mehr als das Unerwartete gehöre wenn e
1668 2115 2493 2170 gefallen soll. Eines können wir annoch nicht unan
1668 2149 2499 2215 geführt lassen, was wirklich mit uuerwartet ist, oo
1660 2194 2497 2254 gleich es der Herr Verfasser zum Titel nicht schlagen
1660 2239 2491 2307 wird. Der Karakter des vorkommenden Advokatel
2346 2275 2495 2341 Es ist be
1664 2316 2495 2376 kannt, daß man im gemeinen Leben weit ehe 10
1664 2361 2491 2425 redliche Advocaten als einen im Lustspiele antreffen
1653 2401 2499 2467 wird, und desto mehr billigen wir den Originalschene
1653 2444 2497 2512 den der Herr Rektor rühmlichst unternommen. Nur
1653 2487 2484 2540 wünschten wir, daß das Stück nicht so unbrauchba
1651 2523 2493 2587 wäre, in welchem dieser Advokat vorkommt, und noch
1658 2572 2493 2621 ein Wunsch — daß kein Rechtsgelehrter dem Herrn
