2479 3508
538 661 1330 729 polium mit falschen und gedehntem Ernst — erlau¬
538 721 1330 767 ben sie uns dagegen etwas mit Scherz zu verdienen.
544 834 1738 878 leicht haben solche Zweydeutigkeiten Gelegenheit ge¬ genannt werden könnte.
534 876 1326 924 geben gewisse Eigenschaften bey verschiednen Natio
538 912 1330 952 nen für Fehler oder Tugenden zu erklären. Das
540 950 1326 998 Wort coquet hat eben dieses Schicksal, und doch sagt
540 1061 1326 1113 macht man sie sittsam und wahrhaft
540 1147 729 1201 daraus.
581 1151 1332 1221 Vermuthlich werden die Damen einem Philoso¬
544 1253 1338 1298 alles Lob aus der Schönheit und Güte ihrer Natur
550 1294 1336 1344 hernimt. Vergessen sie immerhin eine schlaue Pa¬
546 1376 952 1424 sie Rousseausche Sophien
544 1519 1147 1581 nicht behaupten daß sie dies anführen:
669 1563 1161 1621 Bloß darum weil sie haben wollen
663 1593 1093 1637 Daß wir sie widerlegen sollen.
538 1615 1340 1691 Wir nehmen an, daß sie es von Grund des Herzens
544 1744 1272 1794 was coquet seyn heißt, und dann werden sie es.
601 1772 1336 1830 Die wahrhafte Coquetterie besteht in der
538 1794 1342 1864 Kunst, das gehörig eingeschrenkte Verlangen liebens¬
544 1858 1330 1908 würdig zu seyn und zu gefallen, zu bewirken. Jene
538 1892 1326 1942 unausdrücklich seine und einnehmende Manieren
546 1936 1324 1983 jene milde Sittsamkeit, jene geschmackreiche Sorg
550 1971 1336 2017 für den Putz, die so wohl mit immer reitzender
550 2011 1318 2059 Nachläßigkeit bestehen kann von der Guarini sagt:
587 2055 1294 2103 Quant'ha piu sciolto il crin, tanto più stringe.
550 2085 1332 2149 jene nothwendige Achtsamkeit auf das Reinliche, jene
546 2214 1330 2280 les dieses sind krystallne Bäche aus dieser geläuter¬
546 2248 725 2306 ten Quelle
581 2276 1324 2340 Man.muß sich oft über den Eigensinn eines Lan=
546 2326 1330 2372 des oder Zeitpunkts wundern, in dem man eine
546 2406 1320 2455 immer andern tausend Unarten verzieht, wenn sie
546 2485 1324 2533 weil alle Fähigkeiten in sich fühlen die letztere nach¬
540 2559 1322 2601 erste Rolle zu spielen. Der Neid hat nirgend mehr
544 2597 1318 2642 Gewalt als in den Herzen des schönen Geschlechts,
540 2672 1318 2738 Herzen und Verstande ein gleich schlechtes Compli=
530 2708 741 2772 ment macht.
1386 657 2143 725 Die Coquetterie ist die temperirte Zone zwischen
1350 721 2147 767 Buhlerey, dem Gezwungnen und Kostbaren, wel¬
577 763 2141 808 Es giebt Ausdrücke die dem Ohr widrig klingen, ches letztere, wenn man die Charte der Scudery
538 799 2149 850 weil das Vorurtheil ihre Bedeutung bestimmt. Viel, nachahmen wolte, das Island der gesitteten Welt
1398 850 2141 920 Ich stelle mir die zwey Geschlechter als zwo stäh¬
1350 894 2137 954 lerne Saiten vor, die parallel fortlaufen, und auch
1354 950 2145 996 so fortlaufen müssen, weil ein Geschlecht durch die
538 990 2143 1032 Rousseau in seinem Aemil: Wenn man die Co= Annehmung der Sitten und Eigenschaften des an¬
538 1020 2147 1071 quetterie in ihren Schranken hält, so dern unerträglich wird. Z. B. Eine Frau die den
1354 1065 2137 1113 Homer griechisch liest, und ein Mann der Allongen
540 1113 2147 1155 man macht ein Gesetz der Ehrbarkeit macht. Beide Saiten sind elastisch, die männliche
1360 1143 2137 1185 weniger. Das Bestreben und die Kunst zu gefallen
1356 1181 2137 1229 bestimmen die Elasticität des weiblichen, ohne sie
546 1213 2143 1266 phen glauben, der ihr größter Lobredner ist, und der würde die Saite störrisch werden, die öftere Einbie¬
1362 1257 2135 1308 gungen die die Jahre und tausend andre Dinge in
1354 1296 2141 1342 selbige machen, würden eine ekelhafte Krümme ver¬
538 1332 2143 1380 mela, die verliebte Plauderin Biron, und werden ursachen, wie ein abgebrauchter Carcassendrat. Das
1350 1370 2137 1416 Manna schmeckte den Israeliten wonach sie wolten,
581 1410 2141 1452 Die Damen sagen mit einem spöttischen Ton, sie durch diese liebenswürdige Kunst können die Schö¬
544 1448 2145 1497 wären ein schwaches Geschlecht, unfähig die obern nen allen Dingen die Gestalt geben wofür sie wollen
544 1486 2143 1529 Seelenkräfte männlich zu bearbeiten. Wir wollen daß wir sie ansehn sollen. Sie solte der Hauptan¬
1350 1529 2137 1573 genmerk des Geschlechts seyn, weil ohne sie das Ge¬
1350 1565 2141 1603 bäude ihrer Herrschaft zerfällt. Die Natur hat in
1356 1599 2141 1641 ihre Seelen dieses Capital gelegt, und es ist unsträf¬
1360 1639 2135 1687 lich es auf vierzig Procent auszuthun, man wird
538 1671 2137 1719 meynen, und eben so aufrichtig rufen wir ihnen ihnen ohne ängstliche Seufzer die Douceurgelder für
544 1711 2135 1778 beym Eintritt ins neue Jahr zu: Verstehen sie recht ein solches Anlehn abtragen. Eine tugendhafte und
1356 1756 2137 1798 schöne Frau ist ohne diese Eigenschaft höchstens
1356 1794 2137 1838 Pygmalions Bildsäule vor ihrer Beseelung, sie bleibt
1360 1832 2137 1878 ewig Marmor, sie wird noch immer nach einer Art
1350 1860 2137 1914 von Register lieben, und zum Unglück stehn in allen
1354 1906 2135 1953 Registern nicht die kleinen Kunstgriffe durch die eine
1354 1946 2135 1991 zu gefallen suchende Frau dem Manne sein Haus
1360 1977 2135 2029 zum einzigen wahren Freuden- und Ruhepunkt ma¬
1350 2021 2131 2065 chen kann. Die Frau muß selbige aber mit für ih¬
1350 2055 2137 2101 ren Mann anwenden sonst wird sie was die Franzo=
1350 2091 2125 2145 sen eine galante Frau nennen. Schenken sie
544 2127 2139 2175 bezaubernde Biegsamkeit, die sich in alle Karaktere mir die Uebersetzung dieses Worts, der Paraphrase
556 2167 2131 2224 findet, und das Leben der guten Gesellschaft ist, al= würde zu stark werden, vielleicht auch verhaßt, weil
1350 2214 2135 2258 man um ihn recht deutlich zu machen, Beyspiele, die
1344 2248 1955 2294 gewiß nicht selten sind, anführen müste.
1386 2278 2129 2334 Die Coquetterie der Mädchen kann und muß auf
1350 2320 2131 2370 das ganze männliche Geschlecht gehen. So blüht
538 2358 2125 2410 Schöne tadelt die sich dieser Triebfedern bedient, und ein Fruchtbaum im Garten, er vergnügt jedes Auge,
1342 2402 2123 2447 der ihn näher betrachtet wird die hohle Blüthen und
550 2437 2131 2493 gleich Liebeshändel hat. Vielleicht thut man es die ansetzende zu unterscheiden wissen. Reduten¬
1344 2473 2125 2533 factionen, affektirte Kälte, erzwungner Ekel, Gri¬
546 2515 2121 2569 zuahmen, und wenige nur Geist genug besitzen die massentugenden, die kaum von der Stirne bis auf
1342 2557 2123 2603 den Halsstrich reichen, würden dann auf ewig aus
1342 2595 2119 2635 der gemeinschaftlichen Welt verbannet seyn. Der
546 2629 2121 2684 sie scheinen zu vergessen daß der Neidische seinem Fremde würde anfangen müssen die Artigkeit und
1338 2672 2119 2718 den Ton eines Landes zu rühmen, wo man ihn oft
1332 2708 2125 2774 mit mehr Kosten und Complimenten aufnimt, als er
1987 2744 2123 2806 wirklich
