2479 3508
230 330 319 390 derer
350 326 427 386 aller
451 324 624 384 Vortheile
649 323 732 383 sind,
757 324 804 384 die
823 324 917 384 Dero
942 324 1091 384 Staaten
1116 324 1258 384 blühend

239 376 366 436 machen
404 374 557 434 können;
584 374 610 434 so
642 372 743 432 haben
781 374 1056 434 Höchstdieselben
1095 374 1152 434 den
1179 373 1269 433 Pro¬

234 426 394 486 testanten
442 424 488 484 ein
530 422 893 482 Religionsexercitium
951 425 1064 485 allhier
1111 422 1277 482 erlaubet.

234 467 288 527 Da
322 474 392 534 aber
415 473 469 533 der
491 473 606 533 Pöbel
623 473 715 533 durch
743 476 847 536 einige
869 476 1033 536 unzeitige
1050 473 1175 533 Eiserer
1203 473 1263 533 und

248 524 404 584 Anhetzer
448 524 502 584 sich
540 524 762 584 tumultarisch
800 524 859 584 vor
904 526 957 586 dem
1012 524 1125 584 Hause
1164 524 1276 584 aufge¬

243 575 361 635 führt,
390 575 423 635 so
453 573 555 633 haben
589 575 702 635 selbige
737 575 782 635 die
805 573 924 633 Gnade
953 574 1100 634 gehabt,
1135 572 1276 632 anzube¬

245 625 372 685 feylen,
401 625 454 685 daß
483 625 633 685 jederzeit
658 627 715 687 vor
739 625 901 685 gedachtes
931 625 1028 685 Haus
1064 624 1133 684 eine
1152 625 1272 685 Wache

251 677 389 737 gestellet
413 673 534 733 werden
563 673 638 733 soll.

523 721 734 781 London,
769 724 825 784 den
864 721 903 781 5.
931 721 1025 781 Jan.

299 769 382 829 Der
409 772 477 832 Tod
504 772 562 832 hat
583 772 609 832 im
652 769 783 829 vorigen
815 769 905 829 Jahr
942 769 999 829 uns
1032 769 1073 829 16
1101 769 1268 829 Personen

249 823 306 883 von
337 825 435 885 Rang
463 822 524 882 und
551 820 712 880 Talenten
749 816 925 876 geraubet.
978 819 1082 879 Diese
1108 819 1196 879 sind:
1222 821 1274 881 der

245 873 375 933 Herzog
403 873 457 933 von
485 869 729 929 Devonshire,
757 867 806 927 die
828 865 958 925 Grafen
986 864 1040 924 von
1079 868 1171 928 Bath
1210 869 1269 929 und

250 922 477 982 Hardwicke,
517 918 588 978 Sir
616 918 771 978 Thomas
805 918 938 978 Clarck,
966 915 1060 975 John
1099 920 1259 980 Barnard

254 973 317 1033 und
352 971 449 1031 John
479 969 670 1029 Philipps,
711 967 762 1027 der
792 966 953 1026 General
983 966 1184 1026 Craufurd,
1220 969 1271 1029 die
1319 968 1370 1028 der
1382 970 1468 1030 Graf
1486 975 1740 1035 Brzowtowski
1753 978 2076 1038 Großschatzmeister
2094 978 2145 1038 von
2175 975 2319 1035 Lithauen

250 1022 375 1082 Herren
401 1018 501 1078 Legge
527 1017 583 1077 und
615 1015 728 1075 Allen,
747 1013 797 1073 die
823 1013 998 1073 Doctores
1030 1014 1143 1074 Georg
1181 1016 1275 1076 Sto=
1308 1016 1509 1076 abgerkiset,
1534 1025 1678 1085 künftige
1698 1025 1817 1085 Woche
1836 1027 1961 1087 werden
1994 1025 2043 1085 sich
2069 1025 2138 1085 auch
2170 1025 2219 1085 die
2252 1025 2320 1085 nach

248 1070 307 1130 ne,
330 1069 547 1129 Lotherland,
575 1067 695 1127 Halley
734 1064 799 1124 und
832 1063 1039 1123 Wollaston,
1072 1066 1121 1126 die
1143 1067 1268 1127 Poeten

253 1118 405 1178 Curchill
422 1117 481 1177 und
514 1115 623 1175 Ll'oyd
651 1110 710 1170 und
744 1110 798 1170 der
831 1110 1076 1170 Kupferstecher
1110 1115 1283 1175 Hogarth.

254 1166 376 1226 Dieser
404 1164 515 1224 Tagen
548 1163 713 1223 duellirten
745 1160 793 1220 sich
825 1160 926 1220 zween
969 1163 1145 1223 vornehme
1178 1163 1289 1223 Kauf¬

262 1216 349 1276 leute
386 1212 494 1272 wegen
531 1210 618 1270 einer
649 1207 799 1267 Actrice;
825 1208 876 1268 der
908 1210 1134 1270 Ausforderer
1166 1210 1258 1270 bekan

262 1264 351 1324 einen
389 1261 489 1321 Stich
521 1261 611 1321 durch
654 1261 701 1321 die
728 1261 913 1321 Schulter,
940 1261 1109 1321 versöhnte
1136 1260 1189 1320 sich
1226 1261 1284 1321 mit

266 1315 367 1375 seinem
413 1312 605 1372 Mitbuhler
628 1312 690 1372 und
718 1309 774 1369 ließ
809 1312 910 1372 seinen
956 1314 1119 1374 Anspruch
1154 1314 1187 1374 an
1221 1311 1277 1371 das

262 1365 540 1425 Frauenzimmer
563 1363 661 1423 völlig
685 1363 824 1423 fahren.
883 1365 958 1425 Der
982 1366 1097 1426 Ritter
1115 1364 1259 1424 Wilhelm

264 1413 422 1473 Pynsent
440 1414 496 1474 von
525 1416 660 1476 Burton
689 1416 717 1476 in
746 1416 797 1476 der
826 1414 1024 1474 Grafschaft
1054 1416 1291 1476 Sommerset,

261 1467 338 1527 hat,
361 1467 393 1527 da
422 1467 449 1527 er
478 1465 560 1525 keine
583 1461 689 1521 Erben
717 1464 917 1524 hinterläßt,
945 1467 994 1527 dem
1045 1467 1150 1527 Herrn
1195 1464 1289 1524 Pitt,

262 1518 398 1578 welchen
428 1515 453 1575 er
479 1515 620 1575 niemals
646 1515 812 1575 gesehen,
848 1515 918 1575 bloß
954 1515 1065 1575 wegen
1101 1514 1202 1574 seines
1237 1512 1287 1572 pa¬

260 1565 442 1625 triotischen
469 1557 583 1617 Eifers
615 1560 750 1620 100000
776 1560 838 1620 Pf.
855 1557 922 1617 St.
933 1563 964 1623 an
990 1562 1152 1622 liegenden
1179 1557 1287 1617 Grün=

269 1610 320 1670 den
350 1610 413 1670 und
442 1608 506 1668 eine
530 1608 686 1668 jährliche
710 1608 877 1668 Leibrente
907 1608 964 1668 von
999 1608 1086 1668 2500
1127 1608 1190 1668 Pf.
1220 1608 1288 1668 St.

258 1658 457 1718 vermacht.

568 1700 708 1760 Lyon,
731 1703 783 1763 den
820 1700 871 1760 6.
895 1703 990 1763 Jan.

324 1754 400 1814 Die
425 1751 554 1811 Herren
590 1751 732 1811 Brunet
756 1751 821 1811 und
851 1751 1051 1811 Mommain
1082 1751 1182 1811 haben
1224 1751 1288 1811 hier

267 1808 391 1868 neulich
416 1805 463 1865 die
487 1802 599 1862 Kunst
624 1802 807 1862 gefunden,
843 1802 949 1862 Gold=
980 1803 1039 1863 und
1075 1802 1294 1862 Silberblatt

267 1861 326 1921 auf
350 1855 468 1915 seidene
493 1850 610 1910 Stoffe
629 1852 658 1912 zu
682 1852 842 1912 bringen.
902 1852 972 1912 Sie
1002 1857 1102 1917 haben
1133 1855 1162 1915 es
1186 1855 1280 1915 dabei

266 1915 289 1975 so
313 1909 394 1969 weit
412 1906 575 1966 gebracht,
611 1905 669 1965 daß
699 1906 733 1966 sie
751 1906 774 1966 in
804 1906 903 1966 dieser
927 1906 990 1966 Art
1008 1909 1067 1969 alle
1091 1907 1294 1967 diejenigen,

266 1960 379 2020 welche
413 1957 608 2017 dergleichen
636 1957 690 2017 vor
712 1956 799 2016 ihren
832 1957 940 2017 mögen
968 1963 1164 2023 angebracht
1186 1960 1283 2020 haben

267 2009 411 2069 können,
449 2009 512 2069 und
539 2008 629 2068 sogar
651 2008 698 2068 die
720 2008 746 2068 in
779 2011 826 2071 der
859 2011 975 2071 ganzen
1013 2012 1108 2072 Welt
1136 2011 1162 2071 so
1194 2011 1290 2071 beru¬

270 2058 340 2118 fene
368 2055 578 2115 Vergoldung
606 2055 660 2115 der
677 2058 828 2118 Chineser
845 2060 1061 2120 übertreffen,
1089 2061 1164 2121 desto
1187 2060 1294 2120 mehr,

267 2103 306 2163 da
341 2106 386 2166 die
421 2103 626 2163 Chinesische
661 2106 780 2166 falsch,
809 2107 854 2167 die
889 2109 997 2169 ihrige
1032 2109 1106 2169 aber
1146 2109 1208 2169 fein
1237 2106 1294 2166 ist.

275 2154 343 2214 Sie
365 2151 566 2211 schmeicheln
593 2154 640 2214 sich
667 2154 746 2214 über
773 2154 889 2214 dieses,
916 2156 969 2216 daß
1006 2156 1053 2216 die
1081 2156 1191 2216 ihrige
1224 2154 1271 2214 dem

271 2204 385 2264 Regen
418 2202 478 2262 und
506 2201 555 2261 der
578 2202 681 2262 Nässe
703 2201 906 2261 widersteht,
934 2204 1070 2264 welches
1104 2202 1152 2262 die
1175 2200 1300 2260 Chine¬

270 2252 358 2312 sische
381 2251 464 2311 nicht
488 2249 576 2309 thut,
599 2249 648 2309 so,
677 2249 733 2309 daß
756 2249 844 2309 wenn
878 2252 950 2312 man
979 2252 1023 2312 die
1051 2252 1179 2312 ihrige,
1208 2249 1296 2309 ohne

274 2303 313 2363 sie
347 2303 380 2363 zu
421 2300 551 2360 reiben,
580 2300 698 2360 trocken
744 2297 869 2357 werden
909 2303 994 2363 läßt,
1028 2303 1141 2363 selbige
1176 2301 1294 2361 immer

276 2357 364 2417 schön
397 2351 535 2411 bleibet.

497 2399 777 2459 Stockholm,
812 2399 870 2459 den
903 2400 968 2460 11.
995 2402 1092 2462 Jan.

323 2453 383 2513 Da
423 2452 455 2512 es
490 2452 517 2512 in
550 2449 738 2509 Schweden
772 2449 828 2509 bey
867 2449 966 2509 vielen
1000 2452 1222 2512 Eisenwerken
1261 2452 1294 2512 an

274 2503 364 2563 Holz
381 2503 556 2563 mangelt,
579 2502 607 2562 so
630 2500 708 2560 wird
737 2500 788 2560 für
811 2500 997 2560 denjenigen
1037 2503 1104 2563 eine
1139 2503 1302 2563 ansehnli=

270 2551 318 2611 che
345 2554 489 2614 Prämie
511 2554 729 2614 ausgemacht
751 2551 900 2611 werden,
911 2552 1044 2612 welcher
1071 2554 1172 2614 zeigen
1205 2554 1300 2614 kann,

266 2599 331 2659 wie
353 2600 407 2660 aus
436 2602 523 2662 Torf
545 2605 671 2665 Kohlen
705 2605 731 2665 zu
759 2601 885 2661 machen
913 2602 1006 2662 sind,
1034 2605 1082 2665 die
1116 2605 1165 2665 sich
1199 2605 1225 2665 in
1264 2603 1302 2663 ei¬

275 2652 331 2712 nem
371 2649 530 2709 Hochofen
560 2651 611 2711 zum
651 2652 914 2712 Eisenschmelzen
943 2655 1137 2715 gebrauchen
1166 2655 1273 2715 laßen.

484 2700 784 2760 Gröningen,
824 2703 879 2763 den
913 2706 979 2766 15.
1007 2706 1102 2766 Jan.

330 2751 379 2811 Im
423 2745 645 2805 abgewichnen
677 2751 770 2811 Jahr
801 2753 862 2813 sind
894 2753 919 2813 in
957 2755 1092 2815 hiesiger
1118 2754 1228 2814 Stadt
1254 2754 1303 2814 ge¬

274 2801 390 2861 tauft:
419 2796 468 2856 In
502 2796 551 2856 den
581 2798 780 2858 reformirten
814 2805 948 2865 Kirchen
976 2805 1071 2865 596,
1099 2805 1160 2865 und
1194 2805 1221 2865 in
1250 2804 1299 2864 der

282 2848 489 2908 lutherischen
526 2847 643 2907 Kirche
662 2851 696 2911 29
733 2856 869 2916 Kinder.
917 2855 1118 2915 Verstorben
1148 2855 1206 2915 sind
1231 2855 1301 2915 661

284 2900 477 2960 Personen.

1531 326 1783 386 Warschau,
1819 330 1867 390 den
1910 333 1973 393 24.
2002 331 2092 391 Jan.

1354 372 1492 432 Gestern
1518 375 1688 435 verfügten
1720 378 1763 438 sich
1796 379 1883 439 Jhro
1916 383 2060 443 Königl.
2080 380 2180 440 Maj.
2199 377 2224 437 in
2250 375 2318 435 Be=

1305 425 1449 485 gleitung
1477 425 1715 485 verschiedener
1738 429 1915 489 Cavaliers
1949 430 2004 490 auf
2038 431 2087 491 die
2115 428 2209 488 Jagd
2243 428 2314 488 nach

1305 473 1472 533 Mlozyn,
1489 474 1549 534 und
1576 473 1679 533 kamen
1718 475 1788 535 spät
1805 476 1831 536 in
1864 478 1912 538 der
1935 479 2049 539 Nacht
2071 480 2201 540 zurück,
2229 477 2320 537 heute

1305 522 1380 582 aber
1403 521 1483 581 wird
1511 524 1565 584 bey
1587 524 1674 584 Hofe
1696 524 1750 584 das
1788 527 2005 587 Geburtsfest
2033 530 2108 590 Sr.
2136 530 2239 590 Maj.
2267 527 2315 587 des

1304 572 1436 632 Königs
1468 572 1520 632 von
1553 574 1706 634 Preussen
1738 572 1801 632 mit
1824 575 1908 635 einem
1951 577 2034 637 Ball
2051 577 2083 637 en
2115 580 2268 640 Masque
2290 577 2326 637 ce=

1304 622 1440 682 lebriret
1456 624 1603 684 werden,
1629 625 1684 685 auf
1710 624 1841 684 welchen
1868 625 1938 685 auch
1969 625 2065 685 denen
2091 628 2319 688 vornehmsten

1304 673 1437 733 hiesigen
1470 676 1693 736 Einwohnern
1731 673 1763 733 zu
1796 675 1971 735 erscheinen
2009 676 2158 736 erlaubet
2180 679 2334 739 worden,

1304 721 1373 781 doch
1400 723 1474 783 muß
1506 726 1554 786 ein
1586 726 1671 786 jeder
1693 726 1719 786 in
1757 722 1911 782 Domino
1948 724 2108 784 gekleidet
2140 725 2230 785 seyn,
2257 727 2321 787 und

1304 771 1391 831 nicht
1413 770 1438 830 im
1481 778 1698 838 Pelzmantel
1714 775 1926 835 ankommen.
1990 775 2087 835 Nach
2119 775 2321 835 vollendeten

1311 820 1471 880 Senatus
1499 825 1643 885 Consilio
1672 825 1732 885 und
1766 822 1843 882 Sr.
1871 825 1970 885 Maj.
1999 822 2231 882 Geburtsfest,
2259 824 2320 884 sind

1311 873 1443 933 vorigen
1477 876 1687 936 Sonnabend
1715 873 1787 933 Se.
1810 876 1959 936 Durchl.
1982 874 2031 934 der
2060 873 2159 933 Fürst
2182 876 2326 936 Primas

1308 920 1399 980 nebst
1421 923 1469 983 der
1492 926 1610 986 ganzen
1638 924 1783 984 Hofstatt
1805 927 1875 987 nach
1903 927 2156 987 Skierniwietz,
2173 927 2232 987 wie
2254 927 2318 987 auch

1313 1067 1420 1127 Rom,
1448 1070 1658 1130 Petersburg
1686 1075 1745 1135 und
1772 1074 1891 1134 Berlin
1918 1076 2101 1136 bestimmte
2135 1073 2323 1133 Gesandten

1316 1113 1372 1173 auf
1396 1115 1446 1175 den
1475 1115 1554 1175 Weg
1577 1121 1735 1181 begeben.
1781 1118 1832 1178 Es
1861 1123 1939 1183 wird
1968 1126 2042 1186 auch
2065 1122 2246 1182 gesprochen
2275 1121 2325 1181 daß

1319 1160 1362 1220 sich
1401 1166 1567 1226 künftiges
1612 1169 1788 1229 Frühjahr
1823 1168 1910 1228 viele
1955 1172 2137 1232 vornehme
2171 1170 2331 1230 polnische

1313 1211 1561 1271 Herrschaften,
1577 1216 1636 1276 und
1664 1216 1755 1276 unter
1777 1219 1869 1279 ihnen
1902 1219 1950 1279 die
1972 1220 2074 1280 Herrn
2102 1219 2252 1279 Bischöfe
2269 1219 2323 1279 von

1315 1264 1495 1324 Kaminiec
1516 1266 1574 1326 und
1596 1267 1648 1327 von
1675 1267 1796 1327 Kyow,
1819 1269 1998 1329 ausserhalb
2030 1270 2151 1330 Landes
2173 1270 2225 1330 ins
2252 1268 2326 1328 Bal

1316 1315 1451 1375 begeben
1486 1320 1638 1380 werden.
1684 1321 1871 1381 Künftigen
1906 1321 2035 1381 Freitag
2059 1321 2143 1381 wird
2178 1319 2228 1379 der
2252 1316 2336 1376 Erb¬

1313 1368 1407 1428 prinz
1430 1372 1485 1432 von
1519 1374 1662 1434 Curland
1691 1372 1756 1432 nach
1785 1373 1884 1433 seinen
1924 1375 2056 1435 Gütern
2090 1370 2117 1430 in
2157 1372 2323 1432 Schlesien

1321 1419 1487 1479 abreisen,
1515 1422 1579 1482 und
1618 1422 1677 1482 von
1715 1425 1839 1485 dannen
1888 1425 1958 1485 nach
1996 1425 2153 1485 Berlin,
2186 1425 2331 1485 Holland

1316 1468 1380 1528 und
1408 1470 1585 1530 Engelland
1613 1470 1672 1530 und
1699 1472 1818 1532 andere
1851 1473 2061 1533 auswärtige
2088 1473 2180 1533 Höfe
2207 1472 2255 1532 sich
2288 1470 2336 1530 be¬

1317 1515 1439 1575 geben.
1485 1517 1533 1577 Am
1578 1518 1774 1578 verwichnen
1804 1521 1985 1581 Dienstage
2016 1524 2128 1584 wurde
2158 1523 2183 1583 im
2232 1521 2339 1581 Kron¬

1323 1562 1634 1622 marschallsgericht
1665 1565 1710 1625 die
1740 1566 1866 1626 Affaire
1902 1566 2012 1626 wegen
2043 1572 2249 1632 Entleibung
2280 1572 2334 1632 des

1315 1611 1466 1671 Zaklecke
1486 1610 1673 1670 decidiret,
1699 1610 1759 1670 und
1790 1613 1820 1673 es
1845 1613 1885 1673 ist
1906 1613 1956 1673 das
1982 1613 2113 1673 Urtheil
2139 1616 2234 1676 dahin
2270 1616 2345 1676 aus¬

1320 1659 1480 1719 gefallen,
1511 1657 1567 1717 daß
1604 1658 1769 1718 derjenige
1800 1661 1939 1721 Officier
1976 1664 2110 1724 welcher
2141 1663 2208 1723 mit
2235 1664 2316 1724 einem

1323 1706 1528 1766 Commando
1555 1708 1724 1768 Soldaten
1756 1711 1803 1771 den
1836 1712 1935 1772 Herrn
1967 1714 2110 1774 Zaklecke
2132 1715 2326 1775 angegriffen

1320 1757 1548 1817 arquebusiret
1569 1757 1688 1817 werden
1719 1761 1791 1821 soll,
1818 1763 1865 1823 ein
1896 1766 2010 1826 andrer
2036 1763 2171 1823 Officier
2197 1766 2264 1826 muß
2290 1768 2326 1828 ein

1321 1811 1417 1871 Jahr
1445 1811 1504 1871 und
1526 1809 1542 1869 6
1575 1811 1737 1871 Wochen,
1765 1814 1823 1874 und
1852 1814 1894 1874 ein
1928 1815 2041 1875 dritter
2063 1814 2106 1874 ein
2144 1814 2214 1874 halb
2242 1817 2333 1877 Jahr

1317 1861 1344 1921 in
1374 1861 1487 1921 Fundo
1522 1861 1641 1921 sitzen,
1676 1864 1727 1924 dem
1779 1867 2087 1927 Obristlieutenant
2110 1869 2269 1929 hingegen
2304 1867 2344 1927 ist

1322 1915 1520 1975 auferleget,
1537 1915 1586 1975 sich
1615 1916 1703 1976 durch
1736 1918 1824 1978 einen
1858 1918 1918 1978 Eid
1947 1921 1979 1981 zu
2002 1921 2189 1981 purgiren,
2223 1921 2278 1981 daß
2306 1918 2333 1978 er

1316 1969 1412 2029 dieses
1445 1969 1654 2029 Commando
1687 1972 1772 2032 nicht
1794 1972 2020 2032 abgeschicket.

1642 2121 2040 2181 AVERTISSEMENT.

1378 2193 1455 2253 Der
1488 2193 1684 2253 Pferdearzt
1717 2196 1899 2256 Robertson
1933 2199 1998 2259 ist,
2018 2199 2154 2259 nachdem
2201 2199 2233 2259 er
2260 2199 2344 2259 seine

1328 2243 1619 2303 Verrichtungen,
1646 2243 1694 2303 die
1727 2245 1752 2305 in
1790 2249 2023 2309 verschiedenen
2050 2249 2272 2309 Operationen
2305 2249 2336 2309 an

1334 2294 1475 2354 Pferden
1509 2293 1706 2353 bestanden,
1735 2297 1848 2357 allhier
1871 2301 2011 2361 glücklich
2040 2300 2232 2360 geendiget,
2255 2301 2345 2361 vori¬

1318 2346 1378 2406 gen
1406 2342 1624 2402 Sonnabend
1652 2345 1701 2405 als
1729 2346 1777 2406 den
1816 2349 1887 2409 2ten
1915 2351 2012 2411 Febr.
2040 2352 2095 2412 von
2129 2353 2341 2413 Königsberg

1330 2393 1563 2453 abgegangen,
1591 2393 1654 2453 und
1676 2396 1733 2456 hat
1755 2399 1834 2459 seine
1867 2402 1962 2462 Tour
1984 2404 2052 2464 nach
2085 2405 2281 2465 Morungen
2313 2402 2339 2462 in

1333 2443 1487 2503 Preußen
1524 2443 1756 2503 genommen,
1788 2450 1844 2510 von
1880 2452 1911 2512 da
1948 2452 1973 2512 er
2004 2452 2081 2512 über
2113 2452 2340 2512 Marienburg

1334 2494 1404 2554 nach
1437 2494 1622 2554 Frankfurt
1649 2494 1681 2554 an
1720 2500 1774 2560 der
1797 2503 1883 2563 Oder
1911 2503 1965 2563 zur
1993 2503 2101 2563 Messe
2129 2503 2221 2563 gehen
2254 2501 2351 2561 wird,

1331 2545 1487 2605 gedenket
1515 2544 1585 2604 aber
1612 2543 1639 2603 im
1678 2548 1807 2608 Monat
1835 2554 1921 2614 May
1949 2552 2111 2612 wiederum
2155 2550 2219 2610 nach
2242 2550 2355 2610 Preu¬

1331 2597 1391 2657 ßen
1419 2595 1446 2655 zu
1475 2596 1640 2656 kommen.
1712 2598 1794 2658 Das
1817 2602 2043 2662 Kropfpulver
2071 2601 2104 2661 ist
2132 2599 2159 2659 in
2193 2599 2242 2659 der
2265 2599 2352 2659 Vor¬

1339 2647 1418 2707 stadt
1441 2643 1469 2703 im
1516 2646 1709 2706 Palmbaum
1755 2650 1811 2710 bey
1847 2655 1937 2715 Hrn.
1961 2650 2126 2710 Lehmann
2166 2650 2285 2710 annoch
2320 2652 2348 2712 zu

1329 2694 1546 2754 bekommen.

1334 2820 1426 2880 Diese
1448 2822 1589 2882 Gelehrte
1611 2823 1665 2883 und
1688 2821 1850 2881 Politische
1873 2820 1997 2880 Zeitung
2025 2817 2095 2877 wird
2123 2819 2166 2879 des
2194 2823 2346 2883 Montags

1444 2864 1501 2924 und
1531 2865 1676 2925 Freytags
1701 2861 1899 2921 Vormittags
1923 2861 1957 2921 um
1996 2859 2019 2919 10
2049 2861 2112 2921 Uhr
2132 2862 2155 2922 in
2180 2864 2223 2924 dem

1522 2912 1719 2972 Kanterschen
1747 2906 1923 2966 Buchladen
1951 2906 2165 2966 ausgegeben.
