2479 3508
230 321 265 381 da
290 324 319 384 er
343 324 372 384 zu
403 321 515 381 unsern
546 324 760 384 gefährlichen
790 324 927 384 Zeiten,
951 325 998 385 wo
1028 327 1159 387 Glaube
1183 327 1242 387 und

224 370 376 430 Wandel
404 372 453 432 der
487 369 634 429 Christen
662 372 875 432 Schiffbruch
909 374 1040 434 leiden,
1079 375 1138 435 und
1172 374 1242 434 man

224 417 272 477 die
300 419 469 479 Theorie,
497 419 557 479 und
585 420 628 480 die
650 424 775 484 Praxin
803 423 857 483 des
880 426 1076 486 Evangellii
1099 425 1256 485 angreift,

223 465 300 525 nach
339 468 437 528 seinem
477 470 701 530 Vermögen,
734 475 789 535 für
817 474 871 534 den
905 476 1059 536 Schaden
1098 473 1251 533 Josephs

229 566 407 626 Lehnstuhl
425 569 508 629 sitzen
547 569 558 629 —
620 572 821 632 Rheinwein
849 575 971 635 trinken
1011 572 1027 632 —
1095 575 1161 635 eine
1190 575 1262 635 hal¬

229 613 262 673 be
285 617 425 677 Stunde
454 620 526 680 nach
549 619 739 679 väterlicher
762 622 874 682 Weise
897 622 953 682 auf
976 624 1031 684 der
1055 622 1183 682 Kanzel
1206 622 1256 682 ste¬

239 667 292 727 hen
334 667 344 727 —
404 672 456 732 als
488 671 530 731 ein
568 673 743 733 geistlicher
775 670 965 730 Kaufmann
998 673 1151 733 Capitale
1183 673 1235 733 ode

242 718 517 778 Münzcabinette
544 721 727 781 sammlen,
766 721 825 781 und
858 720 906 780 wo
939 721 1019 781 nicht
1052 721 1138 781 durch
1171 721 1257 781 Ver¬

228 766 358 826 dienst,
379 770 405 830 so
432 769 499 829 doch
536 770 625 830 durch
662 769 734 829 eine
756 769 886 829 Menge
912 769 970 829 von
1007 769 1153 829 Kindern
1190 769 1252 829 und

229 864 412 924 wöhnliche
441 867 702 927 Beschäftigung
742 865 853 925 unsrer
882 869 1009 929 Herren
1038 867 1232 927 Geistlichen

233 915 298 975 und
323 915 494 975 besonders
530 918 615 978 derer
641 915 731 975 fetten
763 918 918 978 Herren,
949 917 989 977 ist
1015 918 1075 978 mit
1106 918 1170 978 eine
1196 917 1256 977 Ur¬

237 966 320 1026 sache
343 966 397 1026 von
426 966 481 1026 dem
520 966 659 1026 Verfall
682 966 792 1026 unsrer
815 969 1003 1029 Religion,
1037 969 1114 1029 weil
1137 969 1175 1029 sie
1198 969 1247 1029 sich

228 1015 290 1075 gar
316 1015 404 1075 nicht
431 1016 529 1076 darum
576 1016 815 1076 bekümmern,
841 1019 872 1079 ob
904 1017 1022 1077 Friede
1054 1017 1142 1077 oder,
1148 1016 1246 1076 Krieg

231 1064 306 1124 sey;
334 1065 366 1125 ob
394 1067 463 1127 man
491 1067 648 1127 wachen,
671 1067 795 1127 reden,
823 1067 893 1127 oder
915 1067 1044 1127 schlafen
1073 1065 1154 1125 soll?
1187 1064 1246 1124 Da
1284 1061 1343 1121 nen
1371 1058 1512 1118 Händen
1540 1061 1599 1121 und
1627 1061 1734 1121 Füßen
1773 1061 1783 1121 —
1844 1065 1859 1125 -

229 1112 304 1172 Hr.
326 1115 380 1175 S.
402 1115 456 1175 bey
483 1115 532 1175 der
559 1115 624 1175 2ten
657 1115 792 1175 Auflage
825 1115 922 1175 seiner
950 1115 1085 1175 Schrift
1113 1112 1166 1172 sein
1205 1108 1258 1168 vo¬

234 1163 326 1223 riges
352 1163 470 1223 System
512 1163 573 1223 aus
600 1163 687 1223 einem
729 1160 790 1220 sehr
827 1163 1073 1223 künstlichen
1110 1157 1254 1217 Grunde

239 1258 264 1318 in
296 1258 393 1318 seinen
424 1253 712 1313 zurückkehrenden
745 1252 831 1312 guten
863 1252 1032 1312 Gedanken
1064 1254 1130 1314 noch
1162 1252 1254 1312 mehr

229 1355 290 1415 keit
313 1356 546 1416 wiederfahren
576 1357 692 1417 laßen,
721 1357 776 1417 daß
804 1357 831 1417 er
860 1357 944 1417 nicht
972 1357 1050 1417 ohne
1084 1357 1161 1417 alles
1184 1354 1256 1414 Ge¬

241 1407 327 1467 schick
356 1407 402 1467 ihm
449 1407 697 1467 widersprochen
733 1410 807 1470 hat.
877 1410 1004 1470 Einige
1034 1409 1247 1469 Druckfehler

230 1458 340 1518 wollen
370 1458 427 1518 wir
451 1461 509 1521 aus
533 1459 620 1519 guter
649 1461 795 1521 Absicht,
831 1461 888 1521 und
924 1458 1104 1518 hoffentlich
1134 1461 1244 1521 richtig

224 1508 442 1568 verbessern,
488 1512 537 1572 als
577 1510 639 1570 S.
673 1512 740 1572 45.
768 1511 869 1571 statt:
920 1509 1256 1569 Nebensachen,

228 1558 569 1618 Rechtschaffenheit;
592 1560 694 1620 statt:
717 1557 1019 1617 Chicanirer,
1043 1557 1253 1617 Chimären;

229 1653 286 1713 lich
318 1653 476 1713 wünschen
509 1654 593 1714 wir,
615 1654 673 1714 daß
710 1652 778 1712 Hr.
800 1652 1032 1712 Spalding
1070 1652 1095 1712 in
1134 1655 1233 1715 seinem

223 1703 447 1763 ansehnlichen
479 1700 572 1760 Amte
594 1697 713 1757 immer
740 1699 828 1759 mehr
849 1700 948 1760 Anlaß
975 1704 1157 1764 bekommen
1189 1705 1256 1765 mö¬

229 1754 295 1814 ge,
317 1751 366 1811 die
400 1748 615 1808 evangelische
649 1748 743 1808 Lehre
771 1748 825 1808 von
865 1752 919 1812 der
948 1754 1107 1814 Gottheit
1135 1751 1256 1811 JEsu,

229 1799 288 1859 und
321 1796 424 1856 seiner
447 1796 703 1856 Genugthuung
731 1802 758 1862 zu
786 1802 1009 1862 vertheidigen
1042 1802 1102 1862 und
1135 1799 1167 1859 zu
1200 1798 1238 1858 be

237 1846 401 1906 schützen;
424 1849 536 1909 zumal
560 1851 588 1911 es
617 1852 667 1912 ihm
718 1852 797 1912 nicht
832 1854 865 1914 an
894 1849 1160 1909 Gelehrsamkeit
1188 1845 1255 1905 feh¬

218 1898 287 1958 let,
320 1900 394 1960 eine
427 1897 480 1957 der
518 1901 710 1961 wichtigsten
748 1901 919 1961 Personen
963 1899 1026 1959 und
1064 1900 1246 1960 verdienten

224 1951 380 2011 Männer
414 1951 524 2011 unsrer
547 1953 620 2013 Zeit
643 1951 876 2011 vorzustellen.
928 1951 1038 2011 Wenn
1072 1953 1155 2013 sonst
1184 1951 1244 2011 nur

226 2002 309 2062 seine
337 2002 426 2062 eigne
454 2002 548 2062 Lehre
583 2002 688 2062 keinen
727 2002 911 2062 schädlichen
951 2002 1084 2062 Einfluß
1118 2004 1145 2064 in
1179 2002 1240 2062 seir

224 2051 307 2111 Amt
324 2049 407 2109 hat:
430 2052 457 2112 so
486 2050 564 2110 kann
598 2052 647 2112 ihm
687 2052 742 2112 das
765 2052 825 2112 gar
848 2052 931 2112 nicht
949 2052 1104 2112 schaden,
1132 2052 1187 2112 daß
1216 2052 1243 2112 ei

223 2099 313 2159 einen
341 2101 537 2161 bescheidnen
570 2103 702 2163 Gegner
724 2103 825 2163 wider
852 2103 899 2163 sich
927 2102 1001 2162 hat,
1023 2100 1076 2160 der
1098 2100 1166 2160 bloß
1199 2099 1246 2159 die

227 2148 410 2208 Wahrheit
440 2148 467 2208 zu
506 2151 712 2211 beschützen,
752 2151 835 2211 seine
870 2151 975 2211 Sätze
1009 2148 1148 2208 geprüft
1177 2148 1249 2208 hat,

213 2196 330 2256 Kostet
352 2196 376 2256 in
408 2196 458 2256 der
479 2196 695 2256 Kanterschen
726 2199 998 2259 Buchhandlung
1024 2197 1162 2257 allhier,
1188 2195 1249 2255 wie

224 2246 300 2306 auch
328 2246 355 2306 in
383 2243 503 2303 Elbing
531 2246 591 2306 und
619 2246 734 2306 Mitau
768 2246 806 2306 24
834 2246 882 2306 gr.

637 2339 828 2399 Berlin.

228 2446 437 2506 "Unterricht
472 2443 524 2503 für
554 2441 768 2501 rechtschafne
798 2443 909 2503 Eltern
950 2444 1002 2504 zur
1031 2446 1240 2506 diätätischen
1287 2446 1345 2506 auf
1369 2444 1415 2504 die
1433 2443 1549 2503 Aerzte
1573 2440 1660 2500 hätte
1689 2443 1840 2503 schreiben
1876 2449 2020 2509 können.

253 2497 376 2557 Pflege
395 2497 482 2557 ihrer
507 2491 724 2551 Säuglinge,
748 2490 790 2550 10
820 2491 931 2551 Bogen
961 2494 984 2554 in
1014 2494 1114 2554 8vo."
1162 2494 1249 2554 Bis¬

227 2542 282 2602 her
305 2545 360 2605 hat
383 2547 449 2607 man
483 2545 561 2605 viele
584 2542 783 2602 Lehrbücher
806 2540 861 2600 von
895 2542 945 2602 der
963 2545 1145 2605 Erziehung
1174 2547 1246 2607 jun¬

226 2594 280 2654 ger
302 2595 394 2655 Leute
416 2596 643 2656 geschrieben,
671 2594 806 2654 obgleich
834 2593 882 2653 der
910 2596 1061 2656 bekannte
1089 2596 1235 2656 Iselin

221 2641 406 2701 wünschet,
428 2646 488 2706 daß
521 2646 581 2706 wir
609 2646 663 2706 nie
691 2646 751 2706 das
773 2642 876 2702 Wort
905 2643 953 2703 der
981 2646 1237 2706 Erziehung

224 2689 360 2749 gehöret
378 2691 508 2751 hätten.
554 2694 628 2754 Der
657 2697 724 2757 Hr.
742 2694 787 2754 D.
805 2694 844 2754 Z.
867 2693 935 2753 läßt
964 2694 1009 2754 die
1044 2692 1237 2752 erwachsene

225 2740 361 2800 Jugend
390 2739 515 2799 dismal
533 2741 618 2801 ihrem
658 2745 749 2805 guten
778 2743 880 2803 Glück
904 2745 995 2805 über,
1024 2745 1080 2805 und
1109 2742 1245 2802 beschäf=

225 2790 308 2850 tiget
333 2790 381 2850 sich
406 2788 466 2848 mit
485 2787 539 2847 der
558 2795 799 2855 physikalischen
830 2793 1012 2853 Erziehung
1043 2794 1091 2854 der
1116 2793 1242 2853 Saug=

216 2844 338 2904 linge,
379 2841 495 2901 welche
530 2841 600 2901 man
647 2844 687 2904 ein
729 2849 879 2909 System
933 2849 1008 2909 für
1037 2849 1106 2909 den
1148 2844 1240 2904 Ma¬

1275 330 1352 390 gen
1388 328 1411 388 in
1441 329 1494 389 den
1530 331 1625 391 ersten
1656 333 1821 393 Monaten
1857 333 1910 393 der
1940 336 2207 396 halbthierischen
2238 339 2314 399 Exi¬

1277 375 1361 435 stenz
1394 376 1447 436 des
1485 380 1660 440 Menschen
1703 383 1830 443 nennen
1873 383 2006 443 könnte.
2081 388 2134 448 In
2177 388 2192 448 9
2236 389 2310 449 Ab¬

1282 428 1489 488 schnitten
1526 428 1608 488 wird
1646 428 1723 488 alles
1760 433 1894 493 gesagt,
1915 434 1988 494 was
2025 436 2107 496 vor,
2129 437 2211 497 bey,
2243 439 2305 499 und

1279 474 1351 534 nach
1388 476 1439 536 der
1466 474 1601 534 Geburt
1632 476 1720 536 eines
1747 479 1908 539 Kindes,
1950 482 2006 542 bey
2038 485 2089 545 dem
2137 488 2313 548 Windeln,

237 515 355 575 Sorge
382 521 490 581 trägt;
517 521 646 581 welches
674 524 797 584 freylich
825 524 916 584 besser
943 524 997 584 ist,
1019 526 1067 586 als
1094 524 1121 584 in
1148 524 1229 584 einem
1289 527 1385 587 denen
1418 527 1773 587 Nahrungsmitteln,
1801 527 1849 587 der
1877 530 1973 590 Luft,
2006 534 2059 594 der
2092 536 2307 596 Bewegung,

1283 575 1337 635 der
1364 577 1583 637 Reinlichkeit
1616 577 1675 637 und
1708 575 1763 635 den
1796 578 2047 638 Leidenschaften
2086 585 2238 645 desselben
2277 588 2303 648 zu

1285 624 1470 684 beobachten
1502 625 1557 685 ist.
1608 625 1687 685 Wir
1713 622 1824 682 wollen
1855 625 1960 685 etliche
1986 631 2109 691 Regeln
2135 637 2246 697 hieher
2271 635 2314 695 se¬

1280 673 1370 733 tzen,
1399 673 1450 733 zum
1496 676 1695 736 erbaulichen
1724 673 1928 733 Unterricht,
1957 676 2082 736 sowohl
2111 685 2196 745 derer
2225 688 2309 748 Can¬

1281 723 1470 783 didatinnen
1507 724 1559 784 des
1595 725 1826 785 Ehestandes,
1856 724 1909 784 als
1945 724 2016 784 auch
2058 730 2146 790 derer
2176 739 2294 799 jungen

1286 772 1445 832 Frauen,
1475 775 1546 835 die,
1570 775 1706 835 nachdem
1748 772 1783 832 sie
1807 772 1877 832 kaum
1920 771 2013 831 selbst
2044 775 2096 835 vor
2127 784 2303 844 ohngefehr

232 816 353 876 Enkeln
393 816 442 876 bey
476 819 525 879 der
553 816 736 876 Nachwelt
764 816 985 876 fortwähren.
1063 819 1168 879 Diese
1202 819 1256 879 ge=
1285 817 1329 877 15
1357 822 1484 882 Jahren
1512 822 1567 882 der
1590 822 1700 882 Wiege
1729 819 1944 879 entsprungen
1973 823 2099 883 waren,
2128 829 2188 889 nun
2216 834 2299 894 schon

1283 870 1376 930 selbst
1399 872 1493 932 diesen
1532 870 1654 930 kleinen
1682 867 1877 927 Rollwagen
1911 870 2015 930 ziehen
2044 876 2193 936 müssen:
2233 881 2310 941 Die

1283 921 1410 981 Lösung
1449 921 1499 981 der
1533 918 1641 978 Zunge
1673 916 1749 976 nach
1782 916 1833 976 der
1866 922 2006 982 Geburt
2039 926 2122 986 wird
2154 930 2314 990 empfoh¬

1279 969 1330 1029 len

1520 962 1599 1022 kalte
1634 963 1752 1023 Bäder
1788 967 1850 1027 sind
1885 973 2038 1033 schädlich

2227 984 2299 1044 feste

1280 1010 1529 1070 Einwickelung
1552 1007 1579 1067 in
1618 1010 1662 1070 die
1684 1014 1839 1074 Windeln
1878 1022 2000 1082 schadet
2028 1025 2077 1085 der
2100 1028 2232 1088 Brust,
2261 1030 2310 1090 de¬

1917 1076 2120 1136 Thiermilch
2155 1079 2194 1139 ist
2217 1079 2302 1139 nicht

1285 1109 1311 1169 so
1343 1106 1406 1166 gut
1433 1107 1480 1167 als
1517 1113 1738 1173 Frauenmilch
1776 1118 1944 1178 (worüber
1976 1126 2044 1186 noch
2076 1127 2160 1187 viele
2187 1130 2302 1190 Aerzte

1284 1154 1448 1214 streiten.)
1497 1160 1666 1220 Hektische
1688 1164 1750 1224 und
1777 1166 1990 1226 schwächliche
2017 1175 2149 1235 Mütter
2181 1178 2297 1238 müssen

235 1210 327 1270 selbst
349 1208 542 1268 widerrufen
571 1207 649 1267 hat:
671 1207 699 1267 so
729 1204 800 1264 kann
830 1204 908 1264 diese
930 1206 1165 1266 Widerlegung
1195 1201 1244 1261 ihn
1289 1201 1360 1261 ihre
1382 1204 1503 1264 Kinder
1539 1207 1624 1267 nicht
1647 1210 1739 1270 selbst
1769 1213 1912 1273 saugen;
1948 1217 2119 1277 sondern,
2149 1228 2313 1288 (voraus¬

1278 1252 1389 1312 gesetzt
1423 1253 1479 1313 daß
1507 1255 1540 1315 sie
1557 1255 1641 1315 Geld
1669 1258 1797 1318 haben)
1826 1260 1892 1320 eine
1920 1264 2037 1324 Amme
2060 1267 2165 1327 halten

230 1306 420 1366 bestärken;
450 1303 507 1363 und
537 1303 566 1363 er
590 1303 670 1363 wird
694 1305 792 1365 seinem
833 1303 966 1363 Gegner
990 1303 1036 1363 die
1060 1304 1250 1364 Gerechtig=
1280 1306 1367 1366 Hier
1391 1309 1552 1369 bekommt
1576 1308 1628 1368 das
1658 1308 1738 1368 feiste
1762 1309 1947 1369 Geschlecht
1971 1315 2017 1375 der
2041 1318 2208 1378 Ammen,
2243 1321 2312 1381 die¬

1277 1357 1318 1417 ser
1349 1360 1591 1420 Mitteldinge,
1616 1363 1764 1423 zwischen
1794 1363 1948 1423 Weibern
1984 1366 2049 1426 und
2073 1369 2292 1429 Jungfrauen

1279 1408 1363 1468 viele
1385 1410 1474 1470 derbe
1501 1410 1696 1470 Lectionen,
1723 1413 1781 1473 und
1814 1413 1893 1473 wird
1920 1416 2009 1476 ihnen
2041 1421 2215 1481 besonders
2242 1422 2294 1482 das

1283 1458 1418 1518 Singen
1453 1461 1509 1521 bey
1543 1461 1594 1521 der
1623 1464 1769 1524 Wiege,
1798 1466 1849 1526 als
1883 1464 1928 1524 ein
1963 1467 2138 1527 heilsames
2172 1472 2279 1532 Opium

1280 1508 1334 1568 für
1361 1509 1486 1569 Kinder
1508 1509 1687 1569 empfohlen
1726 1509 1736 1569 -

1867 1511 1945 1571 Die
1980 1518 2081 1578 große
2104 1521 2301 1581 Schädlich¬

1281 1557 1344 1617 keit
1362 1557 1413 1617 der
1437 1557 1616 1617 Mehlbrey
1645 1557 1697 1617 für
1726 1560 1922 1620 Säuglinge
1946 1565 2021 1625 wird
2050 1568 2217 1628 erwiesen,
2235 1572 2292 1632 und

239 1604 293 1664 S.
313 1608 373 1668 55.
392 1608 484 1668 statt:
509 1608 790 1668 Historische,
816 1604 1030 1664 Hysterische.
1092 1605 1250 1665 Schließ=
1282 1608 1416 1668 zugleich
1441 1605 1637 1665 angezeigt,
1656 1605 1790 1665 wieviel
1810 1610 1852 1670 ein
1883 1613 1968 1673 Kind
2000 1616 2116 1676 täglich
2141 1616 2300 1676 schlafen,

1274 1655 1331 1715 und
1363 1653 1426 1713 wie
1448 1652 1484 1712 es
1511 1652 1689 1712 gegangelt
1716 1658 1841 1718 werden
1874 1661 1988 1721 müsse.

2182 1667 2301 1727 Nach=

1280 1703 1331 1763 dem
1371 1700 1433 1760 wir
1450 1700 1513 1760 alle
1536 1703 1615 1763 diese
1638 1707 1791 1767 heilsame
1809 1709 1928 1769 Regeln
1957 1706 2047 1766 wohl
2064 1711 2211 1771 erwogen
2246 1718 2296 1778 ha¬

1280 1747 1365 1807 ben:
1394 1746 1421 1806 so
1450 1750 1483 1810 ist
1512 1754 1574 1814 uns
1609 1754 1659 1814 der
1688 1754 1858 1814 spashafte
1881 1755 2005 1815 Einfall
2039 1764 2299 1824 eingekommen,

1278 1796 1333 1856 den
1367 1797 1432 1857 Hrn
1472 1802 1516 1862 D.
1533 1805 1566 1865 zu
1594 1803 1733 1863 fragen,
1766 1802 1805 1862 ob
1834 1802 1916 1862 nicht
1939 1805 2022 1865 viele
2039 1814 2172 1874 tausend
2200 1817 2305 1877 Men¬

1276 1847 1359 1907 schen
1390 1851 1437 1911 als
1462 1852 1666 1912 Säuglinge
1685 1850 1847 1910 gestorben
1872 1852 1937 1912 seyn
1968 1858 2112 1918 müssen,
2137 1866 2226 1926 wenn
2257 1866 2293 1926 sie

1278 1899 1366 1959 nicht
1389 1903 1505 1963 anders
1539 1903 1582 1963 als
1612 1903 1677 1963 nach
1706 1903 1805 1963 seinen
1839 1906 1961 1966 Regeln
1989 1909 2038 1969 ihr
2061 1912 2155 1972 Leben
2189 1915 2288 1975 hätten

1278 1954 1418 2014 erhalten
1451 1954 1570 2014 sollen?
1603 1953 1678 2013 Der
1695 1954 1874 2014 Recensent
1896 1957 2064 2017 versichert
2081 1963 2297 2023 wenigstens,

1274 2002 1325 2062 daß
1357 2002 1383 2062 er
1409 2005 1456 2065 alt
1477 2005 1534 2065 und
1560 2002 1638 2062 groß
1670 2005 1873 2065 geworden,
1910 2005 1993 2065 ohne
2025 2010 2076 2070 daß
2113 2011 2196 2071 seine
2223 2013 2300 2073 leib¬

1280 2051 1353 2111 liche
1375 2052 1453 2112 liebe
1481 2052 1612 2112 Mutter
1639 2053 1686 2113 den
1724 2054 1845 2114 meisten
1878 2052 1977 2112 Theil
2005 2055 2057 2115 der
2079 2058 2199 2118 Regeln
2237 2061 2289 2121 des

1277 2099 1372 2159 Hrn.
1394 2100 1435 2160 D.
1452 2100 1610 2160 gewußt,
1632 2103 1694 2163 und
1721 2100 1906 2160 beobachtet
1928 2101 2033 2161 hätte.
2091 2106 2202 2166 Wenn
2239 2108 2292 2168 der

1280 2146 1349 2206 böse
1377 2148 1578 2208 Moliere
1611 2151 1681 2211 noch
1720 2148 1827 2208 lebte,
1861 2148 1887 2208 so
1926 2149 2039 2209 würde
2073 2154 2131 2214 er,
2160 2154 2219 2214 bey
2246 2156 2300 2216 Le¬

1281 2196 1352 2256 sung
1383 2199 1473 2259 dieses
1499 2199 1753 2259 Lehrbüchleins
1778 2196 1904 2256 manche
1929 2199 2098 2259 satyrische
2123 2205 2207 2265 Züge
2238 2208 2292 2268 zur

1283 2243 1367 2303 Ehre
1402 2248 1453 2308 der
1476 2249 1601 2309 Herren
1641 2246 1754 2306 Aerzte
1783 2246 1977 2306 gesammlet
2006 2249 2136 2309 haben,
2171 2255 2227 2315 und
2262 2260 2295 2320 es

1269 2297 1393 2357 möchte
1420 2300 1571 2360 mancher
1604 2294 1795 2354 wünschen,
1828 2296 1887 2356 daß
1928 2298 2006 2358 seine
2046 2304 2184 2364 Mutter
2217 2307 2269 2367 ihm

1273 2348 1391 2408 Hande
1418 2350 1476 2410 und
1503 2348 1594 2408 Füße
1615 2342 1673 2402 fein
1700 2342 1772 2402 feste
1806 2345 1832 2405 in
1865 2348 1917 2408 der
1944 2348 2055 2408 Wiege
2089 2357 2292 2417 eingezwän¬

278 2400 332 2460 J.
364 2399 412 2459 F.
444 2391 682 2451 Zückerts,
720 2391 775 2451 der
813 2396 1168 2456 Arzeneygelahrtheit
1199 2396 1248 2456 D.
1279 2400 1334 2460 get
1360 2398 1476 2458 hätte,
1501 2393 1580 2453 weil
1605 2390 1635 2450 er
1667 2393 1820 2453 vielleicht
1852 2400 1986 2460 alsdenn
2017 2403 2102 2463 keine
2134 2407 2287 2467 Satyren

2078 2458 2282 2518 Schließlich

1278 2495 1426 2555 erinnern
1455 2492 1515 2552 wir
1537 2491 1592 2551 nur
1620 2492 1719 2552 noch,
1741 2497 1796 2557 daß
1830 2500 1923 2560 wenn
1957 2502 2061 2562 einige
2083 2503 2193 2563 Eltern
2227 2504 2281 2564 bey

1275 2544 1475 2604 möglichster
1497 2542 1735 2602 Beobachtung
1763 2546 1838 2606 aller
1866 2551 1963 2611 dieser
1991 2551 2109 2611 Regeln
2148 2554 2283 2614 dennoch

1270 2593 1329 2653 das
1362 2590 1504 2650 Unglück
1537 2590 1635 2650 haben
1674 2596 1810 2656 sollten,
1833 2599 1909 2659 ihre
1942 2599 2040 2659 lieben
2079 2599 2204 2659 Kinder
2237 2605 2297 2665 auf

1275 2641 1328 2701 den
1356 2641 1513 2701 Kirchhof
1530 2641 1562 2701 zu
1589 2643 1724 2703 tragen;
1752 2645 1789 2705 sie
1812 2646 1833 2706 ja
1861 2646 1947 2706 nicht
1969 2646 2055 2706 denen
2083 2649 2202 2709 Regeln
2229 2654 2283 2714 des

1277 2688 1372 2748 Hrn.
1388 2688 1435 2748 D.
1462 2688 1509 2748 die
1536 2690 1663 2750 Schuld
1700 2695 1800 2755 dieses
1822 2694 1974 2754 Verlusts
2007 2697 2181 2757 beymessen
2218 2704 2292 2764 dür¬

1279 2737 1352 2797 fen:
1379 2739 1458 2799 denn
1491 2742 1569 2802 seine
1591 2745 1712 2805 Regeln
1739 2745 1797 2805 sind
1824 2744 1940 2804 immer
1962 2742 1988 2802 so
2015 2745 2088 2805 gut,
2105 2749 2152 2809 als
2174 2753 2284 2813 irgend

1269 2788 1333 2848 nur
1355 2790 1573 2850 medicinische
1595 2796 1712 2856 Regeln
1745 2795 1809 2855 seyn
1836 2793 1979 2853 können.
2033 2796 2151 2856 Kostet
2167 2802 2193 2862 in
2226 2805 2295 2865 vor¬

1271 2841 1447 2901 bemeldten
1476 2847 1686 2907 Kanterschen
1710 2847 2018 2907 Buchhandlungen
2048 2847 2087 2907 24
2110 2852 2161 2912 gr.
