<?xml version="1.0" encoding="UTF-8" standalone="yes"?>
<PcGts xmlns="http://schema.primaresearch.org/PAGE/gts/pagecontent/2013-07-15" xmlns:xsi="http://www.w3.org/2001/XMLSchema-instance" xsi:schemaLocation="http://schema.primaresearch.org/PAGE/gts/pagecontent/2013-07-15 http://schema.primaresearch.org/PAGE/gts/pagecontent/2013-07-15/pagecontent.xsd">
    <Metadata>
        <Creator>prov=READ-COOP:name=PyLaia@TranskribusPlatform:version=2.14.0:model_id=39995:lm=none:date=18_04_2024_19:21</Creator>
        <Created>2024-04-18T05:47:37.542+02:00</Created>
        <LastChange>2024-04-18T19:21:31.722Z</LastChange>
        <TranskribusMetadata docId="1969403" pageId="68735440" pageNr="4" tsid="159267481" status="IN_PROGRESS" userId="222699" imgUrl="https://files.transkribus.eu/Get?id=FGJJHFGRIZTJATMJFHTFGVEW&amp;fileType=view" xmlUrl="https://files.transkribus.eu/Get?id=GMSIPXPPBTTOUICKPSWWMDJC" imageId="54998121"/>
    </Metadata>
    <Page imageFilename="68735440.jpg" imageWidth="2479" imageHeight="3508">
        <ReadingOrder>
            <OrderedGroup id="ro_1713468091723" caption="Regions reading order">
                <RegionRefIndexed index="0" regionRef="r_10"/>
                <RegionRefIndexed index="1" regionRef="r_22"/>
                <RegionRefIndexed index="2" regionRef="r_35"/>
            </OrderedGroup>
        </ReadingOrder>
        <Relations/>
        <TextRegion id="r_10" custom="readingOrder {index:0;}">
            <Coords points="194,381 1256,381 1256,3084 194,3084"/>
            <TextLine id="r_10_tl_1" custom="readingOrder {index:0;}">
                <Coords points="204,425 1227,434 1227,384 1103,361 943,402 527,366 204,392"/>
                <Baseline points="211,420 256,420 301,417 346,417 391,420 435,420 480,420 525,420 570,423 615,423 659,423 704,423 749,423 794,423 838,423 883,423 928,423 973,423 1018,423 1062,423 1107,420 1152,420 1197,420 1230,423"/>
                <Word id="r_10_tl_1_w1" custom="readingOrder {index:0;}">
                    <Coords points="211,380 211,440 268,440 268,380"/>
                    <TextEquiv>
                        <Unicode>nen</Unicode>
                    </TextEquiv>
                </Word>
                <Word id="r_10_tl_1_w2" custom="readingOrder {index:1;}">
                    <Coords points="297,380 297,440 500,440 500,380"/>
                    <TextEquiv>
                        <Unicode>Grundsätze</Unicode>
                    </TextEquiv>
                </Word>
                <Word id="r_10_tl_1_w3" custom="readingOrder {index:2;}">
                    <Coords points="529,381 529,441 575,441 575,381"/>
                    <TextEquiv>
                        <Unicode>für</Unicode>
                    </TextEquiv>
                </Word>
                <Word id="r_10_tl_1_w4" custom="readingOrder {index:3;}">
                    <Coords points="604,383 604,443 650,443 650,383"/>
                    <TextEquiv>
                        <Unicode>die</Unicode>
                    </TextEquiv>
                </Word>
                <Word id="r_10_tl_1_w5" custom="readingOrder {index:4;}">
                    <Coords points="668,383 668,443 812,443 812,383"/>
                    <TextEquiv>
                        <Unicode>Zukunft</Unicode>
                    </TextEquiv>
                </Word>
                <Word id="r_10_tl_1_w6" custom="readingOrder {index:5;}">
                    <Coords points="831,383 831,443 928,443 928,383"/>
                    <TextEquiv>
                        <Unicode>zieht.</Unicode>
                    </TextEquiv>
                </Word>
                <Word id="r_10_tl_1_w7" custom="readingOrder {index:6;}">
                    <Coords points="952,383 952,443 1114,443 1114,383"/>
                    <TextEquiv>
                        <Unicode>Hiedurch</Unicode>
                    </TextEquiv>
                </Word>
                <Word id="r_10_tl_1_w8" custom="readingOrder {index:7;}">
                    <Coords points="1143,380 1143,440 1218,440 1218,380"/>
                    <TextEquiv>
                        <Unicode>wird</Unicode>
                    </TextEquiv>
                </Word>
                <TextEquiv>
                    <Unicode>nen Grundsätze für die Zukunft zieht. Hiedurch wird</Unicode>
                </TextEquiv>
            </TextLine>
            <TextLine id="r_10_tl_2" custom="readingOrder {index:1;}">
                <Coords points="207,478 1231,482 1229,434 1125,428 207,442"/>
                <Baseline points="214,471 259,471 304,468 349,465 394,468 438,471 483,471 528,471 573,471 618,471 662,471 707,474 752,474 797,474 841,474 886,474 931,471 976,474 1021,474 1065,474 1110,471 1155,471 1200,471 1233,471"/>
                <Word id="r_10_tl_2_w1" custom="readingOrder {index:0;}">
                    <Coords points="213,431 213,491 296,491 296,431"/>
                    <TextEquiv>
                        <Unicode>diese</Unicode>
                    </TextEquiv>
                </Word>
                <Word id="r_10_tl_2_w2" custom="readingOrder {index:1;}">
                    <Coords points="324,430 324,490 551,490 551,430"/>
                    <TextEquiv>
                        <Unicode>Wissenschaft</Unicode>
                    </TextEquiv>
                </Word>
                <Word id="r_10_tl_2_w3" custom="readingOrder {index:2;}">
                    <Coords points="574,431 574,491 635,491 635,431"/>
                    <TextEquiv>
                        <Unicode>erst</Unicode>
                    </TextEquiv>
                </Word>
                <Word id="r_10_tl_2_w4" custom="readingOrder {index:3;}">
                    <Coords points="663,434 663,494 840,494 840,434"/>
                    <TextEquiv>
                        <Unicode>practisch,</Unicode>
                    </TextEquiv>
                </Word>
                <Word id="r_10_tl_2_w5" custom="readingOrder {index:4;}">
                    <Coords points="880,432 880,492 945,492 945,432"/>
                    <TextEquiv>
                        <Unicode>und</Unicode>
                    </TextEquiv>
                </Word>
                <Word id="r_10_tl_2_w6" custom="readingOrder {index:5;}">
                    <Coords points="980,434 980,494 1134,494 1134,434"/>
                    <TextEquiv>
                        <Unicode>verschaft</Unicode>
                    </TextEquiv>
                </Word>
                <Word id="r_10_tl_2_w7" custom="readingOrder {index:6;}">
                    <Coords points="1157,431 1157,491 1223,491 1223,431"/>
                    <TextEquiv>
                        <Unicode>uns</Unicode>
                    </TextEquiv>
                </Word>
                <TextEquiv>
                    <Unicode>diese Wissenschaft erst practisch, und verschaft uns</Unicode>
                </TextEquiv>
            </TextLine>
            <TextLine id="r_10_tl_3" custom="readingOrder {index:2;}">
                <Coords points="210,536 1233,526 1222,479 210,487"/>
                <Baseline points="217,519 262,519 307,519 352,516 397,519 441,519 486,519 531,519 576,522 620,519 665,522 710,522 755,522 800,522 844,522 889,522 934,522 979,522 1024,522 1068,522 1113,522 1158,519 1203,522 1236,522"/>
                <Word id="r_10_tl_3_w1" custom="readingOrder {index:0;}">
                    <Coords points="215,479 215,539 286,539 286,479"/>
                    <TextEquiv>
                        <Unicode>eine</Unicode>
                    </TextEquiv>
                </Word>
                <Word id="r_10_tl_3_w2" custom="readingOrder {index:1;}">
                    <Coords points="313,479 313,539 529,539 529,479"/>
                    <TextEquiv>
                        <Unicode>Gegenwart</Unicode>
                    </TextEquiv>
                </Word>
                <Word id="r_10_tl_3_w3" custom="readingOrder {index:2;}">
                    <Coords points="556,481 556,541 606,541 606,481"/>
                    <TextEquiv>
                        <Unicode>des</Unicode>
                    </TextEquiv>
                </Word>
                <Word id="r_10_tl_3_w4" custom="readingOrder {index:3;}">
                    <Coords points="638,482 638,542 798,542 798,482"/>
                    <TextEquiv>
                        <Unicode>Geistes,</Unicode>
                    </TextEquiv>
                </Word>
                <Word id="r_10_tl_3_w5" custom="readingOrder {index:4;}">
                    <Coords points="824,482 824,542 870,542 870,482"/>
                    <TextEquiv>
                        <Unicode>die</Unicode>
                    </TextEquiv>
                </Word>
                <Word id="r_10_tl_3_w6" custom="readingOrder {index:5;}">
                    <Coords points="901,482 901,542 962,542 962,482"/>
                    <TextEquiv>
                        <Unicode>uns</Unicode>
                    </TextEquiv>
                </Word>
                <Word id="r_10_tl_3_w7" custom="readingOrder {index:6;}">
                    <Coords points="1000,482 1000,542 1123,542 1123,482"/>
                    <TextEquiv>
                        <Unicode>Knoten</Unicode>
                    </TextEquiv>
                </Word>
                <Word id="r_10_tl_3_w8" custom="readingOrder {index:7;}">
                    <Coords points="1165,481 1165,541 1231,541 1231,481"/>
                    <TextEquiv>
                        <Unicode>ent¬</Unicode>
                    </TextEquiv>
                </Word>
                <TextEquiv>
                    <Unicode>eine Gegenwart des Geistes, die uns Knoten ent¬</Unicode>
                </TextEquiv>
            </TextLine>
            <TextLine id="r_10_tl_4" custom="readingOrder {index:3;}">
                <Coords points="217,589 1233,588 1233,535 1135,528 217,536"/>
                <Baseline points="223,573 268,567 313,567 358,570 403,570 447,570 492,570 537,573 582,570 626,570 671,570 716,570 761,573 806,570 850,573 895,570 940,573 985,570 1030,570 1074,570 1119,570 1164,570 1209,570 1236,573"/>
                <Word id="r_10_tl_4_w1" custom="readingOrder {index:0;}">
                    <Coords points="217,528 217,588 296,588 296,528"/>
                    <TextEquiv>
                        <Unicode>zwey</Unicode>
                    </TextEquiv>
                </Word>
                <Word id="r_10_tl_4_w2" custom="readingOrder {index:1;}">
                    <Coords points="323,530 323,590 423,590 423,530"/>
                    <TextEquiv>
                        <Unicode>hauen</Unicode>
                    </TextEquiv>
                </Word>
                <Word id="r_10_tl_4_w3" custom="readingOrder {index:2;}">
                    <Coords points="450,530 450,590 551,590 551,530"/>
                    <TextEquiv>
                        <Unicode>lehrt,</Unicode>
                    </TextEquiv>
                </Word>
                <Word id="r_10_tl_4_w4" custom="readingOrder {index:3;}">
                    <Coords points="567,530 567,590 652,590 652,530"/>
                    <TextEquiv>
                        <Unicode>wenn</Unicode>
                    </TextEquiv>
                </Word>
                <Word id="r_10_tl_4_w5" custom="readingOrder {index:4;}">
                    <Coords points="685,530 685,590 742,590 742,530"/>
                    <TextEquiv>
                        <Unicode>wir</Unicode>
                    </TextEquiv>
                </Word>
                <Word id="r_10_tl_4_w6" custom="readingOrder {index:5;}">
                    <Coords points="764,531 764,591 801,591 801,531"/>
                    <TextEquiv>
                        <Unicode>sie</Unicode>
                    </TextEquiv>
                </Word>
                <Word id="r_10_tl_4_w7" custom="readingOrder {index:6;}">
                    <Coords points="823,532 823,592 901,592 901,532"/>
                    <TextEquiv>
                        <Unicode>nicht</Unicode>
                    </TextEquiv>
                </Word>
                <Word id="r_10_tl_4_w8" custom="readingOrder {index:7;}">
                    <Coords points="923,530 923,590 1061,590 1061,530"/>
                    <TextEquiv>
                        <Unicode>auflösen</Unicode>
                    </TextEquiv>
                </Word>
                <Word id="r_10_tl_4_w9" custom="readingOrder {index:8;}">
                    <Coords points="1088,530 1088,590 1231,590 1231,530"/>
                    <TextEquiv>
                        <Unicode>köͤnnen,</Unicode>
                    </TextEquiv>
                </Word>
                <TextEquiv>
                    <Unicode>zwey hauen lehrt, wenn wir sie nicht auflösen köͤnnen,</Unicode>
                </TextEquiv>
            </TextLine>
            <TextLine id="r_10_tl_5" custom="readingOrder {index:4;}">
                <Coords points="213,633 1236,641 1236,585 1139,576 213,590"/>
                <Baseline points="220,618 265,618 310,618 355,618 400,618 444,618 489,618 534,618 579,618 623,620 668,618 713,620 758,618 803,620 847,620 892,623 937,620 982,620 1027,620 1071,618 1116,618 1161,618 1206,618 1238,620"/>
                <Word id="r_10_tl_5_w1" custom="readingOrder {index:0;}">
                    <Coords points="219,578 219,638 283,638 283,578"/>
                    <TextEquiv>
                        <Unicode>und</Unicode>
                    </TextEquiv>
                </Word>
                <Word id="r_10_tl_5_w2" custom="readingOrder {index:1;}">
                    <Coords points="311,578 311,638 353,638 353,578"/>
                    <TextEquiv>
                        <Unicode>die</Unicode>
                    </TextEquiv>
                </Word>
                <Word id="r_10_tl_5_w3" custom="readingOrder {index:2;}">
                    <Coords points="386,578 386,638 575,638 575,578"/>
                    <TextEquiv>
                        <Unicode>überhaupt</Unicode>
                    </TextEquiv>
                </Word>
                <Word id="r_10_tl_5_w4" custom="readingOrder {index:3;}">
                    <Coords points="597,579 597,639 656,639 656,579"/>
                    <TextEquiv>
                        <Unicode>uns</Unicode>
                    </TextEquiv>
                </Word>
                <Word id="r_10_tl_5_w5" custom="readingOrder {index:4;}">
                    <Coords points="694,579 694,639 731,639 731,579"/>
                    <TextEquiv>
                        <Unicode>ein</Unicode>
                    </TextEquiv>
                </Word>
                <Word id="r_10_tl_5_w6" custom="readingOrder {index:5;}">
                    <Coords points="770,580 770,640 910,640 910,580"/>
                    <TextEquiv>
                        <Unicode>gewisses</Unicode>
                    </TextEquiv>
                </Word>
                <Word id="r_10_tl_5_w7" custom="readingOrder {index:6;}">
                    <Coords points="943,580 943,640 1083,640 1083,580"/>
                    <TextEquiv>
                        <Unicode>gesetztes</Unicode>
                    </TextEquiv>
                </Word>
                <Word id="r_10_tl_5_w8" custom="readingOrder {index:7;}">
                    <Coords points="1110,578 1110,638 1218,638 1218,578"/>
                    <TextEquiv>
                        <Unicode>Wesen</Unicode>
                    </TextEquiv>
                </Word>
                <TextEquiv>
                    <Unicode>und die überhaupt uns ein gewisses gesetztes Wesen</Unicode>
                </TextEquiv>
            </TextLine>
            <TextLine id="r_10_tl_6" custom="readingOrder {index:5;}">
                <Coords points="217,678 1237,683 1193,625 217,634"/>
                <Baseline points="223,665 268,665 313,665 358,668 403,668 447,668 492,668 537,665 582,665 626,665 671,668 716,665 761,668 806,668 850,668 895,671 940,671 985,668 1030,668 1074,665 1119,668 1164,668 1209,668 1241,668"/>
                <Word id="r_10_tl_6_w1" custom="readingOrder {index:0;}">
                    <Coords points="217,625 217,685 418,685 418,625"/>
                    <TextEquiv>
                        <Unicode>beybringt,</Unicode>
                    </TextEquiv>
                </Word>
                <Word id="r_10_tl_6_w2" custom="readingOrder {index:1;}">
                    <Coords points="450,628 450,688 508,688 508,628"/>
                    <TextEquiv>
                        <Unicode>das</Unicode>
                    </TextEquiv>
                </Word>
                <Word id="r_10_tl_6_w3" custom="readingOrder {index:2;}">
                    <Coords points="540,625 540,685 604,685 604,625"/>
                    <TextEquiv>
                        <Unicode>wir</Unicode>
                    </TextEquiv>
                </Word>
                <Word id="r_10_tl_6_w4" custom="readingOrder {index:3;}">
                    <Coords points="636,625 636,685 784,685 784,625"/>
                    <TextEquiv>
                        <Unicode>äußern,</Unicode>
                    </TextEquiv>
                </Word>
                <Word id="r_10_tl_6_w5" custom="readingOrder {index:4;}">
                    <Coords points="816,628 816,688 847,688 847,628"/>
                    <TextEquiv>
                        <Unicode>es</Unicode>
                    </TextEquiv>
                </Word>
                <Word id="r_10_tl_6_w6" custom="readingOrder {index:5;}">
                    <Coords points="880,631 880,691 959,691 959,631"/>
                    <TextEquiv>
                        <Unicode>gehe</Unicode>
                    </TextEquiv>
                </Word>
                <Word id="r_10_tl_6_w7" custom="readingOrder {index:6;}">
                    <Coords points="986,628 986,688 1049,688 1049,628"/>
                    <TextEquiv>
                        <Unicode>wie</Unicode>
                    </TextEquiv>
                </Word>
                <Word id="r_10_tl_6_w8" custom="readingOrder {index:7;}">
                    <Coords points="1076,626 1076,686 1107,686 1107,626"/>
                    <TextEquiv>
                        <Unicode>es</Unicode>
                    </TextEquiv>
                </Word>
                <Word id="r_10_tl_6_w9" custom="readingOrder {index:8;}">
                    <Coords points="1135,628 1135,688 1235,688 1235,628"/>
                    <TextEquiv>
                        <Unicode>gehe.</Unicode>
                    </TextEquiv>
                </Word>
                <TextEquiv>
                    <Unicode>beybringt, das wir äußern, es gehe wie es gehe.</Unicode>
                </TextEquiv>
            </TextLine>
            <TextLine id="r_10_tl_7" custom="readingOrder {index:6;}">
                <Coords points="213,724 1236,723 1208,679 213,680"/>
                <Baseline points="220,716 265,716 310,716 355,716 400,716 444,716 489,716 534,716 579,716 623,716 668,719 713,716 758,716 803,719 847,719 892,719 937,719 982,719 1027,719 1071,716 1116,716 1161,713 1206,716 1238,716"/>
                <Word id="r_10_tl_7_w1" custom="readingOrder {index:0;}">
                    <Coords points="218,676 218,736 297,736 297,676"/>
                    <TextEquiv>
                        <Unicode>Wie</Unicode>
                    </TextEquiv>
                </Word>
                <Word id="r_10_tl_7_w2" custom="readingOrder {index:1;}">
                    <Coords points="319,676 319,736 392,736 392,676"/>
                    <TextEquiv>
                        <Unicode>klein</Unicode>
                    </TextEquiv>
                </Word>
                <Word id="r_10_tl_7_w3" custom="readingOrder {index:2;}">
                    <Coords points="425,676 425,736 509,736 509,676"/>
                    <TextEquiv>
                        <Unicode>wäre</Unicode>
                    </TextEquiv>
                </Word>
                <Word id="r_10_tl_7_w4" custom="readingOrder {index:3;}">
                    <Coords points="525,676 525,736 572,736 572,676"/>
                    <TextEquiv>
                        <Unicode>der</Unicode>
                    </TextEquiv>
                </Word>
                <Word id="r_10_tl_7_w5" custom="readingOrder {index:4;}">
                    <Coords points="594,678 594,738 752,738 752,678"/>
                    <TextEquiv>
                        <Unicode>Vortheil</Unicode>
                    </TextEquiv>
                </Word>
                <Word id="r_10_tl_7_w6" custom="readingOrder {index:5;}">
                    <Coords points="774,678 774,738 831,738 831,678"/>
                    <TextEquiv>
                        <Unicode>von</Unicode>
                    </TextEquiv>
                </Word>
                <Word id="r_10_tl_7_w7" custom="readingOrder {index:6;}">
                    <Coords points="864,679 864,739 1006,739 1006,679"/>
                    <TextEquiv>
                        <Unicode>glücklich</Unicode>
                    </TextEquiv>
                </Word>
                <Word id="r_10_tl_7_w8" custom="readingOrder {index:7;}">
                    <Coords points="1033,675 1033,735 1223,735 1223,675"/>
                    <TextEquiv>
                        <Unicode>geendigten</Unicode>
                    </TextEquiv>
                </Word>
                <TextEquiv>
                    <Unicode>Wie klein wäre der Vortheil von glücklich geendigten</Unicode>
                </TextEquiv>
            </TextLine>
            <TextLine id="r_10_tl_8" custom="readingOrder {index:7;}">
                <Coords points="219,781 1237,778 1237,732 1200,726 383,751 219,724"/>
                <Baseline points="226,764 271,767 316,767 361,767 406,767 450,767 495,764 540,767 585,767 629,767 674,767 719,764 764,767 809,767 853,767 898,767 943,767 988,767 1032,764 1077,764 1122,764 1167,764 1212,764 1241,764"/>
                <Word id="r_10_tl_8_w1" custom="readingOrder {index:0;}">
                    <Coords points="225,727 225,787 370,787 370,727"/>
                    <TextEquiv>
                        <Unicode>Reisen,</Unicode>
                    </TextEquiv>
                </Word>
                <Word id="r_10_tl_8_w2" custom="readingOrder {index:1;}">
                    <Coords points="408,727 408,787 467,787 467,727"/>
                    <TextEquiv>
                        <Unicode>und</Unicode>
                    </TextEquiv>
                </Word>
                <Word id="r_10_tl_8_w3" custom="readingOrder {index:2;}">
                    <Coords points="500,726 500,786 575,786 575,726"/>
                    <TextEquiv>
                        <Unicode>allen</Unicode>
                    </TextEquiv>
                </Word>
                <Word id="r_10_tl_8_w4" custom="readingOrder {index:3;}">
                    <Coords points="614,727 614,787 710,787 710,727"/>
                    <TextEquiv>
                        <Unicode>dabey</Unicode>
                    </TextEquiv>
                </Word>
                <Word id="r_10_tl_8_w5" custom="readingOrder {index:4;}">
                    <Coords points="743,727 743,787 1002,787 1002,727"/>
                    <TextEquiv>
                        <Unicode>ausgestandnen</Unicode>
                    </TextEquiv>
                </Word>
                <Word id="r_10_tl_8_w6" custom="readingOrder {index:5;}">
                    <Coords points="1041,724 1041,784 1234,784 1234,724"/>
                    <TextEquiv>
                        <Unicode>Gefahren,</Unicode>
                    </TextEquiv>
                </Word>
                <TextEquiv>
                    <Unicode>Reisen, und allen dabey ausgestandnen Gefahren,</Unicode>
                </TextEquiv>
            </TextLine>
            <TextLine id="r_10_tl_9" custom="readingOrder {index:8;}">
                <Coords points="213,835 1236,833 1236,780 1166,772 213,781"/>
                <Baseline points="220,815 253,815 298,815 343,812 388,815 432,815 477,815 522,815 567,815 612,815 656,815 701,815 746,815 791,818 835,815 880,815 925,818 970,815 1015,815 1059,815 1104,812 1149,812 1194,812 1238,812"/>
                <Word id="r_10_tl_9_w1" custom="readingOrder {index:0;}">
                    <Coords points="218,775 218,835 308,835 308,775"/>
                    <TextEquiv>
                        <Unicode>wenn</Unicode>
                    </TextEquiv>
                </Word>
                <Word id="r_10_tl_9_w2" custom="readingOrder {index:1;}">
                    <Coords points="340,773 340,833 398,833 398,773"/>
                    <TextEquiv>
                        <Unicode>wir</Unicode>
                    </TextEquiv>
                </Word>
                <Word id="r_10_tl_9_w3" custom="readingOrder {index:2;}">
                    <Coords points="419,775 419,835 493,835 493,775"/>
                    <TextEquiv>
                        <Unicode>statt</Unicode>
                    </TextEquiv>
                </Word>
                <Word id="r_10_tl_9_w4" custom="readingOrder {index:3;}">
                    <Coords points="515,775 515,835 593,835 593,775"/>
                    <TextEquiv>
                        <Unicode>diese</Unicode>
                    </TextEquiv>
                </Word>
                <Word id="r_10_tl_9_w5" custom="readingOrder {index:4;}">
                    <Coords points="615,775 615,835 810,835 810,775"/>
                    <TextEquiv>
                        <Unicode>Abhartung</Unicode>
                    </TextEquiv>
                </Word>
                <Word id="r_10_tl_9_w6" custom="readingOrder {index:5;}">
                    <Coords points="832,775 832,835 858,835 858,775"/>
                    <TextEquiv>
                        <Unicode>in</Unicode>
                    </TextEquiv>
                </Word>
                <Word id="r_10_tl_9_w7" custom="readingOrder {index:6;}">
                    <Coords points="885,777 885,837 995,837 995,777"/>
                    <TextEquiv>
                        <Unicode>unsern</Unicode>
                    </TextEquiv>
                </Word>
                <Word id="r_10_tl_9_w8" custom="readingOrder {index:7;}">
                    <Coords points="1023,772 1023,832 1175,832 1175,772"/>
                    <TextEquiv>
                        <Unicode>Vortheil</Unicode>
                    </TextEquiv>
                </Word>
                <Word id="r_10_tl_9_w9" custom="readingOrder {index:8;}">
                    <Coords points="1192,772 1192,832 1223,832 1223,772"/>
                    <TextEquiv>
                        <Unicode>zu</Unicode>
                    </TextEquiv>
                </Word>
                <TextEquiv>
                    <Unicode>wenn wir statt diese Abhartung in unsern Vortheil zu</Unicode>
                </TextEquiv>
            </TextLine>
            <TextLine id="r_10_tl_10" custom="readingOrder {index:9;}">
                <Coords points="217,876 1237,880 1237,833 1180,821 217,838"/>
                <Baseline points="223,865 256,865 301,862 346,862 391,862 435,862 480,865 525,865 570,862 615,862 659,865 704,865 749,862 794,862 838,865 883,865 928,865 973,862 1018,862 1062,862 1107,862 1152,862 1197,859 1241,859"/>
                <Word id="r_10_tl_10_w1" custom="readingOrder {index:0;}">
                    <Coords points="217,822 217,882 440,882 440,822"/>
                    <TextEquiv>
                        <Unicode>verwenden,</Unicode>
                    </TextEquiv>
                </Word>
                <Word id="r_10_tl_10_w2" custom="readingOrder {index:1;}">
                    <Coords points="461,825 461,885 573,885 573,825"/>
                    <TextEquiv>
                        <Unicode>unsern</Unicode>
                    </TextEquiv>
                </Word>
                <Word id="r_10_tl_10_w3" custom="readingOrder {index:2;}">
                    <Coords points="614,825 614,885 741,885 741,825"/>
                    <TextEquiv>
                        <Unicode>Körper</Unicode>
                    </TextEquiv>
                </Word>
                <Word id="r_10_tl_10_w4" custom="readingOrder {index:3;}">
                    <Coords points="772,825 772,885 981,885 981,825"/>
                    <TextEquiv>
                        <Unicode>verzärteln,</Unicode>
                    </TextEquiv>
                </Word>
                <Word id="r_10_tl_10_w5" custom="readingOrder {index:4;}">
                    <Coords points="1007,822 1007,882 1067,882 1067,822"/>
                    <TextEquiv>
                        <Unicode>und</Unicode>
                    </TextEquiv>
                </Word>
                <Word id="r_10_tl_10_w6" custom="readingOrder {index:5;}">
                    <Coords points="1104,822 1104,882 1164,882 1164,822"/>
                    <TextEquiv>
                        <Unicode>uns</Unicode>
                    </TextEquiv>
                </Word>
                <Word id="r_10_tl_10_w7" custom="readingOrder {index:6;}">
                    <Coords points="1190,819 1190,879 1240,879 1240,819"/>
                    <TextEquiv>
                        <Unicode>be¬</Unicode>
                    </TextEquiv>
                </Word>
                <TextEquiv>
                    <Unicode>verwenden, unsern Körper verzärteln, und uns be¬</Unicode>
                </TextEquiv>
            </TextLine>
            <TextLine id="r_10_tl_11" custom="readingOrder {index:10;}">
                <Coords points="217,934 1241,914 1241,872 1200,869 217,885"/>
                <Baseline points="223,919 259,916 304,913 349,913 394,913 438,913 483,913 528,913 573,913 618,910 662,913 707,910 752,913 797,913 841,913 886,916 931,913 976,913 1021,910 1065,910 1110,910 1155,907 1200,910 1244,907"/>
                <Word id="r_10_tl_11_w1" custom="readingOrder {index:0;}">
                    <Coords points="222,874 222,934 350,934 350,874"/>
                    <TextEquiv>
                        <Unicode>gnügen</Unicode>
                    </TextEquiv>
                </Word>
                <Word id="r_10_tl_11_w2" custom="readingOrder {index:1;}">
                    <Coords points="382,873 382,933 526,933 526,873"/>
                    <TextEquiv>
                        <Unicode>wollten,</Unicode>
                    </TextEquiv>
                </Word>
                <Word id="r_10_tl_11_w3" custom="readingOrder {index:2;}">
                    <Coords points="537,872 537,932 624,932 624,872"/>
                    <TextEquiv>
                        <Unicode>guten</Unicode>
                    </TextEquiv>
                </Word>
                <Word id="r_10_tl_11_w4" custom="readingOrder {index:3;}">
                    <Coords points="656,872 656,932 821,932 821,872"/>
                    <TextEquiv>
                        <Unicode>Freunden</Unicode>
                    </TextEquiv>
                </Word>
                <Word id="r_10_tl_11_w5" custom="readingOrder {index:4;}">
                    <Coords points="852,874 852,934 877,934 877,874"/>
                    <TextEquiv>
                        <Unicode>zu</Unicode>
                    </TextEquiv>
                </Word>
                <Word id="r_10_tl_11_w6" custom="readingOrder {index:5;}">
                    <Coords points="904,873 904,933 1017,933 1017,873"/>
                    <TextEquiv>
                        <Unicode>sagen,</Unicode>
                    </TextEquiv>
                </Word>
                <Word id="r_10_tl_11_w7" custom="readingOrder {index:6;}">
                    <Coords points="1028,870 1028,930 1074,930 1074,870"/>
                    <TextEquiv>
                        <Unicode>wo</Unicode>
                    </TextEquiv>
                </Word>
                <Word id="r_10_tl_11_w8" custom="readingOrder {index:7;}">
                    <Coords points="1105,868 1105,928 1161,928 1161,868"/>
                    <TextEquiv>
                        <Unicode>wir</Unicode>
                    </TextEquiv>
                </Word>
                <Word id="r_10_tl_11_w9" custom="readingOrder {index:8;}">
                    <Coords points="1188,869 1188,929 1239,929 1239,869"/>
                    <TextEquiv>
                        <Unicode>ge¬</Unicode>
                    </TextEquiv>
                </Word>
                <TextEquiv>
                    <Unicode>gnügen wollten, guten Freunden zu sagen, wo wir ge¬</Unicode>
                </TextEquiv>
            </TextLine>
            <TextLine id="r_10_tl_12" custom="readingOrder {index:11;}">
                <Coords points="213,965 523,995 1236,967 1211,918 213,933"/>
                <Baseline points="220,964 253,964 298,964 343,964 388,964 432,964 477,961 522,961 567,961 612,961 656,964 701,964 746,961 791,961 835,964 880,964 925,964 970,964 1015,961 1059,961 1104,958 1149,955 1194,955 1238,955"/>
                <Word id="r_10_tl_12_w1" custom="readingOrder {index:0;}">
                    <Coords points="219,924 219,984 318,984 318,924"/>
                    <TextEquiv>
                        <Unicode>wesen</Unicode>
                    </TextEquiv>
                </Word>
                <Word id="r_10_tl_12_w2" custom="readingOrder {index:1;}">
                    <Coords points="347,924 347,984 407,984 407,924"/>
                    <TextEquiv>
                        <Unicode>sind</Unicode>
                    </TextEquiv>
                </Word>
                <Word id="r_10_tl_12_w3" custom="readingOrder {index:2;}">
                    <Coords points="436,923 436,983 446,983 446,923"/>
                    <TextEquiv>
                        <Unicode>—</Unicode>
                    </TextEquiv>
                </Word>
                <Word id="r_10_tl_12_w4" custom="readingOrder {index:3;}">
                    <Coords points="485,921 485,981 574,981 574,921"/>
                    <TextEquiv>
                        <Unicode>Was</Unicode>
                    </TextEquiv>
                </Word>
                <Word id="r_10_tl_12_w5" custom="readingOrder {index:4;}">
                    <Coords points="596,924 596,984 779,984 779,924"/>
                    <TextEquiv>
                        <Unicode>vergangen</Unicode>
                    </TextEquiv>
                </Word>
                <Word id="r_10_tl_12_w6" custom="readingOrder {index:5;}">
                    <Coords points="807,923 807,983 856,983 856,923"/>
                    <TextEquiv>
                        <Unicode>ist,</Unicode>
                    </TextEquiv>
                </Word>
                <Word id="r_10_tl_12_w7" custom="readingOrder {index:6;}">
                    <Coords points="874,924 874,984 967,984 967,924"/>
                    <TextEquiv>
                        <Unicode>stehet</Unicode>
                    </TextEquiv>
                </Word>
                <Word id="r_10_tl_12_w8" custom="readingOrder {index:7;}">
                    <Coords points="990,921 990,981 1073,981 1073,921"/>
                    <TextEquiv>
                        <Unicode>nicht</Unicode>
                    </TextEquiv>
                </Word>
                <Word id="r_10_tl_12_w9" custom="readingOrder {index:8;}">
                    <Coords points="1096,917 1096,977 1117,977 1117,917"/>
                    <TextEquiv>
                        <Unicode>in</Unicode>
                    </TextEquiv>
                </Word>
                <Word id="r_10_tl_12_w10" custom="readingOrder {index:9;}">
                    <Coords points="1146,915 1146,975 1234,975 1234,915"/>
                    <TextEquiv>
                        <Unicode>sterb¬</Unicode>
                    </TextEquiv>
                </Word>
                <TextEquiv>
                    <Unicode>wesen sind — Was vergangen ist, stehet nicht in sterb¬</Unicode>
                </TextEquiv>
            </TextLine>
            <TextLine id="r_10_tl_13" custom="readingOrder {index:12;}">
                <Coords points="217,1037 1237,1019 1222,963 532,997 217,969"/>
                <Baseline points="223,1012 256,1015 301,1015 346,1015 391,1015 435,1012 480,1015 525,1015 570,1015 615,1015 659,1012 704,1012 749,1015 794,1015 838,1015 883,1015 928,1012 973,1009 988,1012 1018,1009 1062,1012 1107,1009 1152,1006 1197,1006 1241,1009"/>
                <Word id="r_10_tl_13_w1" custom="readingOrder {index:0;}">
                    <Coords points="222,975 222,1035 317,1035 317,975"/>
                    <TextEquiv>
                        <Unicode>lichen</Unicode>
                    </TextEquiv>
                </Word>
                <Word id="r_10_tl_13_w2" custom="readingOrder {index:1;}">
                    <Coords points="344,972 344,1032 512,1032 512,972"/>
                    <TextEquiv>
                        <Unicode>Händen,</Unicode>
                    </TextEquiv>
                </Word>
                <Word id="r_10_tl_13_w3" custom="readingOrder {index:2;}">
                    <Coords points="534,975 534,1035 692,1035 692,975"/>
                    <TextEquiv>
                        <Unicode>geändert</Unicode>
                    </TextEquiv>
                </Word>
                <Word id="r_10_tl_13_w4" custom="readingOrder {index:3;}">
                    <Coords points="713,973 713,1033 739,1033 739,973"/>
                    <TextEquiv>
                        <Unicode>zu</Unicode>
                    </TextEquiv>
                </Word>
                <Word id="r_10_tl_13_w5" custom="readingOrder {index:4;}">
                    <Coords points="771,975 771,1035 913,1035 913,975"/>
                    <TextEquiv>
                        <Unicode>werden.</Unicode>
                    </TextEquiv>
                </Word>
                <Word id="r_10_tl_13_w6" custom="readingOrder {index:5;}">
                    <Coords points="988,971 988,1031 1119,1031 1119,971"/>
                    <TextEquiv>
                        <Unicode>Warum</Unicode>
                    </TextEquiv>
                </Word>
                <Word id="r_10_tl_13_w7" custom="readingOrder {index:6;}">
                    <Coords points="1162,966 1162,1026 1241,1026 1241,966"/>
                    <TextEquiv>
                        <Unicode>wol¬</Unicode>
                    </TextEquiv>
                </Word>
                <TextEquiv>
                    <Unicode>lichen Händen, geändert zu werden. Warum wol¬</Unicode>
                </TextEquiv>
            </TextLine>
            <TextLine id="r_10_tl_14" custom="readingOrder {index:13;}">
                <Coords points="213,1077 1237,1070 1238,1019 1191,1013 214,1036"/>
                <Baseline points="220,1065 256,1062 301,1062 346,1062 391,1062 435,1062 480,1062 525,1062 570,1062 615,1059 659,1062 704,1062 749,1062 794,1062 838,1062 883,1062 928,1062 973,1062 1018,1059 1062,1059 1107,1059 1152,1056 1197,1056 1241,1053"/>
                <Word id="r_10_tl_14_w1" custom="readingOrder {index:0;}">
                    <Coords points="218,1023 218,1083 260,1083 260,1023"/>
                    <TextEquiv>
                        <Unicode>len</Unicode>
                    </TextEquiv>
                </Word>
                <Word id="r_10_tl_14_w2" custom="readingOrder {index:1;}">
                    <Coords points="293,1022 293,1082 350,1082 350,1022"/>
                    <TextEquiv>
                        <Unicode>wir</Unicode>
                    </TextEquiv>
                </Word>
                <Word id="r_10_tl_14_w3" custom="readingOrder {index:2;}">
                    <Coords points="372,1022 372,1082 435,1082 435,1022"/>
                    <TextEquiv>
                        <Unicode>uns</Unicode>
                    </TextEquiv>
                </Word>
                <Word id="r_10_tl_14_w4" custom="readingOrder {index:3;}">
                    <Coords points="462,1022 462,1082 520,1082 520,1022"/>
                    <TextEquiv>
                        <Unicode>also</Unicode>
                    </TextEquiv>
                </Word>
                <Word id="r_10_tl_14_w5" custom="readingOrder {index:4;}">
                    <Coords points="547,1021 547,1081 616,1081 616,1021"/>
                    <TextEquiv>
                        <Unicode>blos</Unicode>
                    </TextEquiv>
                </Word>
                <Word id="r_10_tl_14_w6" custom="readingOrder {index:5;}">
                    <Coords points="637,1021 637,1081 663,1081 663,1021"/>
                    <TextEquiv>
                        <Unicode>in</Unicode>
                    </TextEquiv>
                </Word>
                <Word id="r_10_tl_14_w7" custom="readingOrder {index:6;}">
                    <Coords points="696,1022 696,1082 743,1082 743,1022"/>
                    <TextEquiv>
                        <Unicode>den</Unicode>
                    </TextEquiv>
                </Word>
                <Word id="r_10_tl_14_w8" custom="readingOrder {index:7;}">
                    <Coords points="770,1022 770,1082 976,1082 976,1022"/>
                    <TextEquiv>
                        <Unicode>vergangnen</Unicode>
                    </TextEquiv>
                </Word>
                <Word id="r_10_tl_14_w9" custom="readingOrder {index:8;}">
                    <Coords points="998,1019 998,1079 1098,1079 1098,1019"/>
                    <TextEquiv>
                        <Unicode>Theil</Unicode>
                    </TextEquiv>
                </Word>
                <Word id="r_10_tl_14_w10" custom="readingOrder {index:9;}">
                    <Coords points="1120,1016 1120,1076 1231,1076 1231,1016"/>
                    <TextEquiv>
                        <Unicode>unsers</Unicode>
                    </TextEquiv>
                </Word>
                <TextEquiv>
                    <Unicode>len wir uns also blos in den vergangnen Theil unsers</Unicode>
                </TextEquiv>
            </TextLine>
            <TextLine id="r_10_tl_15" custom="readingOrder {index:14;}">
                <Coords points="219,1126 1081,1129 1240,1116 1241,1072 220,1081"/>
                <Baseline points="226,1113 259,1113 304,1113 349,1113 394,1113 438,1113 483,1113 528,1113 573,1110 618,1113 662,1113 707,1110 752,1113 797,1113 841,1113 886,1113 931,1110 976,1110 1021,1110 1065,1110 1110,1107 1155,1107 1200,1107 1244,1104"/>
                <Word id="r_10_tl_15_w1" custom="readingOrder {index:0;}">
                    <Coords points="219,1073 219,1133 339,1133 339,1073"/>
                    <TextEquiv>
                        <Unicode>Lebens</Unicode>
                    </TextEquiv>
                </Word>
                <Word id="r_10_tl_15_w2" custom="readingOrder {index:1;}">
                    <Coords points="370,1073 370,1133 551,1133 551,1073"/>
                    <TextEquiv>
                        <Unicode>vertiefen?</Unicode>
                    </TextEquiv>
                </Word>
                <Word id="r_10_tl_15_w3" custom="readingOrder {index:2;}">
                    <Coords points="587,1072 587,1132 647,1132 647,1072"/>
                    <TextEquiv>
                        <Unicode>und</Unicode>
                    </TextEquiv>
                </Word>
                <Word id="r_10_tl_15_w4" custom="readingOrder {index:3;}">
                    <Coords points="673,1071 673,1131 784,1131 784,1071"/>
                    <TextEquiv>
                        <Unicode>warum</Unicode>
                    </TextEquiv>
                </Word>
                <Word id="r_10_tl_15_w5" custom="readingOrder {index:4;}">
                    <Coords points="825,1073 825,1133 885,1133 885,1073"/>
                    <TextEquiv>
                        <Unicode>uns</Unicode>
                    </TextEquiv>
                </Word>
                <Word id="r_10_tl_15_w6" custom="readingOrder {index:5;}">
                    <Coords points="911,1070 911,1130 981,1130 981,1070"/>
                    <TextEquiv>
                        <Unicode>blos</Unicode>
                    </TextEquiv>
                </Word>
                <Word id="r_10_tl_15_w7" custom="readingOrder {index:6;}">
                    <Coords points="1007,1070 1007,1130 1067,1130 1067,1070"/>
                    <TextEquiv>
                        <Unicode>mit</Unicode>
                    </TextEquiv>
                </Word>
                <Word id="r_10_tl_15_w8" custom="readingOrder {index:7;}">
                    <Coords points="1088,1067 1088,1127 1138,1127 1138,1067"/>
                    <TextEquiv>
                        <Unicode>dem</Unicode>
                    </TextEquiv>
                </Word>
                <Word id="r_10_tl_15_w9" custom="readingOrder {index:8;}">
                    <Coords points="1189,1066 1189,1126 1239,1126 1239,1066"/>
                    <TextEquiv>
                        <Unicode>zu¬</Unicode>
                    </TextEquiv>
                </Word>
                <TextEquiv>
                    <Unicode>Lebens vertiefen? und warum uns blos mit dem zu¬</Unicode>
                </TextEquiv>
            </TextLine>
            <TextLine id="r_10_tl_16" custom="readingOrder {index:15;}">
                <Coords points="217,1178 1244,1168 1228,1113 217,1126"/>
                <Baseline points="223,1161 262,1164 307,1161 352,1164 397,1164 441,1164 486,1164 531,1161 576,1161 620,1164 665,1164 710,1161 755,1161 800,1161 844,1161 889,1164 934,1161 979,1161 1024,1161 1068,1158 1113,1158 1158,1155 1203,1155 1247,1158"/>
                <Word id="r_10_tl_16_w1" custom="readingOrder {index:0;}">
                    <Coords points="223,1121 223,1181 387,1181 387,1121"/>
                    <TextEquiv>
                        <Unicode>künftigen</Unicode>
                    </TextEquiv>
                </Word>
                <Word id="r_10_tl_16_w2" custom="readingOrder {index:1;}">
                    <Coords points="416,1121 416,1181 652,1181 652,1121"/>
                    <TextEquiv>
                        <Unicode>beschäftigen,</Unicode>
                    </TextEquiv>
                </Word>
                <Word id="r_10_tl_16_w3" custom="readingOrder {index:2;}">
                    <Coords points="676,1122 676,1182 709,1182 709,1122"/>
                    <TextEquiv>
                        <Unicode>da</Unicode>
                    </TextEquiv>
                </Word>
                <Word id="r_10_tl_16_w4" custom="readingOrder {index:3;}">
                    <Coords points="738,1121 738,1181 834,1181 834,1121"/>
                    <TextEquiv>
                        <Unicode>dieses</Unicode>
                    </TextEquiv>
                </Word>
                <Word id="r_10_tl_16_w5" custom="readingOrder {index:4;}">
                    <Coords points="863,1122 863,1182 964,1182 964,1122"/>
                    <TextEquiv>
                        <Unicode>nichts</Unicode>
                    </TextEquiv>
                </Word>
                <Word id="r_10_tl_16_w6" custom="readingOrder {index:5;}">
                    <Coords points="987,1119 987,1179 1105,1179 1105,1119"/>
                    <TextEquiv>
                        <Unicode>anders</Unicode>
                    </TextEquiv>
                </Word>
                <Word id="r_10_tl_16_w7" custom="readingOrder {index:6;}">
                    <Coords points="1140,1115 1140,1175 1246,1175 1246,1115"/>
                    <TextEquiv>
                        <Unicode>heißt,</Unicode>
                    </TextEquiv>
                </Word>
                <TextEquiv>
                    <Unicode>künftigen beschäftigen, da dieses nichts anders heißt,</Unicode>
                </TextEquiv>
            </TextLine>
            <TextLine id="r_10_tl_17" custom="readingOrder {index:16;}">
                <Coords points="219,1219 1244,1213 1244,1169 1125,1157 219,1180"/>
                <Baseline points="226,1212 262,1212 307,1212 352,1212 397,1212 441,1212 486,1212 531,1212 576,1209 620,1212 665,1212 710,1209 755,1212 800,1212 844,1212 889,1212 934,1212 979,1212 1024,1209 1068,1209 1113,1206 1158,1206 1203,1203 1247,1203"/>
                <Word id="r_10_tl_17_w1" custom="readingOrder {index:0;}">
                    <Coords points="224,1172 224,1232 271,1232 271,1172"/>
                    <TextEquiv>
                        <Unicode>als</Unicode>
                    </TextEquiv>
                </Word>
                <Word id="r_10_tl_17_w2" custom="readingOrder {index:1;}">
                    <Coords points="298,1172 298,1232 462,1232 462,1172"/>
                    <TextEquiv>
                        <Unicode>Entwurf</Unicode>
                    </TextEquiv>
                </Word>
                <Word id="r_10_tl_17_w3" custom="readingOrder {index:2;}">
                    <Coords points="484,1172 484,1232 537,1232 537,1172"/>
                    <TextEquiv>
                        <Unicode>auf</Unicode>
                    </TextEquiv>
                </Word>
                <Word id="r_10_tl_17_w4" custom="readingOrder {index:3;}">
                    <Coords points="553,1172 553,1232 712,1232 712,1172"/>
                    <TextEquiv>
                        <Unicode>Entwurf</Unicode>
                    </TextEquiv>
                </Word>
                <Word id="r_10_tl_17_w5" custom="readingOrder {index:4;}">
                    <Coords points="733,1172 733,1232 860,1232 860,1172"/>
                    <TextEquiv>
                        <Unicode>bauen,</Unicode>
                    </TextEquiv>
                </Word>
                <Word id="r_10_tl_17_w6" custom="readingOrder {index:5;}">
                    <Coords points="887,1172 887,1232 945,1232 945,1172"/>
                    <TextEquiv>
                        <Unicode>und</Unicode>
                    </TextEquiv>
                </Word>
                <Word id="r_10_tl_17_w7" custom="readingOrder {index:6;}">
                    <Coords points="972,1170 972,1230 1046,1230 1046,1170"/>
                    <TextEquiv>
                        <Unicode>einst</Unicode>
                    </TextEquiv>
                </Word>
                <Word id="r_10_tl_17_w8" custom="readingOrder {index:7;}">
                    <Coords points="1067,1167 1067,1227 1115,1227 1115,1167"/>
                    <TextEquiv>
                        <Unicode>die</Unicode>
                    </TextEquiv>
                </Word>
                <Word id="r_10_tl_17_w9" custom="readingOrder {index:8;}">
                    <Coords points="1137,1163 1137,1223 1247,1223 1247,1163"/>
                    <TextEquiv>
                        <Unicode>Grab¬</Unicode>
                    </TextEquiv>
                </Word>
                <TextEquiv>
                    <Unicode>als Entwurf auf Entwurf bauen, und einst die Grab¬</Unicode>
                </TextEquiv>
            </TextLine>
            <TextLine id="r_10_tl_18" custom="readingOrder {index:17;}">
                <Coords points="219,1284 1244,1260 1223,1211 219,1219"/>
                <Baseline points="226,1265 262,1262 307,1259 352,1262 397,1262 441,1262 486,1262 531,1262 576,1262 620,1262 665,1262 710,1259 755,1259 800,1262 844,1262 889,1262 934,1259 979,1262 1024,1259 1068,1259 1113,1256 1158,1253 1203,1253 1247,1253"/>
                <Word id="r_10_tl_18_w1" custom="readingOrder {index:0;}">
                    <Coords points="219,1221 219,1281 332,1281 332,1221"/>
                    <TextEquiv>
                        <Unicode>schrift</Unicode>
                    </TextEquiv>
                </Word>
                <Word id="r_10_tl_18_w2" custom="readingOrder {index:1;}">
                    <Coords points="354,1222 354,1282 548,1282 548,1222"/>
                    <TextEquiv>
                        <Unicode>verdienen,</Unicode>
                    </TextEquiv>
                </Word>
                <Word id="r_10_tl_18_w3" custom="readingOrder {index:2;}">
                    <Coords points="587,1222 587,1282 641,1282 641,1222"/>
                    <TextEquiv>
                        <Unicode>daß</Unicode>
                    </TextEquiv>
                </Word>
                <Word id="r_10_tl_18_w4" custom="readingOrder {index:3;}">
                    <Coords points="669,1219 669,1279 727,1279 727,1219"/>
                    <TextEquiv>
                        <Unicode>wir</Unicode>
                    </TextEquiv>
                </Word>
                <Word id="r_10_tl_18_w5" custom="readingOrder {index:4;}">
                    <Coords points="760,1221 760,1281 819,1281 819,1221"/>
                    <TextEquiv>
                        <Unicode>uns</Unicode>
                    </TextEquiv>
                </Word>
                <Word id="r_10_tl_18_w6" custom="readingOrder {index:5;}">
                    <Coords points="852,1222 852,1282 923,1282 923,1222"/>
                    <TextEquiv>
                        <Unicode>blos</Unicode>
                    </TextEquiv>
                </Word>
                <Word id="r_10_tl_18_w7" custom="readingOrder {index:6;}">
                    <Coords points="950,1219 950,1279 1139,1279 1139,1219"/>
                    <TextEquiv>
                        <Unicode>vorgesetzet</Unicode>
                    </TextEquiv>
                </Word>
                <Word id="r_10_tl_18_w8" custom="readingOrder {index:7;}">
                    <Coords points="1166,1213 1166,1273 1241,1273 1241,1213"/>
                    <TextEquiv>
                        <Unicode>hät¬</Unicode>
                    </TextEquiv>
                </Word>
                <TextEquiv>
                    <Unicode>schrift verdienen, daß wir uns blos vorgesetzet hät¬</Unicode>
                </TextEquiv>
            </TextLine>
            <TextLine id="r_10_tl_19" custom="readingOrder {index:18;}">
                <Coords points="215,1324 1236,1318 1237,1262 217,1285"/>
                <Baseline points="223,1310 256,1313 301,1313 346,1313 391,1310 435,1310 480,1313 525,1313 570,1313 615,1310 659,1310 704,1313 749,1313 794,1313 838,1313 883,1313 928,1313 973,1310 1018,1310 1062,1310 1107,1307 1152,1307 1197,1304 1241,1304"/>
                <Word id="r_10_tl_19_w1" custom="readingOrder {index:0;}">
                    <Coords points="220,1271 220,1331 267,1331 267,1271"/>
                    <TextEquiv>
                        <Unicode>ten</Unicode>
                    </TextEquiv>
                </Word>
                <Word id="r_10_tl_19_w2" custom="readingOrder {index:1;}">
                    <Coords points="300,1273 300,1333 331,1333 331,1273"/>
                    <TextEquiv>
                        <Unicode>zu</Unicode>
                    </TextEquiv>
                </Word>
                <Word id="r_10_tl_19_w3" custom="readingOrder {index:2;}">
                    <Coords points="363,1270 363,1330 474,1330 474,1270"/>
                    <TextEquiv>
                        <Unicode>leben.</Unicode>
                    </TextEquiv>
                </Word>
                <Word id="r_10_tl_19_w4" custom="readingOrder {index:3;}">
                    <Coords points="548,1270 548,1330 653,1330 653,1270"/>
                    <TextEquiv>
                        <Unicode>Unser</Unicode>
                    </TextEquiv>
                </Word>
                <Word id="r_10_tl_19_w5" custom="readingOrder {index:4;}">
                    <Coords points="681,1273 681,1333 775,1333 775,1273"/>
                    <TextEquiv>
                        <Unicode>Leben</Unicode>
                    </TextEquiv>
                </Word>
                <Word id="r_10_tl_19_w6" custom="readingOrder {index:5;}">
                    <Coords points="813,1273 813,1333 876,1333 876,1273"/>
                    <TextEquiv>
                        <Unicode>ist,</Unicode>
                    </TextEquiv>
                </Word>
                <Word id="r_10_tl_19_w7" custom="readingOrder {index:6;}">
                    <Coords points="919,1270 919,1330 1008,1330 1008,1270"/>
                    <TextEquiv>
                        <Unicode>wenn</Unicode>
                    </TextEquiv>
                </Word>
                <Word id="r_10_tl_19_w8" custom="readingOrder {index:7;}">
                    <Coords points="1046,1269 1046,1329 1103,1329 1103,1269"/>
                    <TextEquiv>
                        <Unicode>uns</Unicode>
                    </TextEquiv>
                </Word>
                <Word id="r_10_tl_19_w9" custom="readingOrder {index:8;}">
                    <Coords points="1135,1265 1135,1325 1225,1325 1225,1265"/>
                    <TextEquiv>
                        <Unicode>gleich</Unicode>
                    </TextEquiv>
                </Word>
                <TextEquiv>
                    <Unicode>ten zu leben. Unser Leben ist, wenn uns gleich</Unicode>
                </TextEquiv>
            </TextLine>
            <TextLine id="r_10_tl_20" custom="readingOrder {index:19;}">
                <Coords points="219,1379 1237,1361 1204,1311 219,1338"/>
                <Baseline points="226,1361 256,1364 301,1361 346,1361 391,1358 435,1358 480,1361 525,1361 570,1361 615,1364 659,1361 704,1364 749,1361 794,1361 838,1361 883,1361 928,1358 973,1361 1018,1361 1062,1361 1107,1358 1152,1355 1197,1355 1241,1352"/>
                <Word id="r_10_tl_20_w1" custom="readingOrder {index:0;}">
                    <Coords points="220,1321 220,1381 375,1381 375,1321"/>
                    <TextEquiv>
                        <Unicode>gesundes</Unicode>
                    </TextEquiv>
                </Word>
                <Word id="r_10_tl_20_w2" custom="readingOrder {index:1;}">
                    <Coords points="392,1318 392,1378 481,1378 481,1318"/>
                    <TextEquiv>
                        <Unicode>Blut</Unicode>
                    </TextEquiv>
                </Word>
                <Word id="r_10_tl_20_w3" custom="readingOrder {index:2;}">
                    <Coords points="498,1321 498,1381 554,1381 554,1321"/>
                    <TextEquiv>
                        <Unicode>und</Unicode>
                    </TextEquiv>
                </Word>
                <Word id="r_10_tl_20_w4" custom="readingOrder {index:3;}">
                    <Coords points="582,1324 582,1384 648,1384 648,1324"/>
                    <TextEquiv>
                        <Unicode>eine</Unicode>
                    </TextEquiv>
                </Word>
                <Word id="r_10_tl_20_w5" custom="readingOrder {index:4;}">
                    <Coords points="666,1321 666,1381 888,1381 888,1321"/>
                    <TextEquiv>
                        <Unicode>ungekränkte</Unicode>
                    </TextEquiv>
                </Word>
                <Word id="r_10_tl_20_w6" custom="readingOrder {index:5;}">
                    <Coords points="906,1321 906,1381 1162,1381 1162,1321"/>
                    <TextEquiv>
                        <Unicode>Gemüthsruhe</Unicode>
                    </TextEquiv>
                </Word>
                <Word id="r_10_tl_20_w7" custom="readingOrder {index:6;}">
                    <Coords points="1185,1314 1185,1374 1234,1374 1234,1314"/>
                    <TextEquiv>
                        <Unicode>bis</Unicode>
                    </TextEquiv>
                </Word>
                <TextEquiv>
                    <Unicode>gesundes Blut und eine ungekränkte Gemüthsruhe bis</Unicode>
                </TextEquiv>
            </TextLine>
            <TextLine id="r_10_tl_21" custom="readingOrder {index:20;}">
                <Coords points="213,1427 1242,1418 1228,1362 213,1396"/>
                <Baseline points="220,1412 259,1415 304,1412 349,1412 394,1412 438,1412 483,1412 528,1412 573,1415 618,1412 662,1415 707,1415 752,1415 797,1415 841,1415 886,1415 931,1415 976,1415 1021,1412 1065,1412 1110,1409 1155,1409 1200,1406 1244,1409"/>
                <Word id="r_10_tl_21_w1" custom="readingOrder {index:0;}">
                    <Coords points="220,1374 220,1434 277,1434 277,1374"/>
                    <TextEquiv>
                        <Unicode>auf</Unicode>
                    </TextEquiv>
                </Word>
                <Word id="r_10_tl_21_w2" custom="readingOrder {index:1;}">
                    <Coords points="296,1372 296,1432 341,1432 341,1372"/>
                    <TextEquiv>
                        <Unicode>die</Unicode>
                    </TextEquiv>
                </Word>
                <Word id="r_10_tl_21_w3" custom="readingOrder {index:2;}">
                    <Coords points="365,1372 365,1432 487,1432 487,1372"/>
                    <TextEquiv>
                        <Unicode>höchste</Unicode>
                    </TextEquiv>
                </Word>
                <Word id="r_10_tl_21_w4" custom="readingOrder {index:3;}">
                    <Coords points="505,1373 505,1433 610,1433 610,1373"/>
                    <TextEquiv>
                        <Unicode>Stufe</Unicode>
                    </TextEquiv>
                </Word>
                <Word id="r_10_tl_21_w5" custom="readingOrder {index:4;}">
                    <Coords points="634,1375 634,1435 784,1435 784,1375"/>
                    <TextEquiv>
                        <Unicode>desselben</Unicode>
                    </TextEquiv>
                </Word>
                <Word id="r_10_tl_21_w6" custom="readingOrder {index:5;}">
                    <Coords points="808,1375 808,1435 1012,1435 1012,1375"/>
                    <TextEquiv>
                        <Unicode>nachhelfen,</Unicode>
                    </TextEquiv>
                </Word>
                <Word id="r_10_tl_21_w7" custom="readingOrder {index:6;}">
                    <Coords points="1024,1372 1024,1432 1093,1432 1093,1372"/>
                    <TextEquiv>
                        <Unicode>noch</Unicode>
                    </TextEquiv>
                </Word>
                <Word id="r_10_tl_21_w8" custom="readingOrder {index:7;}">
                    <Coords points="1117,1367 1117,1427 1233,1427 1233,1367"/>
                    <TextEquiv>
                        <Unicode>immer</Unicode>
                    </TextEquiv>
                </Word>
                <TextEquiv>
                    <Unicode>auf die höchste Stufe desselben nachhelfen, noch immer</Unicode>
                </TextEquiv>
            </TextLine>
            <TextLine id="r_10_tl_22" custom="readingOrder {index:21;}">
                <Coords points="219,1481 1233,1473 1217,1414 219,1425"/>
                <Baseline points="226,1462 250,1462 295,1465 340,1462 385,1462 429,1462 474,1462 519,1462 564,1465 609,1462 653,1465 698,1462 743,1465 788,1465 832,1465 877,1465 922,1465 967,1462 1012,1465 1056,1462 1101,1462 1146,1459 1191,1459 1236,1459"/>
                <Word id="r_10_tl_22_w1" custom="readingOrder {index:0;}">
                    <Coords points="220,1422 220,1482 243,1482 243,1422"/>
                    <TextEquiv>
                        <Unicode>so</Unicode>
                    </TextEquiv>
                </Word>
                <Word id="r_10_tl_22_w2" custom="readingOrder {index:1;}">
                    <Coords points="268,1422 268,1482 510,1482 510,1422"/>
                    <TextEquiv>
                        <Unicode>eingeschränkt</Unicode>
                    </TextEquiv>
                </Word>
                <Word id="r_10_tl_22_w3" custom="readingOrder {index:2;}">
                    <Coords points="535,1424 535,1484 588,1484 588,1424"/>
                    <TextEquiv>
                        <Unicode>daß</Unicode>
                    </TextEquiv>
                </Word>
                <Word id="r_10_tl_22_w4" custom="readingOrder {index:3;}">
                    <Coords points="612,1424 612,1484 701,1484 701,1424"/>
                    <TextEquiv>
                        <Unicode>wohl</Unicode>
                    </TextEquiv>
                </Word>
                <Word id="r_10_tl_22_w5" custom="readingOrder {index:4;}">
                    <Coords points="725,1425 725,1485 807,1485 807,1425"/>
                    <TextEquiv>
                        <Unicode>keine</Unicode>
                    </TextEquiv>
                </Word>
                <Word id="r_10_tl_22_w6" custom="readingOrder {index:5;}">
                    <Coords points="826,1424 826,1484 1033,1484 1033,1424"/>
                    <TextEquiv>
                        <Unicode>Bemühung</Unicode>
                    </TextEquiv>
                </Word>
                <Word id="r_10_tl_22_w7" custom="readingOrder {index:6;}">
                    <Coords points="1058,1422 1058,1482 1081,1482 1081,1422"/>
                    <TextEquiv>
                        <Unicode>so</Unicode>
                    </TextEquiv>
                </Word>
                <Word id="r_10_tl_22_w8" custom="readingOrder {index:7;}">
                    <Coords points="1099,1419 1099,1479 1229,1479 1229,1419"/>
                    <TextEquiv>
                        <Unicode>nützlich</Unicode>
                    </TextEquiv>
                </Word>
                <TextEquiv>
                    <Unicode>so eingeschränkt daß wohl keine Bemühung so nützlich</Unicode>
                </TextEquiv>
            </TextLine>
            <TextLine id="r_10_tl_23" custom="readingOrder {index:22;}">
                <Coords points="228,1526 1235,1521 1224,1476 228,1474"/>
                <Baseline points="235,1510 280,1513 325,1513 370,1513 414,1516 459,1516 504,1516 549,1516 594,1516 638,1516 683,1516 728,1519 773,1516 818,1516 862,1516 907,1516 952,1513 997,1513 1041,1513 1086,1513 1131,1513 1176,1510 1221,1513 1238,1510"/>
                <Word id="r_10_tl_23_w1" custom="readingOrder {index:0;}">
                    <Coords points="223,1470 223,1530 273,1530 273,1470"/>
                    <TextEquiv>
                        <Unicode>für</Unicode>
                    </TextEquiv>
                </Word>
                <Word id="r_10_tl_23_w2" custom="readingOrder {index:1;}">
                    <Coords points="291,1473 291,1533 477,1533 477,1473"/>
                    <TextEquiv>
                        <Unicode>Sterbliche</Unicode>
                    </TextEquiv>
                </Word>
                <Word id="r_10_tl_23_w3" custom="readingOrder {index:2;}">
                    <Coords points="501,1476 501,1536 557,1536 557,1476"/>
                    <TextEquiv>
                        <Unicode>ist,</Unicode>
                    </TextEquiv>
                </Word>
                <Word id="r_10_tl_23_w4" custom="readingOrder {index:3;}">
                    <Coords points="569,1476 569,1536 608,1536 608,1476"/>
                    <TextEquiv>
                        <Unicode>als</Unicode>
                    </TextEquiv>
                </Word>
                <Word id="r_10_tl_23_w5" custom="readingOrder {index:4;}">
                    <Coords points="631,1476 631,1536 693,1536 693,1476"/>
                    <TextEquiv>
                        <Unicode>die,</Unicode>
                    </TextEquiv>
                </Word>
                <Word id="r_10_tl_23_w6" custom="readingOrder {index:5;}">
                    <Coords points="705,1476 705,1536 915,1536 915,1476"/>
                    <TextEquiv>
                        <Unicode>rechtschaffen</Unicode>
                    </TextEquiv>
                </Word>
                <Word id="r_10_tl_23_w7" custom="readingOrder {index:6;}">
                    <Coords points="944,1473 944,1533 1028,1533 1028,1473"/>
                    <TextEquiv>
                        <Unicode>leben</Unicode>
                    </TextEquiv>
                </Word>
                <Word id="r_10_tl_23_w8" custom="readingOrder {index:7;}">
                    <Coords points="1057,1473 1057,1533 1085,1533 1085,1473"/>
                    <TextEquiv>
                        <Unicode>zu</Unicode>
                    </TextEquiv>
                </Word>
                <Word id="r_10_tl_23_w9" custom="readingOrder {index:8;}">
                    <Coords points="1108,1470 1108,1530 1237,1530 1237,1470"/>
                    <TextEquiv>
                        <Unicode>lernen.</Unicode>
                    </TextEquiv>
                </Word>
                <TextEquiv>
                    <Unicode>für Sterbliche ist, als die, rechtschaffen leben zu lernen.</Unicode>
                </TextEquiv>
            </TextLine>
            <TextLine id="r_10_tl_24" custom="readingOrder {index:23;}">
                <Coords points="213,1567 947,1588 1237,1570 1238,1526 214,1521"/>
                <Baseline points="220,1558 265,1564 310,1564 355,1564 400,1567 444,1567 489,1564 534,1564 579,1564 623,1564 668,1564 713,1564 758,1564 803,1564 847,1564 892,1561 937,1564 982,1561 1027,1561 1071,1561 1116,1561 1161,1558 1206,1558 1241,1558"/>
                <Word id="r_10_tl_24_w1" custom="readingOrder {index:0;}">
                    <Coords points="219,1521 219,1581 280,1581 280,1521"/>
                    <TextEquiv>
                        <Unicode>Ein</Unicode>
                    </TextEquiv>
                </Word>
                <Word id="r_10_tl_24_w2" custom="readingOrder {index:1;}">
                    <Coords points="308,1527 308,1587 563,1587 563,1527"/>
                    <TextEquiv>
                        <Unicode>achzigjähriger</Unicode>
                    </TextEquiv>
                </Word>
                <Word id="r_10_tl_24_w3" custom="readingOrder {index:2;}">
                    <Coords points="591,1524 591,1584 724,1584 724,1524"/>
                    <TextEquiv>
                        <Unicode>Greis,</Unicode>
                    </TextEquiv>
                </Word>
                <Word id="r_10_tl_24_w4" custom="readingOrder {index:3;}">
                    <Coords points="758,1524 758,1584 830,1584 830,1524"/>
                    <TextEquiv>
                        <Unicode>kann</Unicode>
                    </TextEquiv>
                </Word>
                <Word id="r_10_tl_24_w5" custom="readingOrder {index:4;}">
                    <Coords points="864,1521 864,1581 891,1581 891,1521"/>
                    <TextEquiv>
                        <Unicode>er</Unicode>
                    </TextEquiv>
                </Word>
                <Word id="r_10_tl_24_w6" custom="readingOrder {index:5;}">
                    <Coords points="914,1523 914,1583 963,1583 963,1523"/>
                    <TextEquiv>
                        <Unicode>sich</Unicode>
                    </TextEquiv>
                </Word>
                <Word id="r_10_tl_24_w7" custom="readingOrder {index:6;}">
                    <Coords points="991,1521 991,1581 1102,1581 1102,1521"/>
                    <TextEquiv>
                        <Unicode>wohl,</Unicode>
                    </TextEquiv>
                </Word>
                <Word id="r_10_tl_24_w8" custom="readingOrder {index:7;}">
                    <Coords points="1136,1518 1136,1578 1224,1578 1224,1518"/>
                    <TextEquiv>
                        <Unicode>wenn</Unicode>
                    </TextEquiv>
                </Word>
                <TextEquiv>
                    <Unicode>Ein achzigjähriger Greis, kann er sich wohl, wenn</Unicode>
                </TextEquiv>
            </TextLine>
            <TextLine id="r_10_tl_25" custom="readingOrder {index:24;}">
                <Coords points="217,1620 1241,1615 1222,1565 217,1580"/>
                <Baseline points="223,1612 259,1612 304,1609 349,1612 394,1615 438,1615 483,1615 528,1612 573,1615 618,1612 662,1612 707,1609 752,1612 797,1612 841,1612 886,1609 931,1609 976,1609 1021,1606 1065,1606 1110,1606 1155,1606 1200,1603 1244,1600"/>
                <Word id="r_10_tl_25_w1" custom="readingOrder {index:0;}">
                    <Coords points="212,1572 212,1632 243,1632 243,1572"/>
                    <TextEquiv>
                        <Unicode>er</Unicode>
                    </TextEquiv>
                </Word>
                <Word id="r_10_tl_25_w2" custom="readingOrder {index:1;}">
                    <Coords points="265,1571 265,1631 414,1631 414,1571"/>
                    <TextEquiv>
                        <Unicode>Schlaf,</Unicode>
                    </TextEquiv>
                </Word>
                <Word id="r_10_tl_25_w3" custom="readingOrder {index:2;}">
                    <Coords points="441,1572 441,1632 611,1632 611,1572"/>
                    <TextEquiv>
                        <Unicode>Jugend,</Unicode>
                    </TextEquiv>
                </Word>
                <Word id="r_10_tl_25_w4" custom="readingOrder {index:3;}">
                    <Coords points="638,1572 638,1632 685,1632 685,1572"/>
                    <TextEquiv>
                        <Unicode>die</Unicode>
                    </TextEquiv>
                </Word>
                <Word id="r_10_tl_25_w5" custom="readingOrder {index:4;}">
                    <Coords points="713,1571 713,1631 776,1631 776,1571"/>
                    <TextEquiv>
                        <Unicode>fast</Unicode>
                    </TextEquiv>
                </Word>
                <Word id="r_10_tl_25_w6" custom="readingOrder {index:5;}">
                    <Coords points="803,1571 803,1631 904,1631 904,1571"/>
                    <TextEquiv>
                        <Unicode>nichts</Unicode>
                    </TextEquiv>
                </Word>
                <Word id="r_10_tl_25_w7" custom="readingOrder {index:6;}">
                    <Coords points="942,1569 942,1629 989,1629 989,1569"/>
                    <TextEquiv>
                        <Unicode>als</Unicode>
                    </TextEquiv>
                </Word>
                <Word id="r_10_tl_25_w8" custom="readingOrder {index:7;}">
                    <Coords points="1027,1566 1027,1626 1069,1626 1069,1566"/>
                    <TextEquiv>
                        <Unicode>ein</Unicode>
                    </TextEquiv>
                </Word>
                <Word id="r_10_tl_25_w9" custom="readingOrder {index:8;}">
                    <Coords points="1101,1565 1101,1625 1239,1625 1239,1565"/>
                    <TextEquiv>
                        <Unicode>immer¬</Unicode>
                    </TextEquiv>
                </Word>
                <TextEquiv>
                    <Unicode>er Schlaf, Jugend, die fast nichts als ein immer¬</Unicode>
                </TextEquiv>
            </TextLine>
            <TextLine id="r_10_tl_26" custom="readingOrder {index:25;}">
                <Coords points="217,1668 1246,1662 1246,1611 217,1632"/>
                <Baseline points="223,1656 265,1659 310,1659 355,1659 400,1659 444,1659 489,1656 534,1659 579,1656 623,1659 668,1656 713,1659 758,1656 803,1656 847,1656 892,1653 937,1656 982,1653 1027,1653 1071,1653 1116,1653 1161,1650 1206,1648 1250,1648"/>
                <Word id="r_10_tl_26_w1" custom="readingOrder {index:0;}">
                    <Coords points="217,1619 217,1679 407,1679 407,1619"/>
                    <TextEquiv>
                        <Unicode>währender</Unicode>
                    </TextEquiv>
                </Word>
                <Word id="r_10_tl_26_w2" custom="readingOrder {index:1;}">
                    <Coords points="434,1616 434,1676 565,1676 565,1616"/>
                    <TextEquiv>
                        <Unicode>Schlaf</Unicode>
                    </TextEquiv>
                </Word>
                <Word id="r_10_tl_26_w3" custom="readingOrder {index:2;}">
                    <Coords points="587,1618 587,1678 651,1678 651,1618"/>
                    <TextEquiv>
                        <Unicode>ist,</Unicode>
                    </TextEquiv>
                </Word>
                <Word id="r_10_tl_26_w4" custom="readingOrder {index:3;}">
                    <Coords points="690,1618 690,1678 754,1678 754,1618"/>
                    <TextEquiv>
                        <Unicode>und</Unicode>
                    </TextEquiv>
                </Word>
                <Word id="r_10_tl_26_w5" custom="readingOrder {index:4;}">
                    <Coords points="788,1616 788,1676 890,1676 890,1616"/>
                    <TextEquiv>
                        <Unicode>andre</Unicode>
                    </TextEquiv>
                </Word>
                <Word id="r_10_tl_26_w6" custom="readingOrder {index:5;}">
                    <Coords points="913,1613 913,1673 1032,1673 1032,1613"/>
                    <TextEquiv>
                        <Unicode>leblose</Unicode>
                    </TextEquiv>
                </Word>
                <Word id="r_10_tl_26_w7" custom="readingOrder {index:6;}">
                    <Coords points="1060,1611 1060,1671 1232,1671 1232,1611"/>
                    <TextEquiv>
                        <Unicode>Geschäfte</Unicode>
                    </TextEquiv>
                </Word>
                <TextEquiv>
                    <Unicode>währender Schlaf ist, und andre leblose Geschäfte</Unicode>
                </TextEquiv>
            </TextLine>
            <TextLine id="r_10_tl_27" custom="readingOrder {index:26;}">
                <Coords points="213,1718 1237,1710 1237,1662 1180,1657 213,1679"/>
                <Baseline points="220,1707 256,1707 301,1707 346,1707 391,1707 435,1707 480,1707 525,1707 570,1707 615,1704 659,1707 704,1704 749,1707 794,1704 838,1704 883,1704 928,1704 973,1704 1018,1701 1062,1701 1107,1701 1152,1701 1197,1698 1241,1698"/>
                <Word id="r_10_tl_27_w1" custom="readingOrder {index:0;}">
                    <Coords points="218,1667 218,1727 349,1727 349,1667"/>
                    <TextEquiv>
                        <Unicode>abzieht</Unicode>
                    </TextEquiv>
                </Word>
                <Word id="r_10_tl_27_w2" custom="readingOrder {index:1;}">
                    <Coords points="371,1667 371,1727 428,1727 428,1667"/>
                    <TextEquiv>
                        <Unicode>auf</Unicode>
                    </TextEquiv>
                </Word>
                <Word id="r_10_tl_27_w3" custom="readingOrder {index:2;}">
                    <Coords points="450,1667 450,1727 539,1727 539,1667"/>
                    <TextEquiv>
                        <Unicode>mehr</Unicode>
                    </TextEquiv>
                </Word>
                <Word id="r_10_tl_27_w4" custom="readingOrder {index:3;}">
                    <Coords points="566,1665 566,1725 608,1725 608,1665"/>
                    <TextEquiv>
                        <Unicode>als</Unicode>
                    </TextEquiv>
                </Word>
                <Word id="r_10_tl_27_w5" custom="readingOrder {index:4;}">
                    <Coords points="640,1666 640,1726 671,1726 671,1666"/>
                    <TextEquiv>
                        <Unicode>20</Unicode>
                    </TextEquiv>
                </Word>
                <Word id="r_10_tl_27_w6" custom="readingOrder {index:5;}">
                    <Coords points="698,1666 698,1726 808,1726 808,1666"/>
                    <TextEquiv>
                        <Unicode>Jahre</Unicode>
                    </TextEquiv>
                </Word>
                <Word id="r_10_tl_27_w7" custom="readingOrder {index:6;}">
                    <Coords points="830,1664 830,1724 998,1724 998,1664"/>
                    <TextEquiv>
                        <Unicode>berechnen</Unicode>
                    </TextEquiv>
                </Word>
                <Word id="r_10_tl_27_w8" custom="readingOrder {index:7;}">
                    <Coords points="1025,1661 1025,1721 1050,1721 1050,1661"/>
                    <TextEquiv>
                        <Unicode>in</Unicode>
                    </TextEquiv>
                </Word>
                <Word id="r_10_tl_27_w9" custom="readingOrder {index:8;}">
                    <Coords points="1077,1661 1077,1721 1124,1721 1124,1661"/>
                    <TextEquiv>
                        <Unicode>der</Unicode>
                    </TextEquiv>
                </Word>
                <Word id="r_10_tl_27_w10" custom="readingOrder {index:9;}">
                    <Coords points="1146,1658 1146,1718 1235,1718 1235,1658"/>
                    <TextEquiv>
                        <Unicode>Welt</Unicode>
                    </TextEquiv>
                </Word>
                <TextEquiv>
                    <Unicode>abzieht auf mehr als 20 Jahre berechnen in der Welt</Unicode>
                </TextEquiv>
            </TextLine>
            <TextLine id="r_10_tl_28" custom="readingOrder {index:27;}">
                <Coords points="213,1777 1246,1758 1222,1708 214,1719"/>
                <Baseline points="220,1764 265,1758 310,1755 355,1755 400,1755 444,1755 489,1755 534,1752 579,1752 623,1752 668,1752 713,1752 758,1749 803,1749 847,1749 892,1752 937,1752 982,1752 1027,1752 1071,1749 1116,1749 1161,1749 1206,1746 1250,1743"/>
                <Word id="r_10_tl_28_w1" custom="readingOrder {index:0;}">
                    <Coords points="218,1717 218,1777 323,1777 323,1717"/>
                    <TextEquiv>
                        <Unicode>gelebt</Unicode>
                    </TextEquiv>
                </Word>
                <Word id="r_10_tl_28_w2" custom="readingOrder {index:1;}">
                    <Coords points="345,1715 345,1775 376,1775 376,1715"/>
                    <TextEquiv>
                        <Unicode>zu</Unicode>
                    </TextEquiv>
                </Word>
                <Word id="r_10_tl_28_w3" custom="readingOrder {index:2;}">
                    <Coords points="409,1715 409,1775 540,1775 540,1715"/>
                    <TextEquiv>
                        <Unicode>haben?</Unicode>
                    </TextEquiv>
                </Word>
                <Word id="r_10_tl_28_w4" custom="readingOrder {index:3;}">
                    <Coords points="578,1712 578,1772 683,1772 683,1712"/>
                    <TextEquiv>
                        <Unicode>Allein</Unicode>
                    </TextEquiv>
                </Word>
                <Word id="r_10_tl_28_w5" custom="readingOrder {index:4;}">
                    <Coords points="710,1710 710,1770 768,1770 768,1710"/>
                    <TextEquiv>
                        <Unicode>wie</Unicode>
                    </TextEquiv>
                </Word>
                <Word id="r_10_tl_28_w6" custom="readingOrder {index:5;}">
                    <Coords points="789,1709 789,1769 889,1769 889,1709"/>
                    <TextEquiv>
                        <Unicode>wenig</Unicode>
                    </TextEquiv>
                </Word>
                <Word id="r_10_tl_28_w7" custom="readingOrder {index:6;}">
                    <Coords points="916,1712 916,1772 1006,1772 1006,1712"/>
                    <TextEquiv>
                        <Unicode>unter</Unicode>
                    </TextEquiv>
                </Word>
                <Word id="r_10_tl_28_w8" custom="readingOrder {index:7;}">
                    <Coords points="1033,1709 1033,1769 1085,1769 1085,1709"/>
                    <TextEquiv>
                        <Unicode>den</Unicode>
                    </TextEquiv>
                </Word>
                <Word id="r_10_tl_28_w9" custom="readingOrder {index:8;}">
                    <Coords points="1118,1707 1118,1767 1244,1767 1244,1707"/>
                    <TextEquiv>
                        <Unicode>Sterb¬</Unicode>
                    </TextEquiv>
                </Word>
                <TextEquiv>
                    <Unicode>gelebt zu haben? Allein wie wenig unter den Sterb¬</Unicode>
                </TextEquiv>
            </TextLine>
            <TextLine id="r_10_tl_29" custom="readingOrder {index:28;}">
                <Coords points="219,1800 994,1813 994,1763 924,1759 219,1776"/>
                <Baseline points="226,1794 271,1797 316,1797 361,1794 406,1794 450,1794 495,1797 540,1794 585,1794 629,1794 674,1794 719,1794 764,1794 809,1794 853,1797 898,1800 943,1800 988,1800 997,1800"/>
                <Word id="r_10_tl_29_w1" custom="readingOrder {index:0;}">
                    <Coords points="218,1756 218,1816 315,1816 315,1756"/>
                    <TextEquiv>
                        <Unicode>lichen</Unicode>
                    </TextEquiv>
                </Word>
                <Word id="r_10_tl_29_w2" custom="readingOrder {index:1;}">
                    <Coords points="353,1754 353,1814 418,1814 418,1754"/>
                    <TextEquiv>
                        <Unicode>sind</Unicode>
                    </TextEquiv>
                </Word>
                <Word id="r_10_tl_29_w3" custom="readingOrder {index:2;}">
                    <Coords points="452,1756 452,1816 512,1816 512,1756"/>
                    <TextEquiv>
                        <Unicode>auf</Unicode>
                    </TextEquiv>
                </Word>
                <Word id="r_10_tl_29_w4" custom="readingOrder {index:3;}">
                    <Coords points="540,1754 540,1814 577,1814 577,1754"/>
                    <TextEquiv>
                        <Unicode>80</Unicode>
                    </TextEquiv>
                </Word>
                <Word id="r_10_tl_29_w5" custom="readingOrder {index:4;}">
                    <Coords points="620,1754 620,1814 731,1814 731,1754"/>
                    <TextEquiv>
                        <Unicode>Jahre</Unicode>
                    </TextEquiv>
                </Word>
                <Word id="r_10_tl_29_w6" custom="readingOrder {index:5;}">
                    <Coords points="765,1758 765,1818 993,1818 993,1758"/>
                    <TextEquiv>
                        <Unicode>privilegiret.</Unicode>
                    </TextEquiv>
                </Word>
                <TextEquiv>
                    <Unicode>lichen sind auf 80 Jahre privilegiret.</Unicode>
                </TextEquiv>
            </TextLine>
            <TextLine id="r_10_tl_30" custom="readingOrder {index:29;}">
                <Coords points="1043,1798 1113,1807 1147,1795 1174,1808 1235,1804 1235,1754 1204,1762 1193,1754 1169,1755 1141,1767 1092,1755 1043,1763"/>
                <Baseline points="1050,1797 1056,1797 1101,1794 1146,1794 1191,1794 1236,1794"/>
                <Word id="r_10_tl_30_w1" custom="readingOrder {index:0;}">
                    <Coords points="1049,1754 1049,1814 1124,1814 1124,1754"/>
                    <TextEquiv>
                        <Unicode>Wir</Unicode>
                    </TextEquiv>
                </Word>
                <Word id="r_10_tl_30_w2" custom="readingOrder {index:1;}">
                    <Coords points="1163,1754 1163,1814 1228,1814 1228,1754"/>
                    <TextEquiv>
                        <Unicode>sind</Unicode>
                    </TextEquiv>
                </Word>
                <TextEquiv>
                    <Unicode>Wir sind</Unicode>
                </TextEquiv>
            </TextLine>
            <TextLine id="r_10_tl_31" custom="readingOrder {index:30;}">
                <Coords points="219,1845 1237,1855 1214,1800 219,1800"/>
                <Baseline points="226,1839 271,1842 316,1842 361,1842 406,1842 450,1839 495,1839 540,1842 585,1842 629,1839 674,1839 719,1839 764,1839 809,1842 853,1842 898,1842 943,1842 988,1842 1032,1842 1077,1842 1122,1839 1167,1839 1212,1836 1241,1839"/>
                <Word id="r_10_tl_31_w1" custom="readingOrder {index:0;}">
                    <Coords points="219,1802 219,1862 365,1862 365,1802"/>
                    <TextEquiv>
                        <Unicode>Blumen</Unicode>
                    </TextEquiv>
                </Word>
                <Word id="r_10_tl_31_w2" custom="readingOrder {index:1;}">
                    <Coords points="393,1800 393,1860 452,1860 452,1800"/>
                    <TextEquiv>
                        <Unicode>auf</Unicode>
                    </TextEquiv>
                </Word>
                <Word id="r_10_tl_31_w3" custom="readingOrder {index:2;}">
                    <Coords points="475,1799 475,1859 523,1859 523,1799"/>
                    <TextEquiv>
                        <Unicode>dem</Unicode>
                    </TextEquiv>
                </Word>
                <Word id="r_10_tl_31_w4" custom="readingOrder {index:3;}">
                    <Coords points="567,1799 567,1859 686,1859 686,1799"/>
                    <TextEquiv>
                        <Unicode>Felde,</Unicode>
                    </TextEquiv>
                </Word>
                <Word id="r_10_tl_31_w5" custom="readingOrder {index:4;}">
                    <Coords points="714,1799 714,1859 762,1859 762,1799"/>
                    <TextEquiv>
                        <Unicode>die</Unicode>
                    </TextEquiv>
                </Word>
                <Word id="r_10_tl_31_w6" custom="readingOrder {index:5;}">
                    <Coords points="779,1802 779,1862 865,1862 865,1802"/>
                    <TextEquiv>
                        <Unicode>selten</Unicode>
                    </TextEquiv>
                </Word>
                <Word id="r_10_tl_31_w7" custom="readingOrder {index:6;}">
                    <Coords points="904,1802 904,1862 957,1862 957,1802"/>
                    <TextEquiv>
                        <Unicode>das</Unicode>
                    </TextEquiv>
                </Word>
                <Word id="r_10_tl_31_w8" custom="readingOrder {index:7;}">
                    <Coords points="985,1802 985,1862 1088,1862 1088,1802"/>
                    <TextEquiv>
                        <Unicode>Giück</Unicode>
                    </TextEquiv>
                </Word>
                <Word id="r_10_tl_31_w9" custom="readingOrder {index:8;}">
                    <Coords points="1115,1798 1115,1858 1240,1858 1240,1798"/>
                    <TextEquiv>
                        <Unicode>haben,</Unicode>
                    </TextEquiv>
                </Word>
                <TextEquiv>
                    <Unicode>Blumen auf dem Felde, die selten das Giück haben,</Unicode>
                </TextEquiv>
            </TextLine>
            <TextLine id="r_10_tl_32" custom="readingOrder {index:31;}">
                <Coords points="222,1898 1245,1900 1210,1848 222,1861"/>
                <Baseline points="229,1892 262,1892 307,1889 352,1892 397,1892 441,1889 486,1889 531,1889 576,1889 620,1889 665,1889 710,1892 755,1892 800,1892 844,1892 889,1889 934,1892 979,1892 1024,1889 1068,1889 1113,1889 1158,1886 1203,1886 1247,1886"/>
                <Word id="r_10_tl_32_w1" custom="readingOrder {index:0;}">
                    <Coords points="222,1849 222,1909 398,1909 398,1849"/>
                    <TextEquiv>
                        <Unicode>verbluͤhen</Unicode>
                    </TextEquiv>
                </Word>
                <Word id="r_10_tl_32_w2" custom="readingOrder {index:1;}">
                    <Coords points="425,1849 425,1909 456,1909 456,1849"/>
                    <TextEquiv>
                        <Unicode>zu</Unicode>
                    </TextEquiv>
                </Word>
                <Word id="r_10_tl_32_w3" custom="readingOrder {index:2;}">
                    <Coords points="484,1849 484,1909 638,1909 638,1849"/>
                    <TextEquiv>
                        <Unicode>koͤnnen,</Unicode>
                    </TextEquiv>
                </Word>
                <Word id="r_10_tl_32_w4" custom="readingOrder {index:3;}">
                    <Coords points="661,1852 661,1912 793,1912 793,1852"/>
                    <TextEquiv>
                        <Unicode>sondern</Unicode>
                    </TextEquiv>
                </Word>
                <Word id="r_10_tl_32_w5" custom="readingOrder {index:4;}">
                    <Coords points="827,1850 827,1910 900,1910 900,1850"/>
                    <TextEquiv>
                        <Unicode>üͤber</Unicode>
                    </TextEquiv>
                </Word>
                <Word id="r_10_tl_32_w6" custom="readingOrder {index:5;}">
                    <Coords points="922,1852 922,1912 970,1912 970,1852"/>
                    <TextEquiv>
                        <Unicode>die</Unicode>
                    </TextEquiv>
                </Word>
                <Word id="r_10_tl_32_w7" custom="readingOrder {index:6;}">
                    <Coords points="992,1849 992,1909 1040,1909 1040,1849"/>
                    <TextEquiv>
                        <Unicode>oft</Unicode>
                    </TextEquiv>
                </Word>
                <Word id="r_10_tl_32_w8" custom="readingOrder {index:7;}">
                    <Coords points="1056,1849 1056,1909 1168,1909 1168,1849"/>
                    <TextEquiv>
                        <Unicode>mitten</Unicode>
                    </TextEquiv>
                </Word>
                <Word id="r_10_tl_32_w9" custom="readingOrder {index:8;}">
                    <Coords points="1195,1846 1195,1906 1221,1906 1221,1846"/>
                    <TextEquiv>
                        <Unicode>im</Unicode>
                    </TextEquiv>
                </Word>
                <TextEquiv>
                    <Unicode>verbluͤhen zu koͤnnen, sondern üͤber die oft mitten im</Unicode>
                </TextEquiv>
            </TextLine>
            <TextLine id="r_10_tl_33" custom="readingOrder {index:32;}">
                <Coords points="244,1959 1235,1961 1227,1893 244,1902"/>
                <Baseline points="251,1937 298,1940 343,1940 388,1940 432,1940 477,1940 522,1940 567,1940 612,1940 656,1940 701,1940 746,1937 791,1940 835,1940 880,1943 925,1943 970,1943 1015,1943 1059,1940 1104,1943 1149,1940 1194,1940 1238,1940"/>
                <Word id="r_10_tl_33_w1" custom="readingOrder {index:0;}">
                    <Coords points="239,1900 239,1960 389,1960 389,1900"/>
                    <TextEquiv>
                        <Unicode>Frühling</Unicode>
                    </TextEquiv>
                </Word>
                <Word id="r_10_tl_33_w2" custom="readingOrder {index:1;}">
                    <Coords points="418,1900 418,1960 464,1960 464,1900"/>
                    <TextEquiv>
                        <Unicode>ein</Unicode>
                    </TextEquiv>
                </Word>
                <Word id="r_10_tl_33_w3" custom="readingOrder {index:2;}">
                    <Coords points="505,1900 505,1960 672,1960 672,1900"/>
                    <TextEquiv>
                        <Unicode>tödtender</Unicode>
                    </TextEquiv>
                </Word>
                <Word id="r_10_tl_33_w4" custom="readingOrder {index:3;}">
                    <Coords points="701,1897 701,1957 799,1957 799,1897"/>
                    <TextEquiv>
                        <Unicode>Wind</Unicode>
                    </TextEquiv>
                </Word>
                <Word id="r_10_tl_33_w5" custom="readingOrder {index:4;}">
                    <Coords points="834,1903 834,1963 932,1963 932,1903"/>
                    <TextEquiv>
                        <Unicode>daher</Unicode>
                    </TextEquiv>
                </Word>
                <Word id="r_10_tl_33_w6" custom="readingOrder {index:5;}">
                    <Coords points="967,1902 967,1962 1082,1962 1082,1902"/>
                    <TextEquiv>
                        <Unicode>fährt,</Unicode>
                    </TextEquiv>
                </Word>
                <Word id="r_10_tl_33_w7" custom="readingOrder {index:6;}">
                    <Coords points="1106,1902 1106,1962 1128,1962 1128,1902"/>
                    <TextEquiv>
                        <Unicode>so</Unicode>
                    </TextEquiv>
                </Word>
                <Word id="r_10_tl_33_w8" custom="readingOrder {index:7;}">
                    <Coords points="1169,1900 1169,1960 1226,1960 1226,1900"/>
                    <TextEquiv>
                        <Unicode>daß</Unicode>
                    </TextEquiv>
                </Word>
                <TextEquiv>
                    <Unicode>Frühling ein tödtender Wind daher fährt, so daß</Unicode>
                </TextEquiv>
            </TextLine>
            <TextLine id="r_10_tl_34" custom="readingOrder {index:33;}">
                <Coords points="222,2004 941,2009 939,1974 813,1947 222,1960"/>
                <Baseline points="229,1991 271,1991 316,1991 361,1988 406,1988 450,1991 495,1991 540,1991 585,1991 629,1991 674,1991 719,1991 764,1991 809,1991 853,1991 898,1994 943,1988"/>
                <Word id="r_10_tl_34_w1" custom="readingOrder {index:0;}">
                    <Coords points="222,1951 222,2011 292,2011 292,1951"/>
                    <TextEquiv>
                        <Unicode>man</Unicode>
                    </TextEquiv>
                </Word>
                <Word id="r_10_tl_34_w2" custom="readingOrder {index:1;}">
                    <Coords points="325,1948 325,2008 395,2008 395,1948"/>
                    <TextEquiv>
                        <Unicode>ihre</Unicode>
                    </TextEquiv>
                </Word>
                <Word id="r_10_tl_34_w3" custom="readingOrder {index:2;}">
                    <Coords points="418,1951 418,2011 520,2011 520,1951"/>
                    <TextEquiv>
                        <Unicode>Stäte</Unicode>
                    </TextEquiv>
                </Word>
                <Word id="r_10_tl_34_w4" custom="readingOrder {index:3;}">
                    <Coords points="548,1951 548,2011 629,2011 629,1951"/>
                    <TextEquiv>
                        <Unicode>nicht</Unicode>
                    </TextEquiv>
                </Word>
                <Word id="r_10_tl_34_w5" custom="readingOrder {index:4;}">
                    <Coords points="652,1951 652,2011 738,2011 738,1951"/>
                    <TextEquiv>
                        <Unicode>mehr</Unicode>
                    </TextEquiv>
                </Word>
                <Word id="r_10_tl_34_w6" custom="readingOrder {index:5;}">
                    <Coords points="765,1951 765,2011 889,2011 889,1951"/>
                    <TextEquiv>
                        <Unicode>kennet.</Unicode>
                    </TextEquiv>
                </Word>
                <Word id="r_10_tl_34_w7" custom="readingOrder {index:6;}">
                    <Coords points="906,1952 906,2012 917,2012 917,1952"/>
                    <TextEquiv>
                        <Unicode>-</Unicode>
                    </TextEquiv>
                </Word>
                <TextEquiv>
                    <Unicode>man ihre Stäte nicht mehr kennet. -</Unicode>
                </TextEquiv>
            </TextLine>
            <TextLine id="r_10_tl_35" custom="readingOrder {index:34;}">
                <Coords points="1014,2003 1043,1998 1057,2009 1081,2009 1124,1999 1146,2009 1164,1999 1201,2003 1220,1996 1233,2003 1233,1960 1214,1950 1195,1956 1162,1947 1123,1950 1103,1963 1083,1951 1046,1949 1014,1963"/>
                <Baseline points="1021,1988 1065,1991 1110,1991 1155,1991 1200,1991 1236,1991"/>
                <Word id="r_10_tl_35_w1" custom="readingOrder {index:0;}">
                    <Coords points="1021,1950 1021,2010 1090,2010 1090,1950"/>
                    <TextEquiv>
                        <Unicode>Wo</Unicode>
                    </TextEquiv>
                </Word>
                <Word id="r_10_tl_35_w2" custom="readingOrder {index:1;}">
                    <Coords points="1119,1951 1119,2011 1159,2011 1159,1951"/>
                    <TextEquiv>
                        <Unicode>ist</Unicode>
                    </TextEquiv>
                </Word>
                <Word id="r_10_tl_35_w3" custom="readingOrder {index:2;}">
                    <Coords points="1184,1951 1184,2011 1224,2011 1224,1951"/>
                    <TextEquiv>
                        <Unicode>ein</Unicode>
                    </TextEquiv>
                </Word>
                <TextEquiv>
                    <Unicode>Wo ist ein</Unicode>
                </TextEquiv>
            </TextLine>
            <TextLine id="r_10_tl_36" custom="readingOrder {index:35;}">
                <Coords points="222,2045 1238,2059 1220,1996 222,2004"/>
                <Baseline points="229,2039 274,2039 319,2039 364,2042 409,2039 453,2042 498,2042 543,2045 588,2045 632,2045 677,2045 722,2045 767,2045 812,2045 856,2045 901,2045 946,2045 991,2045 1035,2045 1080,2042 1125,2039 1170,2039 1215,2042 1241,2042"/>
                <Word id="r_10_tl_36_w1" custom="readingOrder {index:0;}">
                    <Coords points="222,1999 222,2059 396,2059 396,1999"/>
                    <TextEquiv>
                        <Unicode>Gedanke,</Unicode>
                    </TextEquiv>
                </Word>
                <Word id="r_10_tl_36_w2" custom="readingOrder {index:1;}">
                    <Coords points="407,2000 407,2060 456,2060 456,2000"/>
                    <TextEquiv>
                        <Unicode>der</Unicode>
                    </TextEquiv>
                </Word>
                <Word id="r_10_tl_36_w3" custom="readingOrder {index:2;}">
                    <Coords points="478,2005 478,2065 609,2065 609,2005"/>
                    <TextEquiv>
                        <Unicode>größer,</Unicode>
                    </TextEquiv>
                </Word>
                <Word id="r_10_tl_36_w4" custom="readingOrder {index:3;}">
                    <Coords points="620,2005 620,2065 669,2065 669,2005"/>
                    <TextEquiv>
                        <Unicode>der</Unicode>
                    </TextEquiv>
                </Word>
                <Word id="r_10_tl_36_w5" custom="readingOrder {index:4;}">
                    <Coords points="686,2005 686,2065 881,2065 881,2005"/>
                    <TextEquiv>
                        <Unicode>fruchtbarer</Unicode>
                    </TextEquiv>
                </Word>
                <Word id="r_10_tl_36_w6" custom="readingOrder {index:5;}">
                    <Coords points="904,2005 904,2065 931,2065 931,2005"/>
                    <TextEquiv>
                        <Unicode>an</Unicode>
                    </TextEquiv>
                </Word>
                <Word id="r_10_tl_36_w7" custom="readingOrder {index:6;}">
                    <Coords points="958,2004 958,2064 1126,2064 1126,2004"/>
                    <TextEquiv>
                        <Unicode>Materien</Unicode>
                    </TextEquiv>
                </Word>
                <Word id="r_10_tl_36_w8" custom="readingOrder {index:7;}">
                    <Coords points="1154,2000 1154,2060 1224,2060 1224,2000"/>
                    <TextEquiv>
                        <Unicode>fürs</Unicode>
                    </TextEquiv>
                </Word>
                <TextEquiv>
                    <Unicode>Gedanke, der größer, der fruchtbarer an Materien fürs</Unicode>
                </TextEquiv>
            </TextLine>
            <TextLine id="r_10_tl_37" custom="readingOrder {index:36;}">
                <Coords points="213,2097 1229,2108 1195,2050 213,2048"/>
                <Baseline points="220,2089 265,2089 310,2089 355,2089 400,2089 444,2089 489,2092 534,2092 579,2092 623,2092 668,2095 713,2095 758,2095 803,2095 847,2098 892,2095 937,2095 982,2095 1027,2095 1071,2095 1116,2095 1161,2092 1206,2092 1233,2092"/>
                <Word id="r_10_tl_37_w1" custom="readingOrder {index:0;}">
                    <Coords points="220,2049 220,2109 306,2109 306,2049"/>
                    <TextEquiv>
                        <Unicode>Herz</Unicode>
                    </TextEquiv>
                </Word>
                <Word id="r_10_tl_37_w2" custom="readingOrder {index:1;}">
                    <Coords points="330,2049 330,2109 370,2109 370,2049"/>
                    <TextEquiv>
                        <Unicode>ist</Unicode>
                    </TextEquiv>
                </Word>
                <Word id="r_10_tl_37_w3" custom="readingOrder {index:2;}">
                    <Coords points="388,2049 388,2109 434,2109 434,2049"/>
                    <TextEquiv>
                        <Unicode>als</Unicode>
                    </TextEquiv>
                </Word>
                <Word id="r_10_tl_37_w4" custom="readingOrder {index:3;}">
                    <Coords points="458,2052 458,2112 539,2112 539,2052"/>
                    <TextEquiv>
                        <Unicode>der,</Unicode>
                    </TextEquiv>
                </Word>
                <Word id="r_10_tl_37_w5" custom="readingOrder {index:4;}">
                    <Coords points="563,2052 563,2112 620,2112 620,2052"/>
                    <TextEquiv>
                        <Unicode>daß</Unicode>
                    </TextEquiv>
                </Word>
                <Word id="r_10_tl_37_w6" custom="readingOrder {index:5;}">
                    <Coords points="656,2055 656,2115 707,2115 707,2055"/>
                    <TextEquiv>
                        <Unicode>die</Unicode>
                    </TextEquiv>
                </Word>
                <Word id="r_10_tl_37_w7" custom="readingOrder {index:6;}">
                    <Coords points="738,2055 738,2115 807,2115 807,2055"/>
                    <TextEquiv>
                        <Unicode>Zeit</Unicode>
                    </TextEquiv>
                </Word>
                <Word id="r_10_tl_37_w8" custom="readingOrder {index:7;}">
                    <Coords points="837,2055 837,2115 946,2115 946,2055"/>
                    <TextEquiv>
                        <Unicode>unsers</Unicode>
                    </TextEquiv>
                </Word>
                <Word id="r_10_tl_37_w9" custom="readingOrder {index:8;}">
                    <Coords points="970,2055 970,2115 1086,2115 1086,2055"/>
                    <TextEquiv>
                        <Unicode>Lebens</Unicode>
                    </TextEquiv>
                </Word>
                <Word id="r_10_tl_37_w10" custom="readingOrder {index:9;}">
                    <Coords points="1122,2052 1122,2112 1225,2112 1225,2052"/>
                    <TextEquiv>
                        <Unicode>wenig</Unicode>
                    </TextEquiv>
                </Word>
                <TextEquiv>
                    <Unicode>Herz ist als der, daß die Zeit unsers Lebens wenig</Unicode>
                </TextEquiv>
            </TextLine>
            <TextLine id="r_10_tl_38" custom="readingOrder {index:37;}">
                <Coords points="219,2156 1237,2161 1236,2110 1157,2098 219,2097"/>
                <Baseline points="226,2140 271,2140 316,2137 361,2140 406,2140 450,2140 495,2140 540,2143 585,2143 629,2143 674,2143 719,2146 764,2146 809,2146 853,2146 898,2146 943,2146 988,2143 1032,2146 1077,2146 1122,2146 1167,2143 1212,2143 1238,2143"/>
                <Word id="r_10_tl_38_w1" custom="readingOrder {index:0;}">
                    <Coords points="219,2100 219,2160 278,2160 278,2100"/>
                    <TextEquiv>
                        <Unicode>ist;</Unicode>
                    </TextEquiv>
                </Word>
                <Word id="r_10_tl_38_w2" custom="readingOrder {index:1;}">
                    <Coords points="312,2099 312,2159 393,2159 393,2099"/>
                    <TextEquiv>
                        <Unicode>denn</Unicode>
                    </TextEquiv>
                </Word>
                <Word id="r_10_tl_38_w3" custom="readingOrder {index:2;}">
                    <Coords points="420,2100 420,2160 577,2160 577,2100"/>
                    <TextEquiv>
                        <Unicode>außerdem</Unicode>
                    </TextEquiv>
                </Word>
                <Word id="r_10_tl_38_w4" custom="readingOrder {index:3;}">
                    <Coords points="627,2103 627,2163 681,2163 681,2103"/>
                    <TextEquiv>
                        <Unicode>daß</Unicode>
                    </TextEquiv>
                </Word>
                <Word id="r_10_tl_38_w5" custom="readingOrder {index:4;}">
                    <Coords points="708,2106 708,2166 735,2166 735,2106"/>
                    <TextEquiv>
                        <Unicode>er</Unicode>
                    </TextEquiv>
                </Word>
                <Word id="r_10_tl_38_w6" custom="readingOrder {index:5;}">
                    <Coords points="763,2106 763,2166 822,2166 822,2106"/>
                    <TextEquiv>
                        <Unicode>uns</Unicode>
                    </TextEquiv>
                </Word>
                <Word id="r_10_tl_38_w7" custom="readingOrder {index:6;}">
                    <Coords points="844,2106 844,2166 925,2166 925,2106"/>
                    <TextEquiv>
                        <Unicode>diese</Unicode>
                    </TextEquiv>
                </Word>
                <Word id="r_10_tl_38_w8" custom="readingOrder {index:7;}">
                    <Coords points="953,2106 953,2166 1115,2166 1115,2106"/>
                    <TextEquiv>
                        <Unicode>wenige</Unicode>
                    </TextEquiv>
                </Word>
                <Word id="r_10_tl_38_w9" custom="readingOrder {index:8;}">
                    <Coords points="1138,2103 1138,2163 1230,2163 1230,2103"/>
                    <TextEquiv>
                        <Unicode>Zeit</Unicode>
                    </TextEquiv>
                </Word>
                <TextEquiv>
                    <Unicode>ist; denn außerdem daß er uns diese wenige Zeit</Unicode>
                </TextEquiv>
            </TextLine>
            <TextLine id="r_10_tl_39" custom="readingOrder {index:38;}">
                <Coords points="219,2195 1236,2209 1213,2152 219,2156"/>
                <Baseline points="226,2188 271,2191 316,2188 361,2191 406,2188 450,2191 495,2191 540,2191 585,2191 629,2194 674,2191 719,2194 764,2194 809,2194 853,2194 898,2194 943,2194 988,2197 1032,2194 1077,2194 1122,2194 1167,2191 1212,2194 1238,2191"/>
                <Word id="r_10_tl_39_w1" custom="readingOrder {index:0;}">
                    <Coords points="224,2149 224,2209 445,2209 445,2149"/>
                    <TextEquiv>
                        <Unicode>auszukaufen</Unicode>
                    </TextEquiv>
                </Word>
                <Word id="r_10_tl_39_w2" custom="readingOrder {index:1;}">
                    <Coords points="477,2151 477,2211 620,2211 620,2151"/>
                    <TextEquiv>
                        <Unicode>erinnert</Unicode>
                    </TextEquiv>
                </Word>
                <Word id="r_10_tl_39_w3" custom="readingOrder {index:2;}">
                    <Coords points="642,2153 642,2213 770,2213 770,2153"/>
                    <TextEquiv>
                        <Unicode>schreibt</Unicode>
                    </TextEquiv>
                </Word>
                <Word id="r_10_tl_39_w4" custom="readingOrder {index:3;}">
                    <Coords points="801,2154 801,2214 827,2214 827,2154"/>
                    <TextEquiv>
                        <Unicode>er</Unicode>
                    </TextEquiv>
                </Word>
                <Word id="r_10_tl_39_w5" custom="readingOrder {index:4;}">
                    <Coords points="853,2154 853,2214 914,2214 914,2154"/>
                    <TextEquiv>
                        <Unicode>uns</Unicode>
                    </TextEquiv>
                </Word>
                <Word id="r_10_tl_39_w6" custom="readingOrder {index:5;}">
                    <Coords points="951,2156 951,2216 1002,2216 1002,2156"/>
                    <TextEquiv>
                        <Unicode>den</Unicode>
                    </TextEquiv>
                </Word>
                <Word id="r_10_tl_39_w7" custom="readingOrder {index:6;}">
                    <Coords points="1033,2153 1033,2213 1224,2213 1224,2153"/>
                    <TextEquiv>
                        <Unicode>Hauptplan</Unicode>
                    </TextEquiv>
                </Word>
                <TextEquiv>
                    <Unicode>auszukaufen erinnert schreibt er uns den Hauptplan</Unicode>
                </TextEquiv>
            </TextLine>
            <TextLine id="r_10_tl_40" custom="readingOrder {index:39;}">
                <Coords points="222,2258 1241,2258 1241,2205 1180,2200 900,2236 821,2200 222,2196"/>
                <Baseline points="229,2242 274,2239 319,2239 364,2239 409,2239 453,2239 498,2242 543,2239 588,2242 632,2242 677,2242 722,2242 767,2242 812,2242 856,2245 901,2245 946,2248 991,2245 1035,2245 1080,2245 1125,2245 1170,2242 1215,2242 1244,2245"/>
                <Word id="r_10_tl_40_w1" custom="readingOrder {index:0;}">
                    <Coords points="222,2201 222,2261 253,2261 253,2201"/>
                    <TextEquiv>
                        <Unicode>zu</Unicode>
                    </TextEquiv>
                </Word>
                <Word id="r_10_tl_40_w2" custom="readingOrder {index:1;}">
                    <Coords points="280,2199 280,2259 364,2259 364,2199"/>
                    <TextEquiv>
                        <Unicode>einem</Unicode>
                    </TextEquiv>
                </Word>
                <Word id="r_10_tl_40_w3" custom="readingOrder {index:2;}">
                    <Coords points="408,2200 408,2260 635,2260 635,2200"/>
                    <TextEquiv>
                        <Unicode>vernünftigen</Unicode>
                    </TextEquiv>
                </Word>
                <Word id="r_10_tl_40_w4" custom="readingOrder {index:3;}">
                    <Coords points="667,2202 667,2262 757,2262 757,2202"/>
                    <TextEquiv>
                        <Unicode>Leben</Unicode>
                    </TextEquiv>
                </Word>
                <Word id="r_10_tl_40_w5" custom="readingOrder {index:4;}">
                    <Coords points="784,2202 784,2262 868,2262 868,2202"/>
                    <TextEquiv>
                        <Unicode>vor:</Unicode>
                    </TextEquiv>
                </Word>
                <Word id="r_10_tl_40_w6" custom="readingOrder {index:5;}">
                    <Coords points="927,2207 927,2267 963,2267 963,2207"/>
                    <TextEquiv>
                        <Unicode>um</Unicode>
                    </TextEquiv>
                </Word>
                <Word id="r_10_tl_40_w7" custom="readingOrder {index:6;}">
                    <Coords points="1012,2205 1012,2265 1074,2265 1074,2205"/>
                    <TextEquiv>
                        <Unicode>froh</Unicode>
                    </TextEquiv>
                </Word>
                <Word id="r_10_tl_40_w8" custom="readingOrder {index:7;}">
                    <Coords points="1102,2205 1102,2265 1133,2265 1133,2205"/>
                    <TextEquiv>
                        <Unicode>zu</Unicode>
                    </TextEquiv>
                </Word>
                <Word id="r_10_tl_40_w9" custom="readingOrder {index:8;}">
                    <Coords points="1165,2202 1165,2262 1239,2262 1239,2202"/>
                    <TextEquiv>
                        <Unicode>ster¬</Unicode>
                    </TextEquiv>
                </Word>
                <TextEquiv>
                    <Unicode>zu einem vernünftigen Leben vor: um froh zu ster¬</Unicode>
                </TextEquiv>
            </TextLine>
            <TextLine id="r_10_tl_41" custom="readingOrder {index:40;}">
                <Coords points="237,2286 1241,2307 1241,2264 1146,2250 237,2251"/>
                <Baseline points="244,2280 289,2286 334,2289 379,2289 423,2289 468,2289 513,2289 558,2289 603,2292 647,2295 692,2298 737,2292 782,2295 826,2292 871,2295 916,2295 961,2295 1006,2295 1050,2295 1095,2295 1140,2295 1185,2292 1230,2295 1244,2292"/>
                <Word id="r_10_tl_41_w1" custom="readingOrder {index:0;}">
                    <Coords points="237,2243 237,2303 302,2303 302,2243"/>
                    <TextEquiv>
                        <Unicode>"ben</Unicode>
                    </TextEquiv>
                </Word>
                <Word id="r_10_tl_41_w2" custom="readingOrder {index:1;}">
                    <Coords points="329,2249 329,2309 426,2309 426,2249"/>
                    <TextEquiv>
                        <Unicode>mußt</Unicode>
                    </TextEquiv>
                </Word>
                <Word id="r_10_tl_41_w3" custom="readingOrder {index:2;}">
                    <Coords points="448,2249 448,2309 480,2309 480,2249"/>
                    <TextEquiv>
                        <Unicode>du</Unicode>
                    </TextEquiv>
                </Word>
                <Word id="r_10_tl_41_w4" custom="readingOrder {index:3;}">
                    <Coords points="508,2249 508,2309 632,2309 632,2249"/>
                    <TextEquiv>
                        <Unicode>leben."</Unicode>
                    </TextEquiv>
                </Word>
                <Word id="r_10_tl_41_w5" custom="readingOrder {index:4;}">
                    <Coords points="692,2254 692,2314 741,2314 741,2254"/>
                    <TextEquiv>
                        <Unicode>Ja</Unicode>
                    </TextEquiv>
                </Word>
                <Word id="r_10_tl_41_w6" custom="readingOrder {index:5;}">
                    <Coords points="768,2252 768,2312 865,2312 865,2252"/>
                    <TextEquiv>
                        <Unicode>diesen</Unicode>
                    </TextEquiv>
                </Word>
                <Word id="r_10_tl_41_w7" custom="readingOrder {index:6;}">
                    <Coords points="893,2255 893,2315 1065,2315 1065,2255"/>
                    <TextEquiv>
                        <Unicode>Gedanken</Unicode>
                    </TextEquiv>
                </Word>
                <Word id="r_10_tl_41_w8" custom="readingOrder {index:7;}">
                    <Coords points="1093,2255 1093,2315 1152,2315 1152,2255"/>
                    <TextEquiv>
                        <Unicode>von</Unicode>
                    </TextEquiv>
                </Word>
                <Word id="r_10_tl_41_w9" custom="readingOrder {index:8;}">
                    <Coords points="1179,2253 1179,2313 1233,2313 1233,2253"/>
                    <TextEquiv>
                        <Unicode>der</Unicode>
                    </TextEquiv>
                </Word>
                <TextEquiv>
                    <Unicode>"ben mußt du leben." Ja diesen Gedanken von der</Unicode>
                </TextEquiv>
            </TextLine>
            <TextLine id="r_10_tl_42" custom="readingOrder {index:41;}">
                <Coords points="222,2358 1175,2367 1233,2358 1233,2320 220,2295"/>
                <Baseline points="229,2343 274,2343 319,2340 364,2340 409,2340 453,2340 498,2340 543,2340 588,2340 632,2340 677,2340 722,2340 767,2343 812,2343 856,2343 901,2346 946,2346 991,2346 1035,2346 1080,2346 1125,2346 1170,2346 1215,2346 1236,2346"/>
                <Word id="r_10_tl_42_w1" custom="readingOrder {index:0;}">
                    <Coords points="227,2302 227,2362 333,2362 333,2302"/>
                    <TextEquiv>
                        <Unicode>Kürze</Unicode>
                    </TextEquiv>
                </Word>
                <Word id="r_10_tl_42_w2" custom="readingOrder {index:1;}">
                    <Coords points="368,2300 368,2360 498,2360 498,2300"/>
                    <TextEquiv>
                        <Unicode>unserer</Unicode>
                    </TextEquiv>
                </Word>
                <Word id="r_10_tl_42_w3" custom="readingOrder {index:2;}">
                    <Coords points="533,2300 533,2360 623,2360 623,2300"/>
                    <TextEquiv>
                        <Unicode>Tage</Unicode>
                    </TextEquiv>
                </Word>
                <Word id="r_10_tl_42_w4" custom="readingOrder {index:3;}">
                    <Coords points="669,2300 669,2360 696,2360 696,2300"/>
                    <TextEquiv>
                        <Unicode>zu</Unicode>
                    </TextEquiv>
                </Word>
                <Word id="r_10_tl_42_w5" custom="readingOrder {index:4;}">
                    <Coords points="737,2303 737,2363 839,2363 839,2303"/>
                    <TextEquiv>
                        <Unicode>seinem</Unicode>
                    </TextEquiv>
                </Word>
                <Word id="r_10_tl_42_w6" custom="readingOrder {index:5;}">
                    <Coords points="890,2306 890,2366 1224,2366 1224,2306"/>
                    <TextEquiv>
                        <Unicode>Lieblingsgedanken</Unicode>
                    </TextEquiv>
                </Word>
                <TextEquiv>
                    <Unicode>Kürze unserer Tage zu seinem Lieblingsgedanken</Unicode>
                </TextEquiv>
            </TextLine>
            <TextLine id="r_10_tl_43" custom="readingOrder {index:42;}">
                <Coords points="222,2407 1201,2419 1235,2411 1233,2360 220,2369"/>
                <Baseline points="229,2394 274,2394 319,2391 364,2391 409,2388 453,2391 498,2391 543,2388 588,2388 632,2391 677,2391 722,2394 767,2391 812,2394 856,2394 901,2397 946,2394 991,2394 1035,2397 1080,2397 1125,2397 1170,2397 1215,2397 1238,2397"/>
                <Word id="r_10_tl_43_w1" custom="readingOrder {index:0;}">
                    <Coords points="226,2352 226,2412 371,2412 371,2352"/>
                    <TextEquiv>
                        <Unicode>gewahlt</Unicode>
                    </TextEquiv>
                </Word>
                <Word id="r_10_tl_43_w2" custom="readingOrder {index:1;}">
                    <Coords points="394,2351 394,2411 528,2411 528,2351"/>
                    <TextEquiv>
                        <Unicode>haben,</Unicode>
                    </TextEquiv>
                </Word>
                <Word id="r_10_tl_43_w3" custom="readingOrder {index:2;}">
                    <Coords points="562,2349 562,2409 658,2409 658,2349"/>
                    <TextEquiv>
                        <Unicode>heißt</Unicode>
                    </TextEquiv>
                </Word>
                <Word id="r_10_tl_43_w4" custom="readingOrder {index:3;}">
                    <Coords points="686,2353 686,2413 751,2413 751,2353"/>
                    <TextEquiv>
                        <Unicode>mit</Unicode>
                    </TextEquiv>
                </Word>
                <Word id="r_10_tl_43_w5" custom="readingOrder {index:4;}">
                    <Coords points="778,2354 778,2414 891,2414 891,2354"/>
                    <TextEquiv>
                        <Unicode>andern</Unicode>
                    </TextEquiv>
                </Word>
                <Word id="r_10_tl_43_w6" custom="readingOrder {index:5;}">
                    <Coords points="925,2355 925,2415 1092,2415 1092,2355"/>
                    <TextEquiv>
                        <Unicode>Worten,</Unicode>
                    </TextEquiv>
                </Word>
                <Word id="r_10_tl_43_w7" custom="readingOrder {index:6;}">
                    <Coords points="1130,2357 1130,2417 1232,2417 1232,2357"/>
                    <TextEquiv>
                        <Unicode>große</Unicode>
                    </TextEquiv>
                </Word>
                <TextEquiv>
                    <Unicode>gewahlt haben, heißt mit andern Worten, große</Unicode>
                </TextEquiv>
            </TextLine>
            <TextLine id="r_10_tl_44" custom="readingOrder {index:43;}">
                <Coords points="228,2458 885,2462 885,2410 865,2407 228,2409"/>
                <Baseline points="235,2445 280,2442 325,2442 370,2442 414,2442 459,2442 504,2442 549,2442 594,2439 638,2442 683,2442 728,2442 773,2442 818,2445 862,2445 889,2445"/>
                <Word id="r_10_tl_44_w1" custom="readingOrder {index:0;}">
                    <Coords points="229,2402 229,2462 365,2462 365,2402"/>
                    <TextEquiv>
                        <Unicode>Talente</Unicode>
                    </TextEquiv>
                </Word>
                <Word id="r_10_tl_44_w2" custom="readingOrder {index:1;}">
                    <Coords points="394,2402 394,2462 444,2462 444,2402"/>
                    <TextEquiv>
                        <Unicode>für</Unicode>
                    </TextEquiv>
                </Word>
                <Word id="r_10_tl_44_w3" custom="readingOrder {index:2;}">
                    <Coords points="479,2402 479,2462 529,2462 529,2402"/>
                    <TextEquiv>
                        <Unicode>die</Unicode>
                    </TextEquiv>
                </Word>
                <Word id="r_10_tl_44_w4" custom="readingOrder {index:3;}">
                    <Coords points="553,2401 553,2461 717,2461 717,2401"/>
                    <TextEquiv>
                        <Unicode>Ewigkeit</Unicode>
                    </TextEquiv>
                </Word>
                <Word id="r_10_tl_44_w5" custom="readingOrder {index:4;}">
                    <Coords points="740,2404 740,2464 882,2464 882,2404"/>
                    <TextEquiv>
                        <Unicode>besitzen.</Unicode>
                    </TextEquiv>
                </Word>
                <TextEquiv>
                    <Unicode>Talente für die Ewigkeit besitzen.</Unicode>
                </TextEquiv>
            </TextLine>
            <TextLine id="r_10_tl_45" custom="readingOrder {index:44;}">
                <Coords points="267,2499 1241,2505 1209,2454 267,2454"/>
                <Baseline points="274,2492 319,2489 364,2489 409,2489 453,2489 498,2489 543,2489 588,2492 632,2492 677,2492 722,2492 767,2495 812,2495 856,2495 901,2495 946,2495 991,2495 1035,2495 1080,2495 1125,2495 1170,2495 1215,2495 1244,2495"/>
                <Word id="r_10_tl_45_w1" custom="readingOrder {index:0;}">
                    <Coords points="272,2450 272,2510 335,2510 335,2450"/>
                    <TextEquiv>
                        <Unicode>Ein</Unicode>
                    </TextEquiv>
                </Word>
                <Word id="r_10_tl_45_w2" custom="readingOrder {index:1;}">
                    <Coords points="362,2449 362,2509 548,2509 548,2449"/>
                    <TextEquiv>
                        <Unicode>Wanderer</Unicode>
                    </TextEquiv>
                </Word>
                <Word id="r_10_tl_45_w3" custom="readingOrder {index:2;}">
                    <Coords points="570,2452 570,2512 638,2512 638,2452"/>
                    <TextEquiv>
                        <Unicode>legt</Unicode>
                    </TextEquiv>
                </Word>
                <Word id="r_10_tl_45_w4" custom="readingOrder {index:3;}">
                    <Coords points="655,2452 655,2512 702,2512 702,2452"/>
                    <TextEquiv>
                        <Unicode>sich</Unicode>
                    </TextEquiv>
                </Word>
                <Word id="r_10_tl_45_w5" custom="readingOrder {index:4;}">
                    <Coords points="729,2455 729,2515 878,2515 878,2455"/>
                    <TextEquiv>
                        <Unicode>zuweilen</Unicode>
                    </TextEquiv>
                </Word>
                <Word id="r_10_tl_45_w6" custom="readingOrder {index:5;}">
                    <Coords points="915,2455 915,2515 984,2515 984,2455"/>
                    <TextEquiv>
                        <Unicode>eine</Unicode>
                    </TextEquiv>
                </Word>
                <Word id="r_10_tl_45_w7" custom="readingOrder {index:6;}">
                    <Coords points="1006,2455 1006,2515 1149,2515 1149,2455"/>
                    <TextEquiv>
                        <Unicode>Stunde</Unicode>
                    </TextEquiv>
                </Word>
                <Word id="r_10_tl_45_w8" custom="readingOrder {index:7;}">
                    <Coords points="1181,2455 1181,2515 1233,2515 1233,2455"/>
                    <TextEquiv>
                        <Unicode>vor</Unicode>
                    </TextEquiv>
                </Word>
                <TextEquiv>
                    <Unicode>Ein Wanderer legt sich zuweilen eine Stunde vor</Unicode>
                </TextEquiv>
            </TextLine>
            <TextLine id="r_10_tl_46" custom="readingOrder {index:45;}">
                <Coords points="222,2557 1241,2563 1241,2512 1188,2504 222,2492"/>
                <Baseline points="229,2543 274,2543 319,2540 364,2540 409,2540 453,2540 498,2540 543,2540 588,2540 632,2540 677,2543 722,2543 767,2543 812,2543 856,2546 901,2546 946,2546 991,2546 1035,2546 1080,2546 1125,2546 1170,2546 1215,2546 1244,2543"/>
                <Word id="r_10_tl_46_w1" custom="readingOrder {index:0;}">
                    <Coords points="233,2503 233,2563 285,2563 285,2503"/>
                    <TextEquiv>
                        <Unicode>der</Unicode>
                    </TextEquiv>
                </Word>
                <Word id="r_10_tl_46_w2" custom="readingOrder {index:1;}">
                    <Coords points="306,2500 306,2560 543,2560 543,2500"/>
                    <TextEquiv>
                        <Unicode>Dämmerung</Unicode>
                    </TextEquiv>
                </Word>
                <Word id="r_10_tl_46_w3" custom="readingOrder {index:2;}">
                    <Coords points="570,2500 570,2560 622,2560 622,2500"/>
                    <TextEquiv>
                        <Unicode>auf</Unicode>
                    </TextEquiv>
                </Word>
                <Word id="r_10_tl_46_w4" custom="readingOrder {index:3;}">
                    <Coords points="649,2503 649,2563 728,2563 728,2503"/>
                    <TextEquiv>
                        <Unicode>einen</Unicode>
                    </TextEquiv>
                </Word>
                <Word id="r_10_tl_46_w5" custom="readingOrder {index:4;}">
                    <Coords points="760,2503 760,2563 886,2563 886,2503"/>
                    <TextEquiv>
                        <Unicode>Hügel,</Unicode>
                    </TextEquiv>
                </Word>
                <Word id="r_10_tl_46_w6" custom="readingOrder {index:5;}">
                    <Coords points="902,2506 902,2566 939,2566 939,2506"/>
                    <TextEquiv>
                        <Unicode>um</Unicode>
                    </TextEquiv>
                </Word>
                <Word id="r_10_tl_46_w7" custom="readingOrder {index:6;}">
                    <Coords points="982,2506 982,2566 1055,2566 1055,2506"/>
                    <TextEquiv>
                        <Unicode>dort</Unicode>
                    </TextEquiv>
                </Word>
                <Word id="r_10_tl_46_w8" custom="readingOrder {index:7;}">
                    <Coords points="1071,2506 1071,2566 1129,2566 1129,2506"/>
                    <TextEquiv>
                        <Unicode>auf</Unicode>
                    </TextEquiv>
                </Word>
                <Word id="r_10_tl_46_w9" custom="readingOrder {index:8;}">
                    <Coords points="1150,2506 1150,2566 1229,2566 1229,2506"/>
                    <TextEquiv>
                        <Unicode>seine</Unicode>
                    </TextEquiv>
                </Word>
                <TextEquiv>
                    <Unicode>der Dämmerung auf einen Hügel, um dort auf seine</Unicode>
                </TextEquiv>
            </TextLine>
            <TextLine id="r_10_tl_47" custom="readingOrder {index:46;}">
                <Coords points="222,2611 1233,2607 1233,2567 1188,2558 222,2559"/>
                <Baseline points="229,2597 250,2594 295,2594 340,2591 385,2591 429,2591 474,2591 519,2591 564,2591 609,2594 653,2594 698,2594 743,2594 788,2597 832,2597 877,2597 922,2597 967,2597 1012,2597 1056,2594 1101,2597 1146,2597 1191,2597 1236,2594"/>
                <Word id="r_10_tl_47_w1" custom="readingOrder {index:0;}">
                    <Coords points="223,2551 223,2611 460,2611 460,2551"/>
                    <TextEquiv>
                        <Unicode>zurückgelegte</Unicode>
                    </TextEquiv>
                </Word>
                <Word id="r_10_tl_47_w2" custom="readingOrder {index:1;}">
                    <Coords points="477,2551 477,2611 665,2611 665,2551"/>
                    <TextEquiv>
                        <Unicode>Tagereisen</Unicode>
                    </TextEquiv>
                </Word>
                <Word id="r_10_tl_47_w3" custom="readingOrder {index:2;}">
                    <Coords points="694,2557 694,2617 948,2617 948,2557"/>
                    <TextEquiv>
                        <Unicode>herabzusehen,</Unicode>
                    </TextEquiv>
                </Word>
                <Word id="r_10_tl_47_w4" custom="readingOrder {index:3;}">
                    <Coords points="965,2557 965,2617 1019,2617 1019,2557"/>
                    <TextEquiv>
                        <Unicode>und</Unicode>
                    </TextEquiv>
                </Word>
                <Word id="r_10_tl_47_w5" custom="readingOrder {index:4;}">
                    <Coords points="1048,2555 1048,2615 1114,2615 1114,2555"/>
                    <TextEquiv>
                        <Unicode>hier</Unicode>
                    </TextEquiv>
                </Word>
                <Word id="r_10_tl_47_w6" custom="readingOrder {index:5;}">
                    <Coords points="1142,2557 1142,2617 1225,2617 1225,2557"/>
                    <TextEquiv>
                        <Unicode>einen</Unicode>
                    </TextEquiv>
                </Word>
                <TextEquiv>
                    <Unicode>zurückgelegte Tagereisen herabzusehen, und hier einen</Unicode>
                </TextEquiv>
            </TextLine>
            <TextLine id="r_10_tl_48" custom="readingOrder {index:47;}">
                <Coords points="222,2655 1241,2665 1241,2606 1209,2601 222,2611"/>
                <Baseline points="229,2633 274,2639 319,2642 364,2642 409,2639 453,2642 498,2642 543,2642 588,2645 632,2645 677,2645 722,2642 767,2645 812,2645 856,2645 901,2642 946,2645 991,2648 1035,2645 1080,2645 1125,2645 1170,2645 1215,2648 1244,2648"/>
                <Word id="r_10_tl_48_w1" custom="readingOrder {index:0;}">
                    <Coords points="228,2598 228,2658 308,2658 308,2598"/>
                    <TextEquiv>
                        <Unicode>Weg</Unicode>
                    </TextEquiv>
                </Word>
                <Word id="r_10_tl_48_w2" custom="readingOrder {index:1;}">
                    <Coords points="341,2602 341,2662 367,2662 367,2602"/>
                    <TextEquiv>
                        <Unicode>zu</Unicode>
                    </TextEquiv>
                </Word>
                <Word id="r_10_tl_48_w3" custom="readingOrder {index:2;}">
                    <Coords points="400,2602 400,2662 611,2662 611,2602"/>
                    <TextEquiv>
                        <Unicode>betrachten,</Unicode>
                    </TextEquiv>
                </Word>
                <Word id="r_10_tl_48_w4" custom="readingOrder {index:3;}">
                    <Coords points="644,2605 644,2665 697,2665 697,2605"/>
                    <TextEquiv>
                        <Unicode>den</Unicode>
                    </TextEquiv>
                </Word>
                <Word id="r_10_tl_48_w5" custom="readingOrder {index:4;}">
                    <Coords points="736,2604 736,2664 795,2664 795,2604"/>
                    <TextEquiv>
                        <Unicode>sein</Unicode>
                    </TextEquiv>
                </Word>
                <Word id="r_10_tl_48_w6" custom="readingOrder {index:5;}">
                    <Coords points="828,2604 828,2664 892,2664 892,2604"/>
                    <TextEquiv>
                        <Unicode>Fuß</Unicode>
                    </TextEquiv>
                </Word>
                <Word id="r_10_tl_48_w7" custom="readingOrder {index:6;}">
                    <Coords points="931,2606 931,2666 1001,2666 1001,2606"/>
                    <TextEquiv>
                        <Unicode>noch</Unicode>
                    </TextEquiv>
                </Word>
                <Word id="r_10_tl_48_w8" custom="readingOrder {index:7;}">
                    <Coords points="1034,2605 1034,2665 1130,2665 1130,2605"/>
                    <TextEquiv>
                        <Unicode>gehen</Unicode>
                    </TextEquiv>
                </Word>
                <Word id="r_10_tl_48_w9" custom="readingOrder {index:8;}">
                    <Coords points="1163,2607 1163,2667 1238,2667 1238,2607"/>
                    <TextEquiv>
                        <Unicode>soll.</Unicode>
                    </TextEquiv>
                </Word>
                <TextEquiv>
                    <Unicode>Weg zu betrachten, den sein Fuß noch gehen soll.</Unicode>
                </TextEquiv>
            </TextLine>
            <TextLine id="r_10_tl_49" custom="readingOrder {index:48;}">
                <Coords points="222,2701 1235,2708 1235,2660 1175,2655 222,2655"/>
                <Baseline points="229,2686 274,2689 319,2689 364,2689 409,2689 453,2689 498,2689 543,2692 588,2692 632,2695 677,2692 722,2692 767,2692 812,2695 856,2695 901,2695 946,2695 991,2695 1035,2695 1080,2695 1125,2692 1170,2692 1215,2695 1238,2692"/>
                <Word id="r_10_tl_49_w1" custom="readingOrder {index:0;}">
                    <Coords points="228,2648 228,2708 303,2708 303,2648"/>
                    <TextEquiv>
                        <Unicode>Wir</Unicode>
                    </TextEquiv>
                </Word>
                <Word id="r_10_tl_49_w2" custom="readingOrder {index:1;}">
                    <Coords points="330,2649 330,2709 389,2709 389,2649"/>
                    <TextEquiv>
                        <Unicode>sind</Unicode>
                    </TextEquiv>
                </Word>
                <Word id="r_10_tl_49_w3" custom="readingOrder {index:2;}">
                    <Coords points="417,2649 417,2709 605,2709 605,2649"/>
                    <TextEquiv>
                        <Unicode>Wandrer,</Unicode>
                    </TextEquiv>
                </Word>
                <Word id="r_10_tl_49_w4" custom="readingOrder {index:3;}">
                    <Coords points="638,2652 638,2712 746,2712 746,2652"/>
                    <TextEquiv>
                        <Unicode>hinter</Unicode>
                    </TextEquiv>
                </Word>
                <Word id="r_10_tl_49_w5" custom="readingOrder {index:4;}">
                    <Coords points="774,2654 774,2714 838,2714 838,2654"/>
                    <TextEquiv>
                        <Unicode>uns</Unicode>
                    </TextEquiv>
                </Word>
                <Word id="r_10_tl_49_w6" custom="readingOrder {index:5;}">
                    <Coords points="865,2655 865,2715 1005,2715 1005,2655"/>
                    <TextEquiv>
                        <Unicode>verlebte</Unicode>
                    </TextEquiv>
                </Word>
                <Word id="r_10_tl_49_w7" custom="readingOrder {index:6;}">
                    <Coords points="1028,2654 1028,2714 1135,2714 1135,2654"/>
                    <TextEquiv>
                        <Unicode>Jahre</Unicode>
                    </TextEquiv>
                </Word>
                <Word id="r_10_tl_49_w8" custom="readingOrder {index:7;}">
                    <Coords points="1168,2653 1168,2713 1227,2713 1227,2653"/>
                    <TextEquiv>
                        <Unicode>und</Unicode>
                    </TextEquiv>
                </Word>
                <TextEquiv>
                    <Unicode>Wir sind Wandrer, hinter uns verlebte Jahre und</Unicode>
                </TextEquiv>
            </TextLine>
            <TextLine id="r_10_tl_50" custom="readingOrder {index:49;}">
                <Coords points="222,2758 1238,2757 1238,2712 1156,2693 1052,2724 222,2701"/>
                <Baseline points="229,2743 274,2740 319,2740 364,2740 409,2737 453,2740 498,2737 543,2740 588,2740 632,2743 677,2743 722,2743 767,2743 812,2746 856,2743 901,2746 946,2743 991,2746 1035,2743 1080,2746 1125,2743 1170,2743 1215,2743 1241,2746"/>
                <Word id="r_10_tl_50_w1" custom="readingOrder {index:0;}">
                    <Coords points="228,2700 228,2760 294,2760 294,2700"/>
                    <TextEquiv>
                        <Unicode>hier</Unicode>
                    </TextEquiv>
                </Word>
                <Word id="r_10_tl_50_w2" custom="readingOrder {index:1;}">
                    <Coords points="317,2700 317,2760 382,2760 382,2700"/>
                    <TextEquiv>
                        <Unicode>eine</Unicode>
                    </TextEquiv>
                </Word>
                <Word id="r_10_tl_50_w3" custom="readingOrder {index:2;}">
                    <Coords points="405,2697 405,2757 598,2757 598,2697"/>
                    <TextEquiv>
                        <Unicode>Laufbahn,</Unicode>
                    </TextEquiv>
                </Word>
                <Word id="r_10_tl_50_w4" custom="readingOrder {index:3;}">
                    <Coords points="626,2703 626,2763 670,2763 670,2703"/>
                    <TextEquiv>
                        <Unicode>die</Unicode>
                    </TextEquiv>
                </Word>
                <Word id="r_10_tl_50_w5" custom="readingOrder {index:4;}">
                    <Coords points="693,2703 693,2763 754,2763 754,2703"/>
                    <TextEquiv>
                        <Unicode>wir</Unicode>
                    </TextEquiv>
                </Word>
                <Word id="r_10_tl_50_w6" custom="readingOrder {index:5;}">
                    <Coords points="777,2705 777,2765 859,2765 859,2705"/>
                    <TextEquiv>
                        <Unicode>nicht</Unicode>
                    </TextEquiv>
                </Word>
                <Word id="r_10_tl_50_w7" custom="readingOrder {index:6;}">
                    <Coords points="882,2703 882,2763 1019,2763 1019,2703"/>
                    <TextEquiv>
                        <Unicode>kennen.</Unicode>
                    </TextEquiv>
                </Word>
                <Word id="r_10_tl_50_w8" custom="readingOrder {index:7;}">
                    <Coords points="1064,2703 1064,2763 1235,2763 1235,2703"/>
                    <TextEquiv>
                        <Unicode>Wohlan,</Unicode>
                    </TextEquiv>
                </Word>
                <TextEquiv>
                    <Unicode>hier eine Laufbahn, die wir nicht kennen. Wohlan,</Unicode>
                </TextEquiv>
            </TextLine>
            <TextLine id="r_10_tl_51" custom="readingOrder {index:50;}">
                <Coords points="219,2806 1244,2808 1220,2751 218,2759"/>
                <Baseline points="226,2788 271,2788 316,2788 361,2785 406,2785 450,2785 495,2788 540,2788 585,2788 629,2791 674,2791 719,2791 764,2794 809,2797 853,2794 898,2797 943,2794 988,2797 1032,2794 1077,2791 1122,2791 1167,2791 1212,2791 1247,2794"/>
                <Word id="r_10_tl_51_w1" custom="readingOrder {index:0;}">
                    <Coords points="223,2748 223,2808 286,2808 286,2748"/>
                    <TextEquiv>
                        <Unicode>wir</Unicode>
                    </TextEquiv>
                </Word>
                <Word id="r_10_tl_51_w2" custom="readingOrder {index:1;}">
                    <Coords points="313,2745 313,2805 424,2805 424,2745"/>
                    <TextEquiv>
                        <Unicode>wollen</Unicode>
                    </TextEquiv>
                </Word>
                <Word id="r_10_tl_51_w3" custom="readingOrder {index:2;}">
                    <Coords points="457,2747 457,2807 520,2807 520,2747"/>
                    <TextEquiv>
                        <Unicode>uns</Unicode>
                    </TextEquiv>
                </Word>
                <Word id="r_10_tl_51_w4" custom="readingOrder {index:3;}">
                    <Coords points="552,2748 552,2808 578,2808 578,2748"/>
                    <TextEquiv>
                        <Unicode>zu</Unicode>
                    </TextEquiv>
                </Word>
                <Word id="r_10_tl_51_w5" custom="readingOrder {index:4;}">
                    <Coords points="616,2751 616,2811 668,2811 668,2751"/>
                    <TextEquiv>
                        <Unicode>der</Unicode>
                    </TextEquiv>
                </Word>
                <Word id="r_10_tl_51_w6" custom="readingOrder {index:5;}">
                    <Coords points="695,2755 695,2815 881,2815 881,2755"/>
                    <TextEquiv>
                        <Unicode>feyerlichen</Unicode>
                    </TextEquiv>
                </Word>
                <Word id="r_10_tl_51_w7" custom="readingOrder {index:6;}">
                    <Coords points="919,2756 919,2816 1056,2816 1056,2756"/>
                    <TextEquiv>
                        <Unicode>Stunde</Unicode>
                    </TextEquiv>
                </Word>
                <Word id="r_10_tl_51_w8" custom="readingOrder {index:7;}">
                    <Coords points="1089,2751 1089,2811 1242,2811 1242,2751"/>
                    <TextEquiv>
                        <Unicode>entschlü=</Unicode>
                    </TextEquiv>
                </Word>
                <TextEquiv>
                    <Unicode>wir wollen uns zu der feyerlichen Stunde entschlü=</Unicode>
                </TextEquiv>
            </TextLine>
            <TextLine id="r_10_tl_52" custom="readingOrder {index:51;}">
                <Coords points="219,2856 1237,2860 1219,2799 219,2806"/>
                <Baseline points="226,2845 256,2842 301,2839 346,2839 391,2839 435,2839 480,2836 525,2836 570,2836 615,2839 659,2839 704,2839 749,2839 794,2842 838,2845 883,2845 928,2845 973,2845 1018,2842 1062,2842 1107,2842 1152,2842 1197,2839 1241,2842"/>
                <Word id="r_10_tl_52_w1" custom="readingOrder {index:0;}">
                    <Coords points="219,2801 219,2861 308,2861 308,2801"/>
                    <TextEquiv>
                        <Unicode>ßen,</Unicode>
                    </TextEquiv>
                </Word>
                <Word id="r_10_tl_52_w2" custom="readingOrder {index:1;}">
                    <Coords points="340,2799 340,2859 366,2859 366,2799"/>
                    <TextEquiv>
                        <Unicode>in</Unicode>
                    </TextEquiv>
                </Word>
                <Word id="r_10_tl_52_w3" custom="readingOrder {index:2;}">
                    <Coords points="398,2797 398,2857 524,2857 524,2797"/>
                    <TextEquiv>
                        <Unicode>welcher</Unicode>
                    </TextEquiv>
                </Word>
                <Word id="r_10_tl_52_w4" custom="readingOrder {index:3;}">
                    <Coords points="551,2796 551,2856 608,2856 608,2796"/>
                    <TextEquiv>
                        <Unicode>wir</Unicode>
                    </TextEquiv>
                </Word>
                <Word id="r_10_tl_52_w5" custom="readingOrder {index:4;}">
                    <Coords points="630,2799 630,2859 735,2859 735,2799"/>
                    <TextEquiv>
                        <Unicode>unsern</Unicode>
                    </TextEquiv>
                </Word>
                <Word id="r_10_tl_52_w6" custom="readingOrder {index:5;}">
                    <Coords points="767,2803 767,2863 856,2863 856,2803"/>
                    <TextEquiv>
                        <Unicode>Blick</Unicode>
                    </TextEquiv>
                </Word>
                <Word id="r_10_tl_52_w7" custom="readingOrder {index:6;}">
                    <Coords points="878,2805 878,2865 903,2865 903,2805"/>
                    <TextEquiv>
                        <Unicode>in</Unicode>
                    </TextEquiv>
                </Word>
                <Word id="r_10_tl_52_w8" custom="readingOrder {index:7;}">
                    <Coords points="936,2802 936,2862 1135,2862 1135,2802"/>
                    <TextEquiv>
                        <Unicode>vergangene</Unicode>
                    </TextEquiv>
                </Word>
                <Word id="r_10_tl_52_w9" custom="readingOrder {index:8;}">
                    <Coords points="1162,2799 1162,2859 1230,2859 1230,2799"/>
                    <TextEquiv>
                        <Unicode>Zeit</Unicode>
                    </TextEquiv>
                </Word>
                <TextEquiv>
                    <Unicode>ßen, in welcher wir unsern Blick in vergangene Zeit</Unicode>
                </TextEquiv>
            </TextLine>
            <TextLine id="r_10_tl_53" custom="readingOrder {index:52;}">
                <Coords points="213,2910 1242,2901 1214,2855 213,2864"/>
                <Baseline points="220,2892 259,2892 304,2889 349,2889 394,2889 438,2887 483,2887 528,2887 573,2889 618,2887 662,2889 707,2887 752,2889 797,2889 841,2892 886,2895 931,2895 976,2895 1021,2892 1065,2892 1110,2892 1155,2889 1200,2889 1244,2889"/>
                <Word id="r_10_tl_53_w1" custom="readingOrder {index:0;}">
                    <Coords points="219,2852 219,2912 283,2912 283,2852"/>
                    <TextEquiv>
                        <Unicode>und</Unicode>
                    </TextEquiv>
                </Word>
                <Word id="r_10_tl_53_w2" custom="readingOrder {index:1;}">
                    <Coords points="322,2848 322,2908 468,2908 468,2848"/>
                    <TextEquiv>
                        <Unicode>Zukunft</Unicode>
                    </TextEquiv>
                </Word>
                <Word id="r_10_tl_53_w3" custom="readingOrder {index:2;}">
                    <Coords points="496,2847 496,2907 604,2907 604,2847"/>
                    <TextEquiv>
                        <Unicode>theilen</Unicode>
                    </TextEquiv>
                </Word>
                <Word id="r_10_tl_53_w4" custom="readingOrder {index:3;}">
                    <Coords points="632,2847 632,2907 778,2907 778,2847"/>
                    <TextEquiv>
                        <Unicode>müssen,</Unicode>
                    </TextEquiv>
                </Word>
                <Word id="r_10_tl_53_w5" custom="readingOrder {index:4;}">
                    <Coords points="806,2850 806,2910 837,2910 837,2850"/>
                    <TextEquiv>
                        <Unicode>um</Unicode>
                    </TextEquiv>
                </Word>
                <Word id="r_10_tl_53_w6" custom="readingOrder {index:5;}">
                    <Coords points="881,2855 881,2915 973,2915 973,2855"/>
                    <TextEquiv>
                        <Unicode>beyde</Unicode>
                    </TextEquiv>
                </Word>
                <Word id="r_10_tl_53_w7" custom="readingOrder {index:6;}">
                    <Coords points="996,2852 996,2912 1158,2912 1158,2852"/>
                    <TextEquiv>
                        <Unicode>wiederum</Unicode>
                    </TextEquiv>
                </Word>
                <Word id="r_10_tl_53_w8" custom="readingOrder {index:7;}">
                    <Coords points="1197,2849 1197,2909 1228,2909 1228,2849"/>
                    <TextEquiv>
                        <Unicode>zu</Unicode>
                    </TextEquiv>
                </Word>
                <TextEquiv>
                    <Unicode>und Zukunft theilen müssen, um beyde wiederum zu</Unicode>
                </TextEquiv>
            </TextLine>
            <TextLine id="r_10_tl_54" custom="readingOrder {index:53;}">
                <Coords points="1152,2954 1161,2956 1178,2949 1192,2953 1200,2945 1211,2951 1242,2946 1244,2900 1231,2905 1218,2902 1209,2910 1186,2900 1168,2902 1164,2906 1155,2904"/>
                <Baseline points="1161,2940 1200,2940 1244,2937"/>
                <Word id="r_10_tl_54_w1" custom="readingOrder {index:0;}">
                    <Coords points="1159,2900 1159,2960 1229,2960 1229,2900"/>
                    <TextEquiv>
                        <Unicode>An¬</Unicode>
                    </TextEquiv>
                </Word>
                <TextEquiv>
                    <Unicode>An¬</Unicode>
                </TextEquiv>
            </TextLine>
            <TextLine id="r_10_tl_55" custom="readingOrder {index:54;}">
                <Coords points="219,2953 1010,2951 1010,2919 878,2896 219,2906"/>
                <Baseline points="226,2940 271,2940 316,2940 361,2937 406,2937 450,2937 495,2937 540,2937 585,2940 629,2937 674,2940 719,2940 764,2940 809,2943 853,2940 898,2943 943,2943 988,2943 1012,2943"/>
                <Word id="r_10_tl_55_w1" custom="readingOrder {index:0;}">
                    <Coords points="225,2900 225,2960 332,2960 332,2900"/>
                    <TextEquiv>
                        <Unicode>unserm</Unicode>
                    </TextEquiv>
                </Word>
                <Word id="r_10_tl_55_w2" custom="readingOrder {index:1;}">
                    <Coords points="382,2897 382,2957 543,2957 543,2897"/>
                    <TextEquiv>
                        <Unicode>Vortheil</Unicode>
                    </TextEquiv>
                </Word>
                <Word id="r_10_tl_55_w3" custom="readingOrder {index:2;}">
                    <Coords points="565,2898 565,2958 748,2958 748,2898"/>
                    <TextEquiv>
                        <Unicode>vereinigen</Unicode>
                    </TextEquiv>
                </Word>
                <Word id="r_10_tl_55_w4" custom="readingOrder {index:3;}">
                    <Coords points="787,2902 787,2962 813,2962 813,2902"/>
                    <TextEquiv>
                        <Unicode>zu</Unicode>
                    </TextEquiv>
                </Word>
                <Word id="r_10_tl_55_w5" custom="readingOrder {index:4;}">
                    <Coords points="846,2903 846,2963 970,2963 970,2903"/>
                    <TextEquiv>
                        <Unicode>können</Unicode>
                    </TextEquiv>
                </Word>
                <TextEquiv>
                    <Unicode>unserm Vortheil vereinigen zu können</Unicode>
                </TextEquiv>
            </TextLine>
            <TextLine id="r_10_tl_56" custom="readingOrder {index:55;}">
                <Coords points="213,3023 1242,3000 1242,2956 1150,2947 213,2965"/>
                <Baseline points="220,2997 259,2994 304,2991 349,2991 394,2988 438,2991 483,2988 528,2991 573,2991 618,2991 662,2994 707,2991 752,2994 797,2994 841,2997 886,2997 931,3000 976,2997 1021,2997 1065,2994 1110,2994 1155,2994 1200,2991 1244,2991"/>
                <Word id="r_10_tl_56_w1" custom="readingOrder {index:0;}">
                    <Coords points="221,2951 221,3011 461,3011 461,2951"/>
                    <TextEquiv>
                        <Unicode>gelegenheiten</Unicode>
                    </TextEquiv>
                </Word>
                <Word id="r_10_tl_56_w2" custom="readingOrder {index:1;}">
                    <Coords points="504,2951 504,3011 660,3011 660,2951"/>
                    <TextEquiv>
                        <Unicode>einzelner</Unicode>
                    </TextEquiv>
                </Word>
                <Word id="r_10_tl_56_w3" custom="readingOrder {index:2;}">
                    <Coords points="690,2954 690,3014 889,3014 889,2954"/>
                    <TextEquiv>
                        <Unicode>Personen,</Unicode>
                    </TextEquiv>
                </Word>
                <Word id="r_10_tl_56_w4" custom="readingOrder {index:3;}">
                    <Coords points="913,2959 913,3019 961,3019 961,2959"/>
                    <TextEquiv>
                        <Unicode>die</Unicode>
                    </TextEquiv>
                </Word>
                <Word id="r_10_tl_56_w5" custom="readingOrder {index:4;}">
                    <Coords points="992,2954 992,3014 1154,3014 1154,2954"/>
                    <TextEquiv>
                        <Unicode>höchstens</Unicode>
                    </TextEquiv>
                </Word>
                <Word id="r_10_tl_56_w6" custom="readingOrder {index:5;}">
                    <Coords points="1191,2951 1191,3011 1220,3011 1220,2951"/>
                    <TextEquiv>
                        <Unicode>in</Unicode>
                    </TextEquiv>
                </Word>
                <TextEquiv>
                    <Unicode>gelegenheiten einzelner Personen, die höchstens in</Unicode>
                </TextEquiv>
            </TextLine>
            <TextEquiv>
                <Unicode></Unicode>
            </TextEquiv>
        </TextRegion>
        <TextRegion id="r_22" custom="readingOrder {index:1;}">
            <Coords points="1256,381 2310,381 2310,1288 1256,1288"/>
            <TextLine id="r_22_tl_1" custom="readingOrder {index:0;}">
                <Coords points="1264,445 2288,441 2271,394 2144,379 1264,392"/>
                <Baseline points="1271,426 1316,423 1361,423 1406,423 1450,423 1495,423 1540,426 1585,423 1630,423 1674,423 1719,426 1764,423 1809,426 1854,426 1898,429 1943,429 1988,429 2033,429 2077,429 2122,426 2167,426 2212,426 2257,426 2289,429"/>
                <Word id="r_22_tl_1_w1" custom="readingOrder {index:0;}">
                    <Coords points="1270,383 1270,443 1414,443 1414,383"/>
                    <TextEquiv>
                        <Unicode>gewissen</Unicode>
                    </TextEquiv>
                </Word>
                <Word id="r_22_tl_1_w2" custom="readingOrder {index:1;}">
                    <Coords points="1442,383 1442,443 1558,443 1558,383"/>
                    <TextEquiv>
                        <Unicode>kleinen</Unicode>
                    </TextEquiv>
                </Word>
                <Word id="r_22_tl_1_w3" custom="readingOrder {index:2;}">
                    <Coords points="1592,383 1592,443 1713,443 1713,383"/>
                    <TextEquiv>
                        <Unicode>Zirkeln</Unicode>
                    </TextEquiv>
                </Word>
                <Word id="r_22_tl_1_w4" custom="readingOrder {index:3;}">
                    <Coords points="1747,386 1747,446 1935,446 1935,386"/>
                    <TextEquiv>
                        <Unicode>interessant</Unicode>
                    </TextEquiv>
                </Word>
                <Word id="r_22_tl_1_w5" custom="readingOrder {index:4;}">
                    <Coords points="1959,389 1959,449 2047,449 2047,389"/>
                    <TextEquiv>
                        <Unicode>sind,</Unicode>
                    </TextEquiv>
                </Word>
                <Word id="r_22_tl_1_w6" custom="readingOrder {index:5;}">
                    <Coords points="2075,386 2075,446 2191,446 2191,386"/>
                    <TextEquiv>
                        <Unicode>können</Unicode>
                    </TextEquiv>
                </Word>
                <Word id="r_22_tl_1_w7" custom="readingOrder {index:6;}">
                    <Coords points="2225,386 2225,446 2279,446 2279,386"/>
                    <TextEquiv>
                        <Unicode>wir</Unicode>
                    </TextEquiv>
                </Word>
                <TextEquiv>
                    <Unicode>gewissen kleinen Zirkeln interessant sind, können wir</Unicode>
                </TextEquiv>
            </TextLine>
            <TextLine id="r_22_tl_2" custom="readingOrder {index:1;}">
                <Coords points="1273,490 2284,497 2284,443 2208,437 1273,441"/>
                <Baseline points="1280,477 1325,474 1370,474 1415,474 1459,474 1504,474 1549,474 1594,474 1639,474 1683,474 1728,474 1773,474 1818,474 1862,474 1907,474 1952,480 1997,477 2042,480 2086,480 2131,480 2176,477 2221,477 2266,480 2286,480"/>
                <Word id="r_22_tl_2_w1" custom="readingOrder {index:0;}">
                    <Coords points="1268,434 1268,494 1394,494 1394,434"/>
                    <TextEquiv>
                        <Unicode>freylich</Unicode>
                    </TextEquiv>
                </Word>
                <Word id="r_22_tl_2_w2" custom="readingOrder {index:1;}">
                    <Coords points="1454,434 1454,494 1543,494 1543,434"/>
                    <TextEquiv>
                        <Unicode>einem</Unicode>
                    </TextEquiv>
                </Word>
                <Word id="r_22_tl_2_w3" custom="readingOrder {index:2;}">
                    <Coords points="1608,434 1608,494 1697,494 1697,434"/>
                    <TextEquiv>
                        <Unicode>jeden</Unicode>
                    </TextEquiv>
                </Word>
                <Word id="r_22_tl_2_w4" custom="readingOrder {index:3;}">
                    <Coords points="1751,434 1751,494 1878,494 1878,434"/>
                    <TextEquiv>
                        <Unicode>unserer</Unicode>
                    </TextEquiv>
                </Word>
                <Word id="r_22_tl_2_w5" custom="readingOrder {index:4;}">
                    <Coords points="1932,438 1932,498 2022,498 2022,438"/>
                    <TextEquiv>
                        <Unicode>Leser</Unicode>
                    </TextEquiv>
                </Word>
                <Word id="r_22_tl_2_w6" custom="readingOrder {index:5;}">
                    <Coords points="2070,437 2070,497 2282,497 2282,437"/>
                    <TextEquiv>
                        <Unicode>überlaßen;</Unicode>
                    </TextEquiv>
                </Word>
                <TextEquiv>
                    <Unicode>freylich einem jeden unserer Leser überlaßen;</Unicode>
                </TextEquiv>
            </TextLine>
            <TextLine id="r_22_tl_3" custom="readingOrder {index:2;}">
                <Coords points="1267,535 2291,535 2248,486 2049,513 1918,479 1267,487"/>
                <Baseline points="1274,522 1319,525 1364,525 1409,522 1453,522 1498,525 1543,525 1588,522 1633,522 1677,522 1722,525 1767,525 1812,522 1857,522 1901,522 1946,525 1991,525 2036,528 2080,528 2125,531 2170,531 2215,525 2260,528 2295,528"/>
                <Word id="r_22_tl_3_w1" custom="readingOrder {index:0;}">
                    <Coords points="1262,485 1262,545 1420,545 1420,485"/>
                    <TextEquiv>
                        <Unicode>vielleicht</Unicode>
                    </TextEquiv>
                </Word>
                <Word id="r_22_tl_3_w2" custom="readingOrder {index:1;}">
                    <Coords points="1459,484 1459,544 1534,544 1534,484"/>
                    <TextEquiv>
                        <Unicode>aber</Unicode>
                    </TextEquiv>
                </Word>
                <Word id="r_22_tl_3_w3" custom="readingOrder {index:2;}">
                    <Coords points="1573,482 1573,542 1660,542 1660,482"/>
                    <TextEquiv>
                        <Unicode>wäre</Unicode>
                    </TextEquiv>
                </Word>
                <Word id="r_22_tl_3_w4" custom="readingOrder {index:3;}">
                    <Coords points="1693,484 1693,544 1726,544 1726,484"/>
                    <TextEquiv>
                        <Unicode>es</Unicode>
                    </TextEquiv>
                </Word>
                <Word id="r_22_tl_3_w5" custom="readingOrder {index:4;}">
                    <Coords points="1765,482 1765,542 1873,542 1873,482"/>
                    <TextEquiv>
                        <Unicode>unsere</Unicode>
                    </TextEquiv>
                </Word>
                <Word id="r_22_tl_3_w6" custom="readingOrder {index:5;}">
                    <Coords points="1901,485 1901,545 2053,545 2053,485"/>
                    <TextEquiv>
                        <Unicode>Pflicht,</Unicode>
                    </TextEquiv>
                </Word>
                <Word id="r_22_tl_3_w7" custom="readingOrder {index:6;}">
                    <Coords points="2087,491 2087,551 2201,551 2201,491"/>
                    <TextEquiv>
                        <Unicode>unsern</Unicode>
                    </TextEquiv>
                </Word>
                <Word id="r_22_tl_3_w8" custom="readingOrder {index:7;}">
                    <Coords points="2234,488 2234,548 2288,548 2288,488"/>
                    <TextEquiv>
                        <Unicode>Le¬</Unicode>
                    </TextEquiv>
                </Word>
                <TextEquiv>
                    <Unicode>vielleicht aber wäre es unsere Pflicht, unsern Le¬</Unicode>
                </TextEquiv>
            </TextLine>
            <TextLine id="r_22_tl_4" custom="readingOrder {index:3;}">
                <Coords points="1278,590 2289,589 2289,536 2193,562 1278,534"/>
                <Baseline points="1286,573 1331,573 1376,573 1421,576 1465,573 1510,576 1555,573 1600,573 1645,573 1689,573 1734,573 1779,573 1824,573 1868,573 1913,570 1958,573 2003,576 2048,576 2092,576 2137,579 2182,579 2227,579 2271,579 2292,579"/>
                <Word id="r_22_tl_4_w1" custom="readingOrder {index:0;}">
                    <Coords points="1273,533 1273,593 1332,593 1332,533"/>
                    <TextEquiv>
                        <Unicode>sern</Unicode>
                    </TextEquiv>
                </Word>
                <Word id="r_22_tl_4_w2" custom="readingOrder {index:1;}">
                    <Coords points="1363,533 1363,593 1413,593 1413,533"/>
                    <TextEquiv>
                        <Unicode>den</Unicode>
                    </TextEquiv>
                </Word>
                <Word id="r_22_tl_4_w3" custom="readingOrder {index:2;}">
                    <Coords points="1444,533 1444,593 1509,593 1509,533"/>
                    <TextEquiv>
                        <Unicode>Ton</Unicode>
                    </TextEquiv>
                </Word>
                <Word id="r_22_tl_4_w4" custom="readingOrder {index:3;}">
                    <Coords points="1540,533 1540,593 1570,593 1570,533"/>
                    <TextEquiv>
                        <Unicode>zu</Unicode>
                    </TextEquiv>
                </Word>
                <Word id="r_22_tl_4_w5" custom="readingOrder {index:4;}">
                    <Coords points="1601,533 1601,593 1651,593 1651,533"/>
                    <TextEquiv>
                        <Unicode>den</Unicode>
                    </TextEquiv>
                </Word>
                <Word id="r_22_tl_4_w6" custom="readingOrder {index:5;}">
                    <Coords points="1682,533 1682,593 1944,593 1944,533"/>
                    <TextEquiv>
                        <Unicode>Betrachtungen</Unicode>
                    </TextEquiv>
                </Word>
                <Word id="r_22_tl_4_w7" custom="readingOrder {index:6;}">
                    <Coords points="1980,536 1980,596 2196,596 2196,536"/>
                    <TextEquiv>
                        <Unicode>anzugeben,</Unicode>
                    </TextEquiv>
                </Word>
                <Word id="r_22_tl_4_w8" custom="readingOrder {index:7;}">
                    <Coords points="2222,539 2222,599 2287,599 2287,539"/>
                    <TextEquiv>
                        <Unicode>wo¬</Unicode>
                    </TextEquiv>
                </Word>
                <TextEquiv>
                    <Unicode>sern den Ton zu den Betrachtungen anzugeben, wo¬</Unicode>
                </TextEquiv>
            </TextLine>
            <TextLine id="r_22_tl_5" custom="readingOrder {index:4;}">
                <Coords points="1269,639 2289,648 2289,602 2227,590 1269,593"/>
                <Baseline points="1277,623 1322,620 1367,620 1412,623 1456,623 1501,626 1546,626 1591,623 1636,623 1680,623 1725,623 1770,623 1815,623 1859,623 1904,620 1949,620 1994,620 2039,620 2083,623 2128,620 2173,626 2218,629 2263,629 2292,626"/>
                <Word id="r_22_tl_5_w1" custom="readingOrder {index:0;}">
                    <Coords points="1269,582 1269,642 1301,642 1301,582"/>
                    <TextEquiv>
                        <Unicode>zu</Unicode>
                    </TextEquiv>
                </Word>
                <Word id="r_22_tl_5_w2" custom="readingOrder {index:1;}">
                    <Coords points="1345,582 1345,642 1474,642 1474,582"/>
                    <TextEquiv>
                        <Unicode>gewisse</Unicode>
                    </TextEquiv>
                </Word>
                <Word id="r_22_tl_5_w3" custom="readingOrder {index:2;}">
                    <Coords points="1513,583 1513,643 1701,643 1701,583"/>
                    <TextEquiv>
                        <Unicode>allgemeine</Unicode>
                    </TextEquiv>
                </Word>
                <Word id="r_22_tl_5_w4" custom="readingOrder {index:3;}">
                    <Coords points="1740,582 1740,642 2005,642 2005,582"/>
                    <TextEquiv>
                        <Unicode>Begebenheiten</Unicode>
                    </TextEquiv>
                </Word>
                <Word id="r_22_tl_5_w5" custom="readingOrder {index:4;}">
                    <Coords points="2049,582 2049,642 2097,642 2097,582"/>
                    <TextEquiv>
                        <Unicode>des</Unicode>
                    </TextEquiv>
                </Word>
                <Word id="r_22_tl_5_w6" custom="readingOrder {index:5;}">
                    <Coords points="2141,588 2141,648 2276,648 2276,588"/>
                    <TextEquiv>
                        <Unicode>vorigen</Unicode>
                    </TextEquiv>
                </Word>
                <TextEquiv>
                    <Unicode>zu gewisse allgemeine Begebenheiten des vorigen</Unicode>
                </TextEquiv>
            </TextLine>
            <TextLine id="r_22_tl_6" custom="readingOrder {index:5;}">
                <Coords points="1280,684 2284,691 2272,644 2070,629 1280,635"/>
                <Baseline points="1287,667 1334,668 1379,671 1424,671 1468,674 1513,674 1558,674 1603,674 1648,674 1692,674 1737,674 1782,674 1827,674 1871,674 1916,671 1961,671 2006,668 2051,668 2095,668 2140,671 2185,674 2230,677 2274,677 2286,677"/>
                <Word id="r_22_tl_6_w1" custom="readingOrder {index:0;}">
                    <Coords points="1275,628 1275,688 1404,688 1404,628"/>
                    <TextEquiv>
                        <Unicode>Jahres</Unicode>
                    </TextEquiv>
                </Word>
                <Word id="r_22_tl_6_w2" custom="readingOrder {index:1;}">
                    <Coords points="1432,633 1432,693 1496,693 1496,633"/>
                    <TextEquiv>
                        <Unicode>uns</Unicode>
                    </TextEquiv>
                </Word>
                <Word id="r_22_tl_6_w3" custom="readingOrder {index:2;}">
                    <Coords points="1523,634 1523,694 1556,694 1556,634"/>
                    <TextEquiv>
                        <Unicode>zu</Unicode>
                    </TextEquiv>
                </Word>
                <Word id="r_22_tl_6_w4" custom="readingOrder {index:3;}">
                    <Coords points="1589,634 1589,694 1761,694 1761,634"/>
                    <TextEquiv>
                        <Unicode>verbinden</Unicode>
                    </TextEquiv>
                </Word>
                <Word id="r_22_tl_6_w5" custom="readingOrder {index:4;}">
                    <Coords points="1795,633 1795,693 1962,693 1962,633"/>
                    <TextEquiv>
                        <Unicode>scheinen?</Unicode>
                    </TextEquiv>
                </Word>
                <Word id="r_22_tl_6_w6" custom="readingOrder {index:5;}">
                    <Coords points="2006,628 2006,688 2087,688 2087,628"/>
                    <TextEquiv>
                        <Unicode>Wir</Unicode>
                    </TextEquiv>
                </Word>
                <Word id="r_22_tl_6_w7" custom="readingOrder {index:6;}">
                    <Coords points="2115,634 2115,694 2276,694 2276,634"/>
                    <TextEquiv>
                        <Unicode>enthalten</Unicode>
                    </TextEquiv>
                </Word>
                <TextEquiv>
                    <Unicode>Jahres uns zu verbinden scheinen? Wir enthalten</Unicode>
                </TextEquiv>
            </TextLine>
            <TextLine id="r_22_tl_7" custom="readingOrder {index:6;}">
                <Coords points="1269,732 2295,737 2295,693 2156,683 1269,687"/>
                <Baseline points="1277,716 1322,719 1367,719 1412,722 1456,719 1501,722 1546,722 1591,722 1636,725 1680,722 1725,722 1770,722 1815,722 1859,719 1904,722 1949,722 1994,722 2039,719 2083,722 2128,722 2173,722 2218,725 2263,725 2298,725"/>
                <Word id="r_22_tl_7_w1" custom="readingOrder {index:0;}">
                    <Coords points="1274,677 1274,737 1332,737 1332,677"/>
                    <TextEquiv>
                        <Unicode>uns</Unicode>
                    </TextEquiv>
                </Word>
                <Word id="r_22_tl_7_w2" custom="readingOrder {index:1;}">
                    <Coords points="1364,681 1364,741 1437,741 1437,681"/>
                    <TextEquiv>
                        <Unicode>aber</Unicode>
                    </TextEquiv>
                </Word>
                <Word id="r_22_tl_7_w3" custom="readingOrder {index:2;}">
                    <Coords points="1459,682 1459,742 1712,742 1712,682"/>
                    <TextEquiv>
                        <Unicode>wohlbedächtig</Unicode>
                    </TextEquiv>
                </Word>
                <Word id="r_22_tl_7_w4" custom="readingOrder {index:3;}">
                    <Coords points="1739,682 1739,742 1807,742 1807,682"/>
                    <TextEquiv>
                        <Unicode>eine</Unicode>
                    </TextEquiv>
                </Word>
                <Word id="r_22_tl_7_w5" custom="readingOrder {index:4;}">
                    <Coords points="1829,681 1829,741 1960,741 1960,681"/>
                    <TextEquiv>
                        <Unicode>Wunde</Unicode>
                    </TextEquiv>
                </Word>
                <Word id="r_22_tl_7_w6" custom="readingOrder {index:5;}">
                    <Coords points="1992,682 1992,742 2224,742 2224,682"/>
                    <TextEquiv>
                        <Unicode>aufzureißen,</Unicode>
                    </TextEquiv>
                </Word>
                <Word id="r_22_tl_7_w7" custom="readingOrder {index:6;}">
                    <Coords points="2251,685 2251,745 2277,745 2277,685"/>
                    <TextEquiv>
                        <Unicode>so</Unicode>
                    </TextEquiv>
                </Word>
                <TextEquiv>
                    <Unicode>uns aber wohlbedächtig eine Wunde aufzureißen, so</Unicode>
                </TextEquiv>
            </TextLine>
            <TextLine id="r_22_tl_8" custom="readingOrder {index:7;}">
                <Coords points="1273,785 2290,789 2290,732 1273,731"/>
                <Baseline points="1280,767 1325,767 1370,770 1415,770 1459,770 1504,767 1549,770 1594,773 1639,773 1683,773 1728,773 1773,773 1818,773 1862,770 1907,770 1952,770 1997,770 2042,770 2086,770 2131,770 2176,770 2221,770 2266,770 2292,770"/>
                <Word id="r_22_tl_8_w1" custom="readingOrder {index:0;}">
                    <Coords points="1273,727 1273,787 1321,787 1321,727"/>
                    <TextEquiv>
                        <Unicode>die</Unicode>
                    </TextEquiv>
                </Word>
                <Word id="r_22_tl_8_w2" custom="readingOrder {index:1;}">
                    <Coords points="1344,730 1344,790 1522,790 1522,730"/>
                    <TextEquiv>
                        <Unicode>huldreiche</Unicode>
                    </TextEquiv>
                </Word>
                <Word id="r_22_tl_8_w3" custom="readingOrder {index:2;}">
                    <Coords points="1544,733 1544,793 1734,793 1734,733"/>
                    <TextEquiv>
                        <Unicode>Gesinnung</Unicode>
                    </TextEquiv>
                </Word>
                <Word id="r_22_tl_8_w4" custom="readingOrder {index:3;}">
                    <Coords points="1761,732 1761,792 1886,792 1886,732"/>
                    <TextEquiv>
                        <Unicode>unseres</Unicode>
                    </TextEquiv>
                </Word>
                <Word id="r_22_tl_8_w5" custom="readingOrder {index:4;}">
                    <Coords points="1913,730 1913,790 2119,790 2119,730"/>
                    <TextEquiv>
                        <Unicode>Monarchen</Unicode>
                    </TextEquiv>
                </Word>
                <Word id="r_22_tl_8_w6" custom="readingOrder {index:5;}">
                    <Coords points="2147,730 2147,790 2174,790 2174,730"/>
                    <TextEquiv>
                        <Unicode>so</Unicode>
                    </TextEquiv>
                </Word>
                <Word id="r_22_tl_8_w7" custom="readingOrder {index:6;}">
                    <Coords points="2196,730 2196,790 2287,790 2287,730"/>
                    <TextEquiv>
                        <Unicode>groß¬</Unicode>
                    </TextEquiv>
                </Word>
                <TextEquiv>
                    <Unicode>die huldreiche Gesinnung unseres Monarchen so groß¬</Unicode>
                </TextEquiv>
            </TextLine>
            <TextLine id="r_22_tl_9" custom="readingOrder {index:8;}">
                <Coords points="1264,830 2289,830 2289,789 2169,780 1264,793"/>
                <Baseline points="1271,812 1316,818 1361,818 1406,818 1450,818 1495,818 1540,818 1585,821 1630,821 1674,824 1719,824 1764,824 1809,824 1854,824 1898,824 1943,821 1988,821 2033,821 2077,821 2122,821 2167,821 2212,821 2257,821 2292,821"/>
                <Word id="r_22_tl_9_w1" custom="readingOrder {index:0;}">
                    <Coords points="1269,778 1269,838 1395,838 1395,778"/>
                    <TextEquiv>
                        <Unicode>müthig</Unicode>
                    </TextEquiv>
                </Word>
                <Word id="r_22_tl_9_w2" custom="readingOrder {index:1;}">
                    <Coords points="1422,778 1422,838 1606,838 1606,778"/>
                    <TextEquiv>
                        <Unicode>verbindet,</Unicode>
                    </TextEquiv>
                </Word>
                <Word id="r_22_tl_9_w3" custom="readingOrder {index:2;}">
                    <Coords points="1633,784 1633,844 1764,844 1764,784"/>
                    <TextEquiv>
                        <Unicode>nachdem</Unicode>
                    </TextEquiv>
                </Word>
                <Word id="r_22_tl_9_w4" custom="readingOrder {index:3;}">
                    <Coords points="1808,784 1808,844 1854,844 1854,784"/>
                    <TextEquiv>
                        <Unicode>der</Unicode>
                    </TextEquiv>
                </Word>
                <Word id="r_22_tl_9_w5" custom="readingOrder {index:4;}">
                    <Coords points="1881,781 1881,841 2123,841 2123,781"/>
                    <TextEquiv>
                        <Unicode>preiswürdige</Unicode>
                    </TextEquiv>
                </Word>
                <Word id="r_22_tl_9_w6" custom="readingOrder {index:5;}">
                    <Coords points="2145,781 2145,841 2281,841 2281,781"/>
                    <TextEquiv>
                        <Unicode>Patriot</Unicode>
                    </TextEquiv>
                </Word>
                <TextEquiv>
                    <Unicode>müthig verbindet, nachdem der preiswürdige Patriot</Unicode>
                </TextEquiv>
            </TextLine>
            <TextLine id="r_22_tl_10" custom="readingOrder {index:9;}">
                <Coords points="1273,874 2259,889 2285,829 1272,839"/>
                <Baseline points="1280,862 1325,865 1370,865 1415,865 1459,865 1504,865 1549,868 1594,868 1639,871 1683,871 1728,874 1773,871 1818,874 1862,874 1907,871 1952,871 1997,871 2042,874 2086,871 2131,871 2176,871 2221,871 2266,871 2289,871"/>
                <Word id="r_22_tl_10_w1" custom="readingOrder {index:0;}">
                    <Coords points="1272,825 1272,885 1407,885 1407,825"/>
                    <TextEquiv>
                        <Unicode>vorhero</Unicode>
                    </TextEquiv>
                </Word>
                <Word id="r_22_tl_10_w2" custom="readingOrder {index:1;}">
                    <Coords points="1429,825 1429,885 1493,885 1493,825"/>
                    <TextEquiv>
                        <Unicode>Oel</Unicode>
                    </TextEquiv>
                </Word>
                <Word id="r_22_tl_10_w3" custom="readingOrder {index:2;}">
                    <Coords points="1516,827 1516,887 1575,887 1575,827"/>
                    <TextEquiv>
                        <Unicode>und</Unicode>
                    </TextEquiv>
                </Word>
                <Word id="r_22_tl_10_w4" custom="readingOrder {index:3;}">
                    <Coords points="1602,831 1602,891 1694,891 1694,831"/>
                    <TextEquiv>
                        <Unicode>Wein</Unicode>
                    </TextEquiv>
                </Word>
                <Word id="r_22_tl_10_w5" custom="readingOrder {index:4;}">
                    <Coords points="1727,831 1727,891 1813,891 1813,831"/>
                    <TextEquiv>
                        <Unicode>darin</Unicode>
                    </TextEquiv>
                </Word>
                <Word id="r_22_tl_10_w6" custom="readingOrder {index:5;}">
                    <Coords points="1840,831 1840,891 1980,891 1980,831"/>
                    <TextEquiv>
                        <Unicode>gegossen</Unicode>
                    </TextEquiv>
                </Word>
                <Word id="r_22_tl_10_w7" custom="readingOrder {index:6;}">
                    <Coords points="2008,833 2008,893 2083,893 2083,833"/>
                    <TextEquiv>
                        <Unicode>hat.</Unicode>
                    </TextEquiv>
                </Word>
                <Word id="r_22_tl_10_w8" custom="readingOrder {index:7;}">
                    <Coords points="2105,831 2105,891 2153,891 2153,831"/>
                    <TextEquiv>
                        <Unicode>Es</Unicode>
                    </TextEquiv>
                </Word>
                <Word id="r_22_tl_10_w9" custom="readingOrder {index:8;}">
                    <Coords points="2181,831 2181,891 2283,891 2283,831"/>
                    <TextEquiv>
                        <Unicode>bleibt</Unicode>
                    </TextEquiv>
                </Word>
                <TextEquiv>
                    <Unicode>vorhero Oel und Wein darin gegossen hat. Es bleibt</Unicode>
                </TextEquiv>
            </TextLine>
            <TextLine id="r_22_tl_11" custom="readingOrder {index:10;}">
                <Coords points="1273,928 2267,937 2297,883 1272,875"/>
                <Baseline points="1280,913 1325,913 1370,916 1415,916 1459,913 1504,916 1549,916 1594,916 1639,916 1683,919 1728,919 1773,919 1818,919 1862,922 1907,922 1952,922 1997,922 2042,925 2086,922 2131,922 2176,919 2221,919 2266,922 2298,925"/>
                <Word id="r_22_tl_11_w1" custom="readingOrder {index:0;}">
                    <Coords points="1272,873 1272,933 1335,933 1335,873"/>
                    <TextEquiv>
                        <Unicode>uns</Unicode>
                    </TextEquiv>
                </Word>
                <Word id="r_22_tl_11_w2" custom="readingOrder {index:1;}">
                    <Coords points="1362,876 1362,936 1462,936 1462,876"/>
                    <TextEquiv>
                        <Unicode>nichts</Unicode>
                    </TextEquiv>
                </Word>
                <Word id="r_22_tl_11_w3" custom="readingOrder {index:2;}">
                    <Coords points="1490,876 1490,936 1537,936 1537,876"/>
                    <TextEquiv>
                        <Unicode>als</Unicode>
                    </TextEquiv>
                </Word>
                <Word id="r_22_tl_11_w4" custom="readingOrder {index:3;}">
                    <Coords points="1564,876 1564,936 1611,936 1611,876"/>
                    <TextEquiv>
                        <Unicode>der</Unicode>
                    </TextEquiv>
                </Word>
                <Word id="r_22_tl_11_w5" custom="readingOrder {index:4;}">
                    <Coords points="1643,879 1643,939 1775,939 1775,879"/>
                    <TextEquiv>
                        <Unicode>redliche</Unicode>
                    </TextEquiv>
                </Word>
                <Word id="r_22_tl_11_w6" custom="readingOrder {index:5;}">
                    <Coords points="1797,882 1797,942 1935,942 1935,882"/>
                    <TextEquiv>
                        <Unicode>Wunsch</Unicode>
                    </TextEquiv>
                </Word>
                <Word id="r_22_tl_11_w7" custom="readingOrder {index:6;}">
                    <Coords points="1967,884 1967,944 2094,944 2094,884"/>
                    <TextEquiv>
                        <Unicode>übrig,</Unicode>
                    </TextEquiv>
                </Word>
                <Word id="r_22_tl_11_w8" custom="readingOrder {index:7;}">
                    <Coords points="2121,880 2121,940 2173,940 2173,880"/>
                    <TextEquiv>
                        <Unicode>daß</Unicode>
                    </TextEquiv>
                </Word>
                <Word id="r_22_tl_11_w9" custom="readingOrder {index:8;}">
                    <Coords points="2211,880 2211,940 2290,940 2290,880"/>
                    <TextEquiv>
                        <Unicode>weil</Unicode>
                    </TextEquiv>
                </Word>
                <TextEquiv>
                    <Unicode>uns nichts als der redliche Wunsch übrig, daß weil</Unicode>
                </TextEquiv>
            </TextLine>
            <TextLine id="r_22_tl_12" custom="readingOrder {index:11;}">
                <Coords points="1269,969 2208,992 2295,981 2294,929 1268,925"/>
                <Baseline points="1277,961 1322,961 1367,964 1412,964 1456,964 1501,964 1546,964 1591,964 1636,967 1680,967 1725,967 1770,967 1815,970 1859,970 1904,973 1949,970 1994,973 2039,973 2083,973 2128,970 2173,973 2218,973 2263,973 2298,973"/>
                <Word id="r_22_tl_12_w1" custom="readingOrder {index:0;}">
                    <Coords points="1274,921 1274,981 1327,981 1327,921"/>
                    <TextEquiv>
                        <Unicode>das</Unicode>
                    </TextEquiv>
                </Word>
                <Word id="r_22_tl_12_w2" custom="readingOrder {index:1;}">
                    <Coords points="1355,924 1355,984 1468,984 1468,924"/>
                    <TextEquiv>
                        <Unicode>vorige</Unicode>
                    </TextEquiv>
                </Word>
                <Word id="r_22_tl_12_w3" custom="readingOrder {index:2;}">
                    <Coords points="1485,924 1485,984 1571,984 1571,924"/>
                    <TextEquiv>
                        <Unicode>Jahr</Unicode>
                    </TextEquiv>
                </Word>
                <Word id="r_22_tl_12_w4" custom="readingOrder {index:3;}">
                    <Coords points="1599,927 1599,987 1685,987 1685,927"/>
                    <TextEquiv>
                        <Unicode>durch</Unicode>
                    </TextEquiv>
                </Word>
                <Word id="r_22_tl_12_w5" custom="readingOrder {index:4;}">
                    <Coords points="1713,927 1713,987 1755,987 1755,927"/>
                    <TextEquiv>
                        <Unicode>ein</Unicode>
                    </TextEquiv>
                </Word>
                <Word id="r_22_tl_12_w6" custom="readingOrder {index:5;}">
                    <Coords points="1784,928 1784,988 1805,988 1805,928"/>
                    <TextEquiv>
                        <Unicode>so</Unicode>
                    </TextEquiv>
                </Word>
                <Word id="r_22_tl_12_w7" custom="readingOrder {index:6;}">
                    <Coords points="1832,931 1832,991 2119,991 2119,931"/>
                    <TextEquiv>
                        <Unicode>ungewöhnliches</Unicode>
                    </TextEquiv>
                </Word>
                <Word id="r_22_tl_12_w8" custom="readingOrder {index:7;}">
                    <Coords points="2147,933 2147,993 2287,993 2287,933"/>
                    <TextEquiv>
                        <Unicode>Unglück</Unicode>
                    </TextEquiv>
                </Word>
                <TextEquiv>
                    <Unicode>das vorige Jahr durch ein so ungewöhnliches Unglück</Unicode>
                </TextEquiv>
            </TextLine>
            <TextLine id="r_22_tl_13" custom="readingOrder {index:12;}">
                <Coords points="1269,1019 2244,1043 2289,1028 2288,987 1268,981"/>
                <Baseline points="1277,1009 1322,1009 1367,1012 1412,1012 1456,1012 1501,1012 1546,1012 1591,1015 1636,1015 1680,1015 1725,1015 1770,1018 1815,1018 1859,1021 1904,1021 1949,1021 1994,1021 2039,1024 2083,1021 2128,1021 2173,1021 2218,1024 2263,1024 2292,1018"/>
                <Word id="r_22_tl_13_w1" custom="readingOrder {index:0;}">
                    <Coords points="1263,970 1263,1030 1439,1030 1439,970"/>
                    <TextEquiv>
                        <Unicode>bezeichnet</Unicode>
                    </TextEquiv>
                </Word>
                <Word id="r_22_tl_13_w2" custom="readingOrder {index:1;}">
                    <Coords points="1460,972 1460,1032 1611,1032 1611,972"/>
                    <TextEquiv>
                        <Unicode>worden,</Unicode>
                    </TextEquiv>
                </Word>
                <Word id="r_22_tl_13_w3" custom="readingOrder {index:2;}">
                    <Coords points="1637,975 1637,1035 1694,1035 1694,975"/>
                    <TextEquiv>
                        <Unicode>das</Unicode>
                    </TextEquiv>
                </Word>
                <Word id="r_22_tl_13_w4" custom="readingOrder {index:3;}">
                    <Coords points="1720,978 1720,1038 1871,1038 1871,978"/>
                    <TextEquiv>
                        <Unicode>folgende</Unicode>
                    </TextEquiv>
                </Word>
                <Word id="r_22_tl_13_w5" custom="readingOrder {index:4;}">
                    <Coords points="1892,981 1892,1041 1938,1041 1938,981"/>
                    <TextEquiv>
                        <Unicode>sich</Unicode>
                    </TextEquiv>
                </Word>
                <Word id="r_22_tl_13_w6" custom="readingOrder {index:5;}">
                    <Coords points="1970,982 1970,1042 2058,1042 2058,982"/>
                    <TextEquiv>
                        <Unicode>durch</Unicode>
                    </TextEquiv>
                </Word>
                <Word id="r_22_tl_13_w7" custom="readingOrder {index:6;}">
                    <Coords points="2085,981 2085,1041 2287,1041 2287,981"/>
                    <TextEquiv>
                        <Unicode>ungewöhn¬</Unicode>
                    </TextEquiv>
                </Word>
                <TextEquiv>
                    <Unicode>bezeichnet worden, das folgende sich durch ungewöhn¬</Unicode>
                </TextEquiv>
            </TextLine>
            <TextLine id="r_22_tl_14" custom="readingOrder {index:13;}">
                <Coords points="1273,1076 2147,1093 2291,1080 2291,1037 1272,1021"/>
                <Baseline points="1280,1059 1325,1059 1370,1059 1415,1059 1459,1062 1504,1059 1549,1059 1594,1059 1639,1062 1683,1062 1728,1062 1773,1065 1818,1068 1862,1068 1907,1068 1952,1071 1997,1071 2042,1071 2086,1071 2131,1068 2176,1071 2221,1071 2266,1071 2295,1068"/>
                <Word id="r_22_tl_14_w1" custom="readingOrder {index:0;}">
                    <Coords points="1272,1019 1272,1079 1343,1079 1343,1019"/>
                    <TextEquiv>
                        <Unicode>liche</Unicode>
                    </TextEquiv>
                </Word>
                <Word id="r_22_tl_14_w2" custom="readingOrder {index:1;}">
                    <Coords points="1375,1020 1375,1080 1581,1080 1581,1020"/>
                    <TextEquiv>
                        <Unicode>Denkmäler</Unicode>
                    </TextEquiv>
                </Word>
                <Word id="r_22_tl_14_w3" custom="readingOrder {index:2;}">
                    <Coords points="1608,1021 1608,1081 1659,1081 1659,1021"/>
                    <TextEquiv>
                        <Unicode>der</Unicode>
                    </TextEquiv>
                </Word>
                <Word id="r_22_tl_14_w4" custom="readingOrder {index:3;}">
                    <Coords points="1690,1025 1690,1085 1881,1085 1881,1025"/>
                    <TextEquiv>
                        <Unicode>Großmuth</Unicode>
                    </TextEquiv>
                </Word>
                <Word id="r_22_tl_14_w5" custom="readingOrder {index:4;}">
                    <Coords points="1928,1031 1928,1091 1984,1091 1984,1031"/>
                    <TextEquiv>
                        <Unicode>und</Unicode>
                    </TextEquiv>
                </Word>
                <Word id="r_22_tl_14_w6" custom="readingOrder {index:5;}">
                    <Coords points="2021,1029 2021,1089 2284,1089 2284,1029"/>
                    <TextEquiv>
                        <Unicode>Menschenliebe</Unicode>
                    </TextEquiv>
                </Word>
                <TextEquiv>
                    <Unicode>liche Denkmäler der Großmuth und Menschenliebe</Unicode>
                </TextEquiv>
            </TextLine>
            <TextLine id="r_22_tl_15" custom="readingOrder {index:14;}">
                <Coords points="1267,1116 2290,1130 2290,1092 2231,1079 1267,1086"/>
                <Baseline points="1274,1107 1319,1110 1364,1110 1409,1110 1453,1110 1498,1110 1543,1110 1588,1110 1633,1110 1677,1113 1722,1113 1767,1113 1812,1113 1857,1116 1901,1116 1946,1116 1991,1116 2036,1119 2080,1119 2125,1119 2170,1119 2215,1119 2260,1122 2292,1119"/>
                <Word id="r_22_tl_15_w1" custom="readingOrder {index:0;}">
                    <Coords points="1272,1070 1272,1130 1509,1130 1509,1070"/>
                    <TextEquiv>
                        <Unicode>unterscheiden</Unicode>
                    </TextEquiv>
                </Word>
                <Word id="r_22_tl_15_w2" custom="readingOrder {index:1;}">
                    <Coords points="1545,1070 1545,1130 1653,1130 1653,1070"/>
                    <TextEquiv>
                        <Unicode>möge.</Unicode>
                    </TextEquiv>
                </Word>
                <Word id="r_22_tl_15_w3" custom="readingOrder {index:2;}">
                    <Coords points="1710,1073 1710,1133 1834,1133 1834,1073"/>
                    <TextEquiv>
                        <Unicode>Doch,</Unicode>
                    </TextEquiv>
                </Word>
                <Word id="r_22_tl_15_w4" custom="readingOrder {index:3;}">
                    <Coords points="1866,1076 1866,1136 1901,1136 1901,1076"/>
                    <TextEquiv>
                        <Unicode>da</Unicode>
                    </TextEquiv>
                </Word>
                <Word id="r_22_tl_15_w5" custom="readingOrder {index:4;}">
                    <Coords points="1933,1076 1933,1136 2030,1136 2030,1076"/>
                    <TextEquiv>
                        <Unicode>dieser</Unicode>
                    </TextEquiv>
                </Word>
                <Word id="r_22_tl_15_w6" custom="readingOrder {index:5;}">
                    <Coords points="2067,1079 2067,1139 2164,1139 2164,1079"/>
                    <TextEquiv>
                        <Unicode>ganze</Unicode>
                    </TextEquiv>
                </Word>
                <Word id="r_22_tl_15_w7" custom="readingOrder {index:6;}">
                    <Coords points="2206,1081 2206,1141 2288,1141 2288,1081"/>
                    <TextEquiv>
                        <Unicode>Ein¬</Unicode>
                    </TextEquiv>
                </Word>
                <TextEquiv>
                    <Unicode>unterscheiden möge. Doch, da dieser ganze Ein¬</Unicode>
                </TextEquiv>
            </TextLine>
            <TextLine id="r_22_tl_16" custom="readingOrder {index:15;}">
                <Coords points="1278,1177 2289,1184 2289,1133 2214,1126 1278,1129"/>
                <Baseline points="1286,1161 1331,1158 1376,1158 1421,1158 1465,1158 1510,1158 1555,1158 1600,1161 1645,1158 1689,1161 1734,1161 1779,1161 1824,1164 1868,1164 1913,1164 1958,1164 2003,1167 2048,1167 2092,1167 2137,1167 2182,1167 2227,1170 2271,1170 2292,1170"/>
                <Word id="r_22_tl_16_w1" custom="readingOrder {index:0;}">
                    <Coords points="1278,1119 1278,1179 1353,1179 1353,1119"/>
                    <TextEquiv>
                        <Unicode>gang</Unicode>
                    </TextEquiv>
                </Word>
                <Word id="r_22_tl_16_w2" custom="readingOrder {index:1;}">
                    <Coords points="1381,1118 1381,1178 1565,1178 1565,1118"/>
                    <TextEquiv>
                        <Unicode>überflüßig</Unicode>
                    </TextEquiv>
                </Word>
                <Word id="r_22_tl_16_w3" custom="readingOrder {index:2;}">
                    <Coords points="1592,1119 1592,1179 1641,1179 1641,1119"/>
                    <TextEquiv>
                        <Unicode>ist,</Unicode>
                    </TextEquiv>
                </Word>
                <Word id="r_22_tl_16_w4" custom="readingOrder {index:3;}">
                    <Coords points="1669,1121 1669,1181 1728,1181 1728,1121"/>
                    <TextEquiv>
                        <Unicode>und</Unicode>
                    </TextEquiv>
                </Word>
                <Word id="r_22_tl_16_w5" custom="readingOrder {index:4;}">
                    <Coords points="1755,1124 1755,1184 1923,1184 1923,1124"/>
                    <TextEquiv>
                        <Unicode>hierinnen</Unicode>
                    </TextEquiv>
                </Word>
                <Word id="r_22_tl_16_w6" custom="readingOrder {index:5;}">
                    <Coords points="1951,1125 1951,1185 2015,1185 2015,1125"/>
                    <TextEquiv>
                        <Unicode>viel</Unicode>
                    </TextEquiv>
                </Word>
                <Word id="r_22_tl_16_w7" custom="readingOrder {index:6;}">
                    <Coords points="2038,1127 2038,1187 2200,1187 2200,1127"/>
                    <TextEquiv>
                        <Unicode>ähnliches</Unicode>
                    </TextEquiv>
                </Word>
                <Word id="r_22_tl_16_w8" custom="readingOrder {index:7;}">
                    <Coords points="2228,1130 2228,1190 2292,1190 2292,1130"/>
                    <TextEquiv>
                        <Unicode>mit</Unicode>
                    </TextEquiv>
                </Word>
                <TextEquiv>
                    <Unicode>gang überflüßig ist, und hierinnen viel ähnliches mit</Unicode>
                </TextEquiv>
            </TextLine>
            <TextLine id="r_22_tl_17" custom="readingOrder {index:16;}">
                <Coords points="1278,1218 2291,1238 2291,1186 2226,1174 1278,1175"/>
                <Baseline points="1286,1209 1331,1209 1376,1209 1421,1209 1465,1209 1510,1209 1555,1209 1600,1206 1645,1209 1689,1209 1734,1209 1779,1209 1824,1212 1868,1212 1913,1212 1958,1215 2003,1215 2048,1215 2092,1215 2137,1218 2182,1218 2227,1218 2271,1221 2295,1218"/>
                <Word id="r_22_tl_17_w1" custom="readingOrder {index:0;}">
                    <Coords points="1273,1169 1273,1229 1324,1229 1324,1169"/>
                    <TextEquiv>
                        <Unicode>den</Unicode>
                    </TextEquiv>
                </Word>
                <Word id="r_22_tl_17_w2" custom="readingOrder {index:1;}">
                    <Coords points="1356,1169 1356,1229 1526,1229 1526,1169"/>
                    <TextEquiv>
                        <Unicode>Vorreden</Unicode>
                    </TextEquiv>
                </Word>
                <Word id="r_22_tl_17_w3" custom="readingOrder {index:2;}">
                    <Coords points="1558,1168 1558,1228 1703,1228 1703,1168"/>
                    <TextEquiv>
                        <Unicode>besitzet;</Unicode>
                    </TextEquiv>
                </Word>
                <Word id="r_22_tl_17_w4" custom="readingOrder {index:3;}">
                    <Coords points="1734,1169 1734,1229 1765,1229 1765,1169"/>
                    <TextEquiv>
                        <Unicode>so</Unicode>
                    </TextEquiv>
                </Word>
                <Word id="r_22_tl_17_w5" custom="readingOrder {index:4;}">
                    <Coords points="1797,1172 1797,1232 1869,1232 1869,1172"/>
                    <TextEquiv>
                        <Unicode>mag</Unicode>
                    </TextEquiv>
                </Word>
                <Word id="r_22_tl_17_w6" custom="readingOrder {index:5;}">
                    <Coords points="1895,1172 1895,1232 1926,1232 1926,1172"/>
                    <TextEquiv>
                        <Unicode>er</Unicode>
                    </TextEquiv>
                </Word>
                <Word id="r_22_tl_17_w7" custom="readingOrder {index:6;}">
                    <Coords points="1947,1175 1947,1235 2019,1235 2019,1175"/>
                    <TextEquiv>
                        <Unicode>auch</Unicode>
                    </TextEquiv>
                </Word>
                <Word id="r_22_tl_17_w8" custom="readingOrder {index:7;}">
                    <Coords points="2046,1175 2046,1235 2092,1235 2092,1175"/>
                    <TextEquiv>
                        <Unicode>ihr</Unicode>
                    </TextEquiv>
                </Word>
                <Word id="r_22_tl_17_w9" custom="readingOrder {index:8;}">
                    <Coords points="2118,1178 2118,1238 2278,1238 2278,1178"/>
                    <TextEquiv>
                        <Unicode>gemeines</Unicode>
                    </TextEquiv>
                </Word>
                <TextEquiv>
                    <Unicode>den Vorreden besitzet; so mag er auch ihr gemeines</Unicode>
                </TextEquiv>
            </TextLine>
            <TextLine id="r_22_tl_18" custom="readingOrder {index:17;}">
                <Coords points="1276,1287 1532,1264 1736,1304 1781,1275 2193,1294 2193,1238 2151,1224 1276,1224"/>
                <Baseline points="1283,1259 1328,1259 1373,1259 1418,1259 1462,1259 1507,1259 1552,1259 1597,1259 1642,1259 1686,1259 1731,1262 1776,1259 1821,1262 1865,1262 1910,1262 1955,1262 2000,1262 2045,1262 2089,1262 2134,1265 2179,1268 2197,1268"/>
                <Word id="r_22_tl_18_w1" custom="readingOrder {index:0;}">
                    <Coords points="1277,1219 1277,1279 1445,1279 1445,1219"/>
                    <TextEquiv>
                        <Unicode>Schicksal</Unicode>
                    </TextEquiv>
                </Word>
                <Word id="r_22_tl_18_w2" custom="readingOrder {index:1;}">
                    <Coords points="1463,1219 1463,1279 1678,1279 1678,1219"/>
                    <TextEquiv>
                        <Unicode>übernehmen</Unicode>
                    </TextEquiv>
                </Word>
                <Word id="r_22_tl_18_w3" custom="readingOrder {index:2;}">
                    <Coords points="1707,1221 1707,1281 1765,1281 1765,1221"/>
                    <TextEquiv>
                        <Unicode>und</Unicode>
                    </TextEquiv>
                </Word>
                <Word id="r_22_tl_18_w4" custom="readingOrder {index:3;}">
                    <Coords points="1795,1222 1795,1282 2015,1282 2015,1222"/>
                    <TextEquiv>
                        <Unicode>überschlagen</Unicode>
                    </TextEquiv>
                </Word>
                <Word id="r_22_tl_18_w5" custom="readingOrder {index:4;}">
                    <Coords points="2045,1223 2045,1283 2189,1283 2189,1223"/>
                    <TextEquiv>
                        <Unicode>werden.</Unicode>
                    </TextEquiv>
                </Word>
                <TextEquiv>
                    <Unicode>Schicksal übernehmen und überschlagen werden.</Unicode>
                </TextEquiv>
            </TextLine>
            <TextEquiv>
                <Unicode></Unicode>
            </TextEquiv>
        </TextRegion>
        <TextRegion id="r_35" custom="readingOrder {index:2;}">
            <Coords points="2310,1360 2310,3084 1256,3084 1256,1360"/>
            <TextLine id="r_35_tl_1" custom="readingOrder {index:0;}">
                <Coords points="1485,1428 2071,1424 2071,1379 1888,1357 1527,1361 1485,1380"/>
                <Baseline points="1492,1409 1537,1409 1582,1412 1627,1415 1671,1412 1716,1412 1761,1412 1806,1412 1851,1412 1895,1412 1940,1412 1985,1409 2030,1412 2074,1409"/>
                <Word id="r_35_tl_1_w1" custom="readingOrder {index:0;}">
                    <Coords points="1494,1372 1494,1432 1673,1432 1673,1372"/>
                    <TextEquiv>
                        <Unicode>Leipzig</Unicode>
                    </TextEquiv>
                </Word>
                <Word id="r_35_tl_1_w2" custom="readingOrder {index:1;}">
                    <Coords points="1719,1372 1719,1432 1783,1432 1783,1372"/>
                    <TextEquiv>
                        <Unicode>und</Unicode>
                    </TextEquiv>
                </Word>
                <Word id="r_35_tl_1_w3" custom="readingOrder {index:2;}">
                    <Coords points="1816,1371 1816,1431 2066,1431 2066,1371"/>
                    <TextEquiv>
                        <Unicode>Züllichau.</Unicode>
                    </TextEquiv>
                </Word>
                <TextEquiv>
                    <Unicode>Leipzig und Züllichau.</Unicode>
                </TextEquiv>
            </TextLine>
            <TextLine id="r_35_tl_2" custom="readingOrder {index:1;}">
                <Coords points="1315,1483 2295,1474 2266,1411 1795,1442 1315,1415"/>
                <Baseline points="1322,1459 1367,1462 1412,1462 1456,1459 1501,1462 1546,1462 1591,1465 1636,1462 1680,1462 1725,1462 1770,1462 1815,1462 1859,1465 1904,1462 1949,1462 1994,1462 2039,1462 2083,1462 2128,1462 2173,1456 2218,1459 2263,1462 2298,1462"/>
                <Word id="r_35_tl_2_w1" custom="readingOrder {index:0;}">
                    <Coords points="1323,1421 1323,1481 1400,1481 1400,1421"/>
                    <TextEquiv>
                        <Unicode>Das</Unicode>
                    </TextEquiv>
                </Word>
                <Word id="r_35_tl_2_w2" custom="readingOrder {index:1;}">
                    <Coords points="1437,1422 1437,1482 1673,1482 1673,1422"/>
                    <TextEquiv>
                        <Unicode>Waysenhaus</Unicode>
                    </TextEquiv>
                </Word>
                <Word id="r_35_tl_2_w3" custom="readingOrder {index:2;}">
                    <Coords points="1710,1422 1710,1482 1770,1482 1770,1422"/>
                    <TextEquiv>
                        <Unicode>hat</Unicode>
                    </TextEquiv>
                </Word>
                <Word id="r_35_tl_2_w4" custom="readingOrder {index:3;}">
                    <Coords points="1801,1424 1801,1484 1946,1484 1946,1424"/>
                    <TextEquiv>
                        <Unicode>verlegt:</Unicode>
                    </TextEquiv>
                </Word>
                <Word id="r_35_tl_2_w5" custom="readingOrder {index:4;}">
                    <Coords points="1989,1422 1989,1482 2145,1482 2145,1422"/>
                    <TextEquiv>
                        <Unicode>"Wahre</Unicode>
                    </TextEquiv>
                </Word>
                <Word id="r_35_tl_2_w6" custom="readingOrder {index:5;}">
                    <Coords points="2177,1420 2177,1480 2297,1480 2297,1420"/>
                    <TextEquiv>
                        <Unicode>Grün¬</Unicode>
                    </TextEquiv>
                </Word>
                <TextEquiv>
                    <Unicode>Das Waysenhaus hat verlegt: "Wahre Grün¬</Unicode>
                </TextEquiv>
            </TextLine>
            <TextLine id="r_35_tl_3" custom="readingOrder {index:2;}">
                <Coords points="1291,1519 2291,1519 2291,1476 1351,1495 1291,1459"/>
                <Baseline points="1298,1510 1343,1513 1388,1510 1433,1513 1477,1513 1522,1510 1567,1510 1612,1510 1656,1510 1701,1513 1746,1510 1791,1510 1836,1513 1880,1513 1925,1513 1970,1510 2015,1510 2060,1513 2104,1513 2149,1513 2194,1513 2239,1513 2283,1513 2295,1510"/>
                <Word id="r_35_tl_3_w1" custom="readingOrder {index:0;}">
                    <Coords points="1291,1471 1291,1531 1355,1531 1355,1471"/>
                    <TextEquiv>
                        <Unicode>de,</Unicode>
                    </TextEquiv>
                </Word>
                <Word id="r_35_tl_3_w2" custom="readingOrder {index:1;}">
                    <Coords points="1386,1473 1386,1533 1496,1533 1496,1473"/>
                    <TextEquiv>
                        <Unicode>warum</Unicode>
                    </TextEquiv>
                </Word>
                <Word id="r_35_tl_3_w3" custom="readingOrder {index:2;}">
                    <Coords points="1547,1470 1547,1530 1651,1530 1651,1470"/>
                    <TextEquiv>
                        <Unicode>GOtt</Unicode>
                    </TextEquiv>
                </Word>
                <Word id="r_35_tl_3_w4" custom="readingOrder {index:3;}">
                    <Coords points="1677,1472 1677,1532 1727,1532 1727,1472"/>
                    <TextEquiv>
                        <Unicode>die</Unicode>
                    </TextEquiv>
                </Word>
                <Word id="r_35_tl_3_w5" custom="readingOrder {index:4;}">
                    <Coords points="1753,1473 1753,1533 1983,1533 1983,1473"/>
                    <TextEquiv>
                        <Unicode>Offenbarung</Unicode>
                    </TextEquiv>
                </Word>
                <Word id="r_35_tl_3_w6" custom="readingOrder {index:5;}">
                    <Coords points="2014,1472 2014,1532 2103,1532 2103,1472"/>
                    <TextEquiv>
                        <Unicode>nicht</Unicode>
                    </TextEquiv>
                </Word>
                <Word id="r_35_tl_3_w7" custom="readingOrder {index:6;}">
                    <Coords points="2134,1473 2134,1533 2199,1533 2199,1473"/>
                    <TextEquiv>
                        <Unicode>mit</Unicode>
                    </TextEquiv>
                </Word>
                <Word id="r_35_tl_3_w8" custom="readingOrder {index:7;}">
                    <Coords points="2230,1473 2230,1533 2289,1533 2289,1473"/>
                    <TextEquiv>
                        <Unicode>au¬</Unicode>
                    </TextEquiv>
                </Word>
                <TextEquiv>
                    <Unicode>de, warum GOtt die Offenbarung nicht mit au¬</Unicode>
                </TextEquiv>
            </TextLine>
            <TextLine id="r_35_tl_4" custom="readingOrder {index:3;}">
                <Coords points="1291,1567 2298,1568 2259,1518 1374,1517 1291,1545"/>
                <Baseline points="1298,1555 1343,1558 1388,1558 1433,1558 1477,1561 1522,1558 1567,1558 1612,1558 1656,1558 1701,1558 1746,1558 1791,1558 1836,1558 1880,1558 1925,1558 1970,1558 2015,1558 2060,1558 2104,1558 2149,1561 2194,1555 2239,1558 2283,1561 2301,1564"/>
                <Word id="r_35_tl_4_w1" custom="readingOrder {index:0;}">
                    <Coords points="1296,1518 1296,1578 1563,1578 1563,1518"/>
                    <TextEquiv>
                        <Unicode>genscheinlichen</Unicode>
                    </TextEquiv>
                </Word>
                <Word id="r_35_tl_4_w2" custom="readingOrder {index:1;}">
                    <Coords points="1594,1518 1594,1578 1760,1578 1760,1518"/>
                    <TextEquiv>
                        <Unicode>Beweisen</Unicode>
                    </TextEquiv>
                </Word>
                <Word id="r_35_tl_4_w3" custom="readingOrder {index:2;}">
                    <Coords points="1791,1518 1791,1578 1937,1578 1937,1518"/>
                    <TextEquiv>
                        <Unicode>versehen</Unicode>
                    </TextEquiv>
                </Word>
                <Word id="r_35_tl_4_w4" custom="readingOrder {index:3;}">
                    <Coords points="1968,1518 1968,1578 2044,1578 2044,1518"/>
                    <TextEquiv>
                        <Unicode>hat,</Unicode>
                    </TextEquiv>
                </Word>
                <Word id="r_35_tl_4_w5" custom="readingOrder {index:4;}">
                    <Coords points="2080,1518 2080,1578 2134,1578 2134,1518"/>
                    <TextEquiv>
                        <Unicode>von</Unicode>
                    </TextEquiv>
                </Word>
                <Word id="r_35_tl_4_w6" custom="readingOrder {index:5;}">
                    <Coords points="2171,1517 2171,1577 2185,1577 2185,1517"/>
                    <TextEquiv>
                        <Unicode>I</Unicode>
                    </TextEquiv>
                </Word>
                <Word id="r_35_tl_4_w7" custom="readingOrder {index:6;}">
                    <Coords points="2236,1519 2236,1579 2296,1579 2296,1519"/>
                    <TextEquiv>
                        <Unicode>G.</Unicode>
                    </TextEquiv>
                </Word>
                <TextEquiv>
                    <Unicode>genscheinlichen Beweisen versehen hat, von I G.</Unicode>
                </TextEquiv>
            </TextLine>
            <TextLine id="r_35_tl_5" custom="readingOrder {index:4;}">
                <Coords points="1296,1633 2295,1623 2277,1563 1296,1574"/>
                <Baseline points="1304,1600 1349,1606 1394,1606 1439,1603 1483,1606 1528,1606 1573,1603 1618,1603 1662,1603 1707,1603 1752,1606 1797,1603 1842,1606 1886,1606 1931,1606 1976,1603 2021,1603 2065,1603 2110,1603 2155,1603 2200,1603 2245,1609 2289,1612 2298,1612"/>
                <Word id="r_35_tl_5_w1" custom="readingOrder {index:0;}">
                    <Coords points="1298,1565 1298,1625 1496,1625 1496,1565"/>
                    <TextEquiv>
                        <Unicode>Töllner,</Unicode>
                    </TextEquiv>
                </Word>
                <Word id="r_35_tl_5_w2" custom="readingOrder {index:1;}">
                    <Coords points="1522,1563 1522,1623 1630,1623 1630,1563"/>
                    <TextEquiv>
                        <Unicode>Prof.</Unicode>
                    </TextEquiv>
                </Word>
                <Word id="r_35_tl_5_w3" custom="readingOrder {index:2;}">
                    <Coords points="1657,1563 1657,1623 1707,1623 1707,1563"/>
                    <TextEquiv>
                        <Unicode>der</Unicode>
                    </TextEquiv>
                </Word>
                <Word id="r_35_tl_5_w4" custom="readingOrder {index:3;}">
                    <Coords points="1740,1563 1740,1623 1861,1623 1861,1563"/>
                    <TextEquiv>
                        <Unicode>Theol.</Unicode>
                    </TextEquiv>
                </Word>
                <Word id="r_35_tl_5_w5" custom="readingOrder {index:4;}">
                    <Coords points="1888,1566 1888,1626 1919,1626 1919,1566"/>
                    <TextEquiv>
                        <Unicode>zu</Unicode>
                    </TextEquiv>
                </Word>
                <Word id="r_35_tl_5_w6" custom="readingOrder {index:5;}">
                    <Coords points="1952,1563 1952,1623 2149,1623 2149,1563"/>
                    <TextEquiv>
                        <Unicode>Frankfurt,</Unicode>
                    </TextEquiv>
                </Word>
                <Word id="r_35_tl_5_w7" custom="readingOrder {index:6;}">
                    <Coords points="2176,1567 2176,1627 2290,1627 2290,1567"/>
                    <TextEquiv>
                        <Unicode>1764,</Unicode>
                    </TextEquiv>
                </Word>
                <TextEquiv>
                    <Unicode>Töllner, Prof. der Theol. zu Frankfurt, 1764,</Unicode>
                </TextEquiv>
            </TextLine>
            <TextLine id="r_35_tl_6" custom="readingOrder {index:5;}">
                <Coords points="1773,1664 2291,1669 2279,1626 1772,1621"/>
                <Baseline points="1779,1648 1824,1650 1868,1650 1913,1650 1958,1653 2003,1653 2048,1653 2092,1653 2137,1653 2182,1653 2227,1653 2271,1653 2295,1653"/>
                <Word id="r_35_tl_6_w1" custom="readingOrder {index:0;}">
                    <Coords points="1776,1609 1776,1669 1865,1669 1865,1609"/>
                    <TextEquiv>
                        <Unicode>Man</Unicode>
                    </TextEquiv>
                </Word>
                <Word id="r_35_tl_6_w2" custom="readingOrder {index:1;}">
                    <Coords points="1893,1611 1893,1671 1969,1671 1969,1611"/>
                    <TextEquiv>
                        <Unicode>darf</Unicode>
                    </TextEquiv>
                </Word>
                <Word id="r_35_tl_6_w3" custom="readingOrder {index:2;}">
                    <Coords points="1988,1613 1988,1673 2049,1673 2049,1613"/>
                    <TextEquiv>
                        <Unicode>nur</Unicode>
                    </TextEquiv>
                </Word>
                <Word id="r_35_tl_6_w4" custom="readingOrder {index:3;}">
                    <Coords points="2074,1613 2074,1673 2129,1673 2129,1613"/>
                    <TextEquiv>
                        <Unicode>aus</Unicode>
                    </TextEquiv>
                </Word>
                <Word id="r_35_tl_6_w5" custom="readingOrder {index:4;}">
                    <Coords points="2159,1613 2159,1673 2210,1673 2210,1613"/>
                    <TextEquiv>
                        <Unicode>den</Unicode>
                    </TextEquiv>
                </Word>
                <Word id="r_35_tl_6_w6" custom="readingOrder {index:5;}">
                    <Coords points="2244,1613 2244,1673 2295,1673 2295,1613"/>
                    <TextEquiv>
                        <Unicode>vo=</Unicode>
                    </TextEquiv>
                </Word>
                <TextEquiv>
                    <Unicode>Man darf nur aus den vo=</Unicode>
                </TextEquiv>
            </TextLine>
            <TextLine id="r_35_tl_7" custom="readingOrder {index:6;}">
                <Coords points="1294,1668 1481,1656 1513,1668 1554,1655 1621,1673 1705,1657 1705,1639 1666,1617 1411,1629 1338,1616 1294,1634"/>
                <Baseline points="1301,1656 1304,1656 1349,1653 1394,1653 1439,1653 1483,1650 1528,1650 1573,1648 1618,1650 1662,1650 1707,1653"/>
                <Word id="r_35_tl_7_w1" custom="readingOrder {index:0;}">
                    <Coords points="1295,1614 1295,1674 1355,1674 1355,1614"/>
                    <TextEquiv>
                        <Unicode>gr.</Unicode>
                    </TextEquiv>
                </Word>
                <Word id="r_35_tl_7_w2" custom="readingOrder {index:1;}">
                    <Coords points="1373,1613 1373,1673 1456,1673 1456,1613"/>
                    <TextEquiv>
                        <Unicode>8vo,</Unicode>
                    </TextEquiv>
                </Word>
                <Word id="r_35_tl_7_w3" custom="readingOrder {index:2;}">
                    <Coords points="1485,1610 1485,1670 1523,1670 1523,1610"/>
                    <TextEquiv>
                        <Unicode>15</Unicode>
                    </TextEquiv>
                </Word>
                <Word id="r_35_tl_7_w4" custom="readingOrder {index:3;}">
                    <Coords points="1552,1610 1552,1670 1697,1670 1697,1610"/>
                    <TextEquiv>
                        <Unicode>Bogen.</Unicode>
                    </TextEquiv>
                </Word>
                <TextEquiv>
                    <Unicode>gr. 8vo, 15 Bogen.</Unicode>
                </TextEquiv>
            </TextLine>
            <TextLine id="r_35_tl_8" custom="readingOrder {index:7;}">
                <Coords points="1269,1710 2293,1711 2266,1660 1269,1661"/>
                <Baseline points="1277,1701 1322,1701 1367,1701 1412,1698 1456,1701 1501,1698 1546,1698 1591,1698 1636,1701 1680,1701 1725,1701 1770,1701 1815,1698 1859,1698 1904,1698 1949,1701 1994,1701 2039,1701 2083,1704 2128,1701 2173,1704 2218,1701 2263,1701 2295,1701"/>
                <Word id="r_35_tl_8_w1" custom="readingOrder {index:0;}">
                    <Coords points="1269,1661 1269,1721 1360,1721 1360,1661"/>
                    <TextEquiv>
                        <Unicode>rigen</Unicode>
                    </TextEquiv>
                </Word>
                <Word id="r_35_tl_8_w2" custom="readingOrder {index:1;}">
                    <Coords points="1388,1659 1388,1719 1560,1719 1560,1659"/>
                    <TextEquiv>
                        <Unicode>Schriften</Unicode>
                    </TextEquiv>
                </Word>
                <Word id="r_35_tl_8_w3" custom="readingOrder {index:2;}">
                    <Coords points="1588,1659 1588,1719 1641,1719 1641,1659"/>
                    <TextEquiv>
                        <Unicode>des</Unicode>
                    </TextEquiv>
                </Word>
                <Word id="r_35_tl_8_w4" custom="readingOrder {index:3;}">
                    <Coords points="1669,1661 1669,1721 1760,1721 1760,1661"/>
                    <TextEquiv>
                        <Unicode>Hrn.</Unicode>
                    </TextEquiv>
                </Word>
                <Word id="r_35_tl_8_w5" custom="readingOrder {index:4;}">
                    <Coords points="1777,1658 1777,1718 1880,1718 1880,1658"/>
                    <TextEquiv>
                        <Unicode>Verf.</Unicode>
                    </TextEquiv>
                </Word>
                <Word id="r_35_tl_8_w6" custom="readingOrder {index:5;}">
                    <Coords points="1902,1661 1902,1721 2031,1721 2031,1661"/>
                    <TextEquiv>
                        <Unicode>wissen,</Unicode>
                    </TextEquiv>
                </Word>
                <Word id="r_35_tl_8_w7" custom="readingOrder {index:6;}">
                    <Coords points="2059,1663 2059,1723 2112,1723 2112,1663"/>
                    <TextEquiv>
                        <Unicode>daß</Unicode>
                    </TextEquiv>
                </Word>
                <Word id="r_35_tl_8_w8" custom="readingOrder {index:7;}">
                    <Coords points="2151,1661 2151,1721 2285,1721 2285,1661"/>
                    <TextEquiv>
                        <Unicode>derselbe</Unicode>
                    </TextEquiv>
                </Word>
                <TextEquiv>
                    <Unicode>rigen Schriften des Hrn. Verf. wissen, daß derselbe</Unicode>
                </TextEquiv>
            </TextLine>
            <TextLine id="r_35_tl_9" custom="readingOrder {index:8;}">
                <Coords points="1269,1764 2299,1772 2299,1719 2190,1709 1269,1724"/>
                <Baseline points="1277,1749 1322,1749 1367,1752 1412,1749 1456,1749 1501,1749 1546,1749 1591,1749 1636,1749 1680,1749 1725,1749 1770,1749 1815,1749 1859,1749 1904,1749 1949,1749 1994,1749 2039,1752 2083,1752 2128,1752 2173,1755 2218,1755 2263,1755 2301,1755"/>
                <Word id="r_35_tl_9_w1" custom="readingOrder {index:0;}">
                    <Coords points="1274,1711 1274,1771 1445,1771 1445,1711"/>
                    <TextEquiv>
                        <Unicode>ungemein</Unicode>
                    </TextEquiv>
                </Word>
                <Word id="r_35_tl_9_w2" custom="readingOrder {index:1;}">
                    <Coords points="1475,1709 1475,1769 1535,1769 1535,1709"/>
                    <TextEquiv>
                        <Unicode>fein</Unicode>
                    </TextEquiv>
                </Word>
                <Word id="r_35_tl_9_w3" custom="readingOrder {index:2;}">
                    <Coords points="1566,1709 1566,1769 1682,1769 1682,1709"/>
                    <TextEquiv>
                        <Unicode>denkt,</Unicode>
                    </TextEquiv>
                </Word>
                <Word id="r_35_tl_9_w4" custom="readingOrder {index:3;}">
                    <Coords points="1708,1709 1708,1769 1843,1769 1843,1709"/>
                    <TextEquiv>
                        <Unicode>daneben</Unicode>
                    </TextEquiv>
                </Word>
                <Word id="r_35_tl_9_w5" custom="readingOrder {index:4;}">
                    <Coords points="1879,1709 1879,1769 1954,1769 1954,1709"/>
                    <TextEquiv>
                        <Unicode>auch</Unicode>
                    </TextEquiv>
                </Word>
                <Word id="r_35_tl_9_w6" custom="readingOrder {index:5;}">
                    <Coords points="1985,1710 1985,1770 2040,1770 2040,1710"/>
                    <TextEquiv>
                        <Unicode>von</Unicode>
                    </TextEquiv>
                </Word>
                <Word id="r_35_tl_9_w7" custom="readingOrder {index:6;}">
                    <Coords points="2076,1712 2076,1772 2131,1772 2131,1712"/>
                    <TextEquiv>
                        <Unicode>der</Unicode>
                    </TextEquiv>
                </Word>
                <Word id="r_35_tl_9_w8" custom="readingOrder {index:7;}">
                    <Coords points="2162,1715 2162,1775 2297,1775 2297,1715"/>
                    <TextEquiv>
                        <Unicode>väterli¬</Unicode>
                    </TextEquiv>
                </Word>
                <TextEquiv>
                    <Unicode>ungemein fein denkt, daneben auch von der väterli¬</Unicode>
                </TextEquiv>
            </TextLine>
            <TextLine id="r_35_tl_10" custom="readingOrder {index:9;}">
                <Coords points="1276,1803 2299,1826 2299,1772 2222,1763 1276,1766"/>
                <Baseline points="1283,1794 1328,1797 1373,1797 1418,1797 1462,1797 1507,1797 1552,1797 1597,1797 1642,1797 1686,1797 1731,1797 1776,1797 1821,1797 1865,1797 1910,1800 1955,1803 2000,1803 2045,1806 2089,1803 2134,1803 2179,1806 2224,1803 2269,1806 2301,1803"/>
                <Word id="r_35_tl_10_w1" custom="readingOrder {index:0;}">
                    <Coords points="1271,1755 1271,1815 1336,1815 1336,1755"/>
                    <TextEquiv>
                        <Unicode>chen</Unicode>
                    </TextEquiv>
                </Word>
                <Word id="r_35_tl_10_w2" custom="readingOrder {index:1;}">
                    <Coords points="1369,1757 1369,1817 1477,1817 1477,1757"/>
                    <TextEquiv>
                        <Unicode>Weise</Unicode>
                    </TextEquiv>
                </Word>
                <Word id="r_35_tl_10_w3" custom="readingOrder {index:2;}">
                    <Coords points="1505,1757 1505,1817 1532,1817 1532,1757"/>
                    <TextEquiv>
                        <Unicode>in</Unicode>
                    </TextEquiv>
                </Word>
                <Word id="r_35_tl_10_w4" custom="readingOrder {index:3;}">
                    <Coords points="1566,1757 1566,1817 1620,1817 1620,1757"/>
                    <TextEquiv>
                        <Unicode>der</Unicode>
                    </TextEquiv>
                </Word>
                <Word id="r_35_tl_10_w5" custom="readingOrder {index:4;}">
                    <Coords points="1647,1757 1647,1817 1745,1817 1745,1757"/>
                    <TextEquiv>
                        <Unicode>Lehre</Unicode>
                    </TextEquiv>
                </Word>
                <Word id="r_35_tl_10_w6" custom="readingOrder {index:5;}">
                    <Coords points="1773,1757 1773,1817 1833,1817 1833,1757"/>
                    <TextEquiv>
                        <Unicode>vom</Unicode>
                    </TextEquiv>
                </Word>
                <Word id="r_35_tl_10_w7" custom="readingOrder {index:6;}">
                    <Coords points="1877,1763 1877,1823 2117,1823 2117,1763"/>
                    <TextEquiv>
                        <Unicode>Abendmahl,</Unicode>
                    </TextEquiv>
                </Word>
                <Word id="r_35_tl_10_w8" custom="readingOrder {index:7;}">
                    <Coords points="2144,1765 2144,1825 2204,1825 2204,1765"/>
                    <TextEquiv>
                        <Unicode>und</Unicode>
                    </TextEquiv>
                </Word>
                <Word id="r_35_tl_10_w9" custom="readingOrder {index:8;}">
                    <Coords points="2237,1765 2237,1825 2291,1825 2291,1765"/>
                    <TextEquiv>
                        <Unicode>der</Unicode>
                    </TextEquiv>
                </Word>
                <TextEquiv>
                    <Unicode>chen Weise in der Lehre vom Abendmahl, und der</Unicode>
                </TextEquiv>
            </TextLine>
            <TextLine id="r_35_tl_11" custom="readingOrder {index:10;}">
                <Coords points="1276,1858 2307,1874 2306,1826 2249,1818 1276,1803"/>
                <Baseline points="1283,1839 1328,1839 1373,1839 1418,1839 1462,1839 1507,1839 1552,1839 1597,1842 1642,1842 1686,1842 1731,1842 1776,1845 1821,1845 1865,1845 1910,1848 1955,1848 2000,1848 2045,1848 2089,1848 2134,1851 2179,1848 2224,1851 2269,1851 2307,1851"/>
                <Word id="r_35_tl_11_w1" custom="readingOrder {index:0;}">
                    <Coords points="1275,1799 1275,1859 1437,1859 1437,1799"/>
                    <TextEquiv>
                        <Unicode>Ewigreit</Unicode>
                    </TextEquiv>
                </Word>
                <Word id="r_35_tl_11_w2" custom="readingOrder {index:1;}">
                    <Coords points="1466,1799 1466,1859 1518,1859 1518,1799"/>
                    <TextEquiv>
                        <Unicode>der</Unicode>
                    </TextEquiv>
                </Word>
                <Word id="r_35_tl_11_w3" custom="readingOrder {index:2;}">
                    <Coords points="1547,1802 1547,1862 1786,1862 1786,1802"/>
                    <TextEquiv>
                        <Unicode>Höllenstrafen</Unicode>
                    </TextEquiv>
                </Word>
                <Word id="r_35_tl_11_w4" custom="readingOrder {index:3;}">
                    <Coords points="1824,1807 1824,1867 1991,1867 1991,1807"/>
                    <TextEquiv>
                        <Unicode>abgehet;</Unicode>
                    </TextEquiv>
                </Word>
                <Word id="r_35_tl_11_w5" custom="readingOrder {index:4;}">
                    <Coords points="2035,1808 2035,1868 2063,1868 2063,1808"/>
                    <TextEquiv>
                        <Unicode>so</Unicode>
                    </TextEquiv>
                </Word>
                <Word id="r_35_tl_11_w6" custom="readingOrder {index:5;}">
                    <Coords points="2097,1810 2097,1870 2173,1870 2173,1810"/>
                    <TextEquiv>
                        <Unicode>wird</Unicode>
                    </TextEquiv>
                </Word>
                <Word id="r_35_tl_11_w7" custom="readingOrder {index:6;}">
                    <Coords points="2211,1811 2211,1871 2278,1871 2278,1811"/>
                    <TextEquiv>
                        <Unicode>man</Unicode>
                    </TextEquiv>
                </Word>
                <TextEquiv>
                    <Unicode>Ewigreit der Höllenstrafen abgehet; so wird man</Unicode>
                </TextEquiv>
            </TextLine>
            <TextLine id="r_35_tl_12" custom="readingOrder {index:11;}">
                <Coords points="1276,1900 2299,1916 2299,1871 2239,1861 1276,1856"/>
                <Baseline points="1283,1889 1328,1889 1373,1889 1418,1889 1462,1889 1507,1892 1552,1892 1597,1892 1642,1892 1686,1892 1731,1892 1776,1892 1821,1895 1865,1895 1910,1895 1955,1898 2000,1895 2045,1898 2089,1895 2134,1898 2179,1895 2224,1898 2269,1898 2301,1898"/>
                <Word id="r_35_tl_12_w1" custom="readingOrder {index:0;}">
                    <Coords points="1271,1849 1271,1909 1358,1909 1358,1849"/>
                    <TextEquiv>
                        <Unicode>nicht</Unicode>
                    </TextEquiv>
                </Word>
                <Word id="r_35_tl_12_w2" custom="readingOrder {index:1;}">
                    <Coords points="1386,1849 1386,1909 1412,1909 1412,1849"/>
                    <TextEquiv>
                        <Unicode>so</Unicode>
                    </TextEquiv>
                </Word>
                <Word id="r_35_tl_12_w3" custom="readingOrder {index:2;}">
                    <Coords points="1446,1850 1446,1910 1516,1910 1516,1850"/>
                    <TextEquiv>
                        <Unicode>sehr</Unicode>
                    </TextEquiv>
                </Word>
                <Word id="r_35_tl_12_w4" custom="readingOrder {index:3;}">
                    <Coords points="1544,1852 1544,1912 1761,1912 1761,1852"/>
                    <TextEquiv>
                        <Unicode>erschrecken,</Unicode>
                    </TextEquiv>
                </Word>
                <Word id="r_35_tl_12_w5" custom="readingOrder {index:4;}">
                    <Coords points="1789,1855 1789,1915 1876,1915 1876,1855"/>
                    <TextEquiv>
                        <Unicode>wenn</Unicode>
                    </TextEquiv>
                </Word>
                <Word id="r_35_tl_12_w6" custom="readingOrder {index:5;}">
                    <Coords points="1915,1857 1915,1917 1980,1917 1980,1857"/>
                    <TextEquiv>
                        <Unicode>man</Unicode>
                    </TextEquiv>
                </Word>
                <Word id="r_35_tl_12_w7" custom="readingOrder {index:6;}">
                    <Coords points="2019,1857 2019,1917 2089,1917 2089,1857"/>
                    <TextEquiv>
                        <Unicode>auch</Unicode>
                    </TextEquiv>
                </Word>
                <Word id="r_35_tl_12_w8" custom="readingOrder {index:7;}">
                    <Coords points="2117,1857 2117,1917 2143,1917 2143,1857"/>
                    <TextEquiv>
                        <Unicode>in</Unicode>
                    </TextEquiv>
                </Word>
                <Word id="r_35_tl_12_w9" custom="readingOrder {index:8;}">
                    <Coords points="2177,1858 2177,1918 2274,1918 2274,1858"/>
                    <TextEquiv>
                        <Unicode>diesem</Unicode>
                    </TextEquiv>
                </Word>
                <TextEquiv>
                    <Unicode>nicht so sehr erschrecken, wenn man auch in diesem</Unicode>
                </TextEquiv>
            </TextLine>
            <TextLine id="r_35_tl_13" custom="readingOrder {index:12;}">
                <Coords points="1269,1955 2294,1970 2258,1913 1269,1911"/>
                <Baseline points="1277,1940 1322,1940 1367,1940 1412,1940 1456,1943 1501,1943 1546,1943 1591,1943 1636,1946 1680,1946 1725,1946 1770,1949 1815,1949 1859,1946 1904,1946 1949,1949 1994,1949 2039,1952 2083,1949 2128,1949 2173,1949 2218,1952 2263,1952 2295,1952"/>
                <Word id="r_35_tl_13_w1" custom="readingOrder {index:0;}">
                    <Coords points="1275,1900 1275,1960 1363,1960 1363,1900"/>
                    <TextEquiv>
                        <Unicode>Buch</Unicode>
                    </TextEquiv>
                </Word>
                <Word id="r_35_tl_13_w2" custom="readingOrder {index:1;}">
                    <Coords points="1397,1900 1397,1960 1452,1960 1452,1900"/>
                    <TextEquiv>
                        <Unicode>den</Unicode>
                    </TextEquiv>
                </Word>
                <Word id="r_35_tl_13_w3" custom="readingOrder {index:2;}">
                    <Coords points="1492,1903 1492,1963 1602,1963 1602,1903"/>
                    <TextEquiv>
                        <Unicode>Mann</Unicode>
                    </TextEquiv>
                </Word>
                <Word id="r_35_tl_13_w4" custom="readingOrder {index:3;}">
                    <Coords points="1636,1906 1636,1966 1763,1966 1763,1906"/>
                    <TextEquiv>
                        <Unicode>findet,</Unicode>
                    </TextEquiv>
                </Word>
                <Word id="r_35_tl_13_w5" custom="readingOrder {index:4;}">
                    <Coords points="1792,1907 1792,1967 1869,1967 1869,1907"/>
                    <TextEquiv>
                        <Unicode>der,</Unicode>
                    </TextEquiv>
                </Word>
                <Word id="r_35_tl_13_w6" custom="readingOrder {index:5;}">
                    <Coords points="1898,1908 1898,1968 1974,1968 1974,1908"/>
                    <TextEquiv>
                        <Unicode>weil</Unicode>
                    </TextEquiv>
                </Word>
                <Word id="r_35_tl_13_w7" custom="readingOrder {index:6;}">
                    <Coords points="2003,1910 2003,1970 2030,1970 2030,1910"/>
                    <TextEquiv>
                        <Unicode>er</Unicode>
                    </TextEquiv>
                </Word>
                <Word id="r_35_tl_13_w8" custom="readingOrder {index:7;}">
                    <Coords points="2064,1909 2064,1969 2158,1969 2158,1909"/>
                    <TextEquiv>
                        <Unicode>selbst</Unicode>
                    </TextEquiv>
                </Word>
                <Word id="r_35_tl_13_w9" custom="readingOrder {index:8;}">
                    <Coords points="2187,1912 2187,1972 2297,1972 2297,1912"/>
                    <TextEquiv>
                        <Unicode>denkt,</Unicode>
                    </TextEquiv>
                </Word>
                <TextEquiv>
                    <Unicode>Buch den Mann findet, der, weil er selbst denkt,</Unicode>
                </TextEquiv>
            </TextLine>
            <TextLine id="r_35_tl_14" custom="readingOrder {index:13;}">
                <Coords points="1273,2013 2297,2012 2297,1970 2253,1965 2111,1958 2068,1990 2013,1961 1273,1958"/>
                <Baseline points="1280,1994 1325,1994 1370,1994 1415,1997 1459,1997 1504,1997 1549,1997 1594,1997 1639,1997 1683,2000 1728,2000 1773,2000 1818,2000 1862,2000 1907,2000 1952,2000 1997,2000 2042,2000 2086,2000 2131,2000 2176,2000 2221,2000 2266,2003 2298,2006"/>
                <Word id="r_35_tl_14_w1" custom="readingOrder {index:0;}">
                    <Coords points="1273,1954 1273,2014 1344,2014 1344,1954"/>
                    <TextEquiv>
                        <Unicode>auch</Unicode>
                    </TextEquiv>
                </Word>
                <Word id="r_35_tl_14_w2" custom="readingOrder {index:1;}">
                    <Coords points="1371,1957 1371,2017 1510,2017 1510,1957"/>
                    <TextEquiv>
                        <Unicode>niemals</Unicode>
                    </TextEquiv>
                </Word>
                <Word id="r_35_tl_14_w3" custom="readingOrder {index:2;}">
                    <Coords points="1536,1957 1536,2017 1618,2017 1618,1957"/>
                    <TextEquiv>
                        <Unicode>recht</Unicode>
                    </TextEquiv>
                </Word>
                <Word id="r_35_tl_14_w4" custom="readingOrder {index:3;}">
                    <Coords points="1639,1960 1639,2020 1789,2020 1789,1960"/>
                    <TextEquiv>
                        <Unicode>orthodor</Unicode>
                    </TextEquiv>
                </Word>
                <Word id="r_35_tl_14_w5" custom="readingOrder {index:4;}">
                    <Coords points="1815,1960 1815,2020 1928,2020 1928,1960"/>
                    <TextEquiv>
                        <Unicode>denken</Unicode>
                    </TextEquiv>
                </Word>
                <Word id="r_35_tl_14_w6" custom="readingOrder {index:5;}">
                    <Coords points="1960,1960 1960,2020 2057,2020 2057,1960"/>
                    <TextEquiv>
                        <Unicode>kann.</Unicode>
                    </TextEquiv>
                </Word>
                <Word id="r_35_tl_14_w7" custom="readingOrder {index:6;}">
                    <Coords points="2099,1960 2099,2020 2186,2020 2186,1960"/>
                    <TextEquiv>
                        <Unicode>Dies</Unicode>
                    </TextEquiv>
                </Word>
                <Word id="r_35_tl_14_w8" custom="readingOrder {index:7;}">
                    <Coords points="2213,1962 2213,2022 2295,2022 2295,1962"/>
                    <TextEquiv>
                        <Unicode>gan¬</Unicode>
                    </TextEquiv>
                </Word>
                <TextEquiv>
                    <Unicode>auch niemals recht orthodor denken kann. Dies gan¬</Unicode>
                </TextEquiv>
            </TextLine>
            <TextLine id="r_35_tl_15" custom="readingOrder {index:14;}">
                <Coords points="1273,2063 2298,2063 2298,2010 1273,2013"/>
                <Baseline points="1280,2051 1316,2045 1361,2045 1406,2048 1450,2048 1495,2048 1540,2048 1585,2048 1630,2048 1674,2048 1719,2048 1764,2051 1809,2048 1854,2048 1898,2048 1943,2048 1988,2048 2033,2048 2077,2045 2122,2048 2167,2045 2212,2048 2257,2048 2301,2048"/>
                <Word id="r_35_tl_15_w1" custom="readingOrder {index:0;}">
                    <Coords points="1274,2009 1274,2069 1301,2069 1301,2009"/>
                    <TextEquiv>
                        <Unicode>ze</Unicode>
                    </TextEquiv>
                </Word>
                <Word id="r_35_tl_15_w2" custom="readingOrder {index:1;}">
                    <Coords points="1323,2005 1323,2065 1417,2065 1417,2005"/>
                    <TextEquiv>
                        <Unicode>Buch</Unicode>
                    </TextEquiv>
                </Word>
                <Word id="r_35_tl_15_w3" custom="readingOrder {index:2;}">
                    <Coords points="1445,2008 1445,2068 1562,2068 1562,2008"/>
                    <TextEquiv>
                        <Unicode>besteht</Unicode>
                    </TextEquiv>
                </Word>
                <Word id="r_35_tl_15_w4" custom="readingOrder {index:3;}">
                    <Coords points="1585,2008 1585,2068 1645,2068 1645,2008"/>
                    <TextEquiv>
                        <Unicode>aus</Unicode>
                    </TextEquiv>
                </Word>
                <Word id="r_35_tl_15_w5" custom="readingOrder {index:4;}">
                    <Coords points="1668,2008 1668,2068 1745,2068 1745,2008"/>
                    <TextEquiv>
                        <Unicode>fünf</Unicode>
                    </TextEquiv>
                </Word>
                <Word id="r_35_tl_15_w6" custom="readingOrder {index:5;}">
                    <Coords points="1762,2008 1762,2068 2023,2068 2023,2008"/>
                    <TextEquiv>
                        <Unicode>Hauptstüͤcken.</Unicode>
                    </TextEquiv>
                </Word>
                <Word id="r_35_tl_15_w7" custom="readingOrder {index:6;}">
                    <Coords points="2057,2005 2057,2065 2112,2065 2112,2005"/>
                    <TextEquiv>
                        <Unicode>Im</Unicode>
                    </TextEquiv>
                </Word>
                <Word id="r_35_tl_15_w8" custom="readingOrder {index:7;}">
                    <Coords points="2152,2008 2152,2068 2278,2068 2278,2008"/>
                    <TextEquiv>
                        <Unicode>ersten</Unicode>
                    </TextEquiv>
                </Word>
                <TextEquiv>
                    <Unicode>ze Buch besteht aus fünf Hauptstüͤcken. Im ersten</Unicode>
                </TextEquiv>
            </TextLine>
            <TextLine id="r_35_tl_16" custom="readingOrder {index:15;}">
                <Coords points="1269,2119 2293,2115 2293,2065 2242,2053 1269,2063"/>
                <Baseline points="1277,2095 1322,2095 1367,2095 1412,2095 1456,2095 1501,2095 1546,2095 1591,2095 1636,2095 1680,2095 1725,2095 1770,2095 1815,2095 1859,2095 1904,2095 1949,2092 1994,2095 2039,2095 2083,2095 2128,2092 2173,2092 2218,2095 2263,2098 2295,2098"/>
                <Word id="r_35_tl_16_w1" custom="readingOrder {index:0;}">
                    <Coords points="1274,2055 1274,2115 1395,2115 1395,2055"/>
                    <TextEquiv>
                        <Unicode>werden</Unicode>
                    </TextEquiv>
                </Word>
                <Word id="r_35_tl_16_w2" custom="readingOrder {index:1;}">
                    <Coords points="1426,2055 1426,2115 1470,2115 1470,2055"/>
                    <TextEquiv>
                        <Unicode>die</Unicode>
                    </TextEquiv>
                </Word>
                <Word id="r_35_tl_16_w3" custom="readingOrder {index:2;}">
                    <Coords points="1491,2055 1491,2115 1648,2115 1648,2055"/>
                    <TextEquiv>
                        <Unicode>Beweise</Unicode>
                    </TextEquiv>
                </Word>
                <Word id="r_35_tl_16_w4" custom="readingOrder {index:3;}">
                    <Coords points="1674,2055 1674,2115 1886,2115 1886,2055"/>
                    <TextEquiv>
                        <Unicode>untersucht,</Unicode>
                    </TextEquiv>
                </Word>
                <Word id="r_35_tl_16_w5" custom="readingOrder {index:4;}">
                    <Coords points="1917,2053 1917,2113 2033,2113 2033,2053"/>
                    <TextEquiv>
                        <Unicode>womit</Unicode>
                    </TextEquiv>
                </Word>
                <Word id="r_35_tl_16_w6" custom="readingOrder {index:5;}">
                    <Coords points="2064,2054 2064,2114 2109,2114 2109,2054"/>
                    <TextEquiv>
                        <Unicode>die</Unicode>
                    </TextEquiv>
                </Word>
                <Word id="r_35_tl_16_w7" custom="readingOrder {index:6;}">
                    <Coords points="2135,2054 2135,2114 2291,2114 2291,2054"/>
                    <TextEquiv>
                        <Unicode>Offenba¬</Unicode>
                    </TextEquiv>
                </Word>
                <TextEquiv>
                    <Unicode>werden die Beweise untersucht, womit die Offenba¬</Unicode>
                </TextEquiv>
            </TextLine>
            <TextLine id="r_35_tl_17" custom="readingOrder {index:16;}">
                <Coords points="1273,2160 2291,2164 2291,2116 2215,2103 1273,2114"/>
                <Baseline points="1280,2146 1325,2146 1370,2146 1415,2143 1459,2143 1504,2143 1549,2140 1594,2143 1639,2143 1683,2143 1728,2143 1773,2143 1818,2146 1862,2143 1907,2146 1952,2146 1997,2143 2042,2143 2086,2143 2131,2143 2176,2143 2221,2146 2266,2146 2295,2149"/>
                <Word id="r_35_tl_17_w1" custom="readingOrder {index:0;}">
                    <Coords points="1273,2106 1273,2166 1352,2166 1352,2106"/>
                    <TextEquiv>
                        <Unicode>rung</Unicode>
                    </TextEquiv>
                </Word>
                <Word id="r_35_tl_17_w2" custom="readingOrder {index:1;}">
                    <Coords points="1379,2103 1379,2163 1516,2163 1516,2103"/>
                    <TextEquiv>
                        <Unicode>wirklich</Unicode>
                    </TextEquiv>
                </Word>
                <Word id="r_35_tl_17_w3" custom="readingOrder {index:2;}">
                    <Coords points="1543,2103 1543,2163 1691,2163 1691,2103"/>
                    <TextEquiv>
                        <Unicode>versehen</Unicode>
                    </TextEquiv>
                </Word>
                <Word id="r_35_tl_17_w4" custom="readingOrder {index:3;}">
                    <Coords points="1718,2103 1718,2163 1770,2163 1770,2103"/>
                    <TextEquiv>
                        <Unicode>ist.</Unicode>
                    </TextEquiv>
                </Word>
                <Word id="r_35_tl_17_w5" custom="readingOrder {index:4;}">
                    <Coords points="1829,2103 1829,2163 1902,2163 1902,2103"/>
                    <TextEquiv>
                        <Unicode>Zum</Unicode>
                    </TextEquiv>
                </Word>
                <Word id="r_35_tl_17_w6" custom="readingOrder {index:5;}">
                    <Coords points="1945,2103 1945,2163 2072,2163 2072,2103"/>
                    <TextEquiv>
                        <Unicode>größten</Unicode>
                    </TextEquiv>
                </Word>
                <Word id="r_35_tl_17_w7" custom="readingOrder {index:6;}">
                    <Coords points="2104,2104 2104,2164 2278,2164 2278,2104"/>
                    <TextEquiv>
                        <Unicode>Erstaunen</Unicode>
                    </TextEquiv>
                </Word>
                <TextEquiv>
                    <Unicode>rung wirklich versehen ist. Zum größten Erstaunen</Unicode>
                </TextEquiv>
            </TextLine>
            <TextLine id="r_35_tl_18" custom="readingOrder {index:17;}">
                <Coords points="1273,2205 2290,2210 2290,2164 2181,2152 1273,2160"/>
                <Baseline points="1280,2197 1325,2197 1370,2194 1415,2194 1459,2194 1504,2191 1549,2191 1594,2191 1639,2191 1683,2191 1728,2194 1773,2191 1818,2194 1862,2191 1907,2194 1952,2194 1997,2194 2042,2194 2086,2194 2131,2194 2176,2194 2221,2197 2266,2197 2292,2200"/>
                <Word id="r_35_tl_18_w1" custom="readingOrder {index:0;}">
                    <Coords points="1268,2157 1268,2217 1368,2217 1368,2157"/>
                    <TextEquiv>
                        <Unicode>tadelt</Unicode>
                    </TextEquiv>
                </Word>
                <Word id="r_35_tl_18_w2" custom="readingOrder {index:1;}">
                    <Coords points="1395,2154 1395,2214 1448,2214 1448,2154"/>
                    <TextEquiv>
                        <Unicode>der</Unicode>
                    </TextEquiv>
                </Word>
                <Word id="r_35_tl_18_w3" custom="readingOrder {index:2;}">
                    <Coords points="1475,2151 1475,2211 1581,2211 1581,2151"/>
                    <TextEquiv>
                        <Unicode>Verf.</Unicode>
                    </TextEquiv>
                </Word>
                <Word id="r_35_tl_18_w4" custom="readingOrder {index:3;}">
                    <Coords points="1608,2151 1608,2211 1634,2211 1634,2151"/>
                    <TextEquiv>
                        <Unicode>in</Unicode>
                    </TextEquiv>
                </Word>
                <Word id="r_35_tl_18_w5" custom="readingOrder {index:4;}">
                    <Coords points="1671,2152 1671,2212 1750,2212 1750,2152"/>
                    <TextEquiv>
                        <Unicode>allen</Unicode>
                    </TextEquiv>
                </Word>
                <Word id="r_35_tl_18_w6" custom="readingOrder {index:5;}">
                    <Coords points="1784,2151 1784,2211 1969,2211 1969,2151"/>
                    <TextEquiv>
                        <Unicode>bisherigen</Unicode>
                    </TextEquiv>
                </Word>
                <Word id="r_35_tl_18_w7" custom="readingOrder {index:6;}">
                    <Coords points="2001,2154 2001,2214 2171,2214 2171,2154"/>
                    <TextEquiv>
                        <Unicode>Beweisen</Unicode>
                    </TextEquiv>
                </Word>
                <Word id="r_35_tl_18_w8" custom="readingOrder {index:7;}">
                    <Coords points="2214,2157 2214,2217 2288,2217 2288,2157"/>
                    <TextEquiv>
                        <Unicode>das,</Unicode>
                    </TextEquiv>
                </Word>
                <TextEquiv>
                    <Unicode>tadelt der Verf. in allen bisherigen Beweisen das,</Unicode>
                </TextEquiv>
            </TextLine>
            <TextLine id="r_35_tl_19" custom="readingOrder {index:18;}">
                <Coords points="1269,2259 2293,2255 2293,2210 2156,2201 1269,2213"/>
                <Baseline points="1277,2248 1310,2248 1355,2248 1400,2245 1444,2245 1489,2242 1534,2242 1579,2242 1624,2239 1668,2242 1713,2239 1758,2242 1803,2242 1848,2245 1892,2245 1937,2245 1982,2245 2027,2248 2071,2245 2116,2245 2161,2245 2206,2245 2251,2245 2295,2245"/>
                <Word id="r_35_tl_19_w1" custom="readingOrder {index:0;}">
                    <Coords points="1275,2208 1275,2268 1330,2268 1330,2208"/>
                    <TextEquiv>
                        <Unicode>daß</Unicode>
                    </TextEquiv>
                </Word>
                <Word id="r_35_tl_19_w2" custom="readingOrder {index:1;}">
                    <Coords points="1353,2206 1353,2266 1391,2266 1391,2206"/>
                    <TextEquiv>
                        <Unicode>sie</Unicode>
                    </TextEquiv>
                </Word>
                <Word id="r_35_tl_19_w3" custom="readingOrder {index:2;}">
                    <Coords points="1419,2203 1419,2263 1507,2263 1507,2203"/>
                    <TextEquiv>
                        <Unicode>nicht</Unicode>
                    </TextEquiv>
                </Word>
                <Word id="r_35_tl_19_w4" custom="readingOrder {index:3;}">
                    <Coords points="1536,2199 1536,2259 1702,2259 1702,2199"/>
                    <TextEquiv>
                        <Unicode>allgemein</Unicode>
                    </TextEquiv>
                </Word>
                <Word id="r_35_tl_19_w5" custom="readingOrder {index:4;}">
                    <Coords points="1741,2202 1741,2262 1802,2262 1802,2202"/>
                    <TextEquiv>
                        <Unicode>und</Unicode>
                    </TextEquiv>
                </Word>
                <Word id="r_35_tl_19_w6" custom="readingOrder {index:5;}">
                    <Coords points="1836,2205 1836,2265 2102,2265 2102,2205"/>
                    <TextEquiv>
                        <Unicode>augenscheinlich</Unicode>
                    </TextEquiv>
                </Word>
                <Word id="r_35_tl_19_w7" custom="readingOrder {index:6;}">
                    <Coords points="2136,2205 2136,2265 2290,2265 2290,2205"/>
                    <TextEquiv>
                        <Unicode>überzeu¬</Unicode>
                    </TextEquiv>
                </Word>
                <TextEquiv>
                    <Unicode>daß sie nicht allgemein und augenscheinlich überzeu¬</Unicode>
                </TextEquiv>
            </TextLine>
            <TextLine id="r_35_tl_20" custom="readingOrder {index:19;}">
                <Coords points="1273,2311 2291,2316 2264,2253 1273,2262"/>
                <Baseline points="1280,2295 1310,2295 1355,2295 1400,2295 1444,2295 1489,2292 1534,2289 1579,2289 1624,2289 1668,2289 1713,2289 1758,2292 1803,2292 1848,2292 1892,2292 1937,2295 1982,2295 2027,2295 2071,2295 2116,2295 2161,2295 2206,2295 2251,2295 2295,2292"/>
                <Word id="r_35_tl_20_w1" custom="readingOrder {index:0;}">
                    <Coords points="1268,2255 1268,2315 1349,2315 1349,2255"/>
                    <TextEquiv>
                        <Unicode>gen.</Unicode>
                    </TextEquiv>
                </Word>
                <Word id="r_35_tl_20_w2" custom="readingOrder {index:1;}">
                    <Coords points="1398,2255 1398,2315 1484,2315 1484,2255"/>
                    <TextEquiv>
                        <Unicode>Man</Unicode>
                    </TextEquiv>
                </Word>
                <Word id="r_35_tl_20_w3" custom="readingOrder {index:2;}">
                    <Coords points="1512,2249 1512,2309 1599,2309 1599,2249"/>
                    <TextEquiv>
                        <Unicode>sollte</Unicode>
                    </TextEquiv>
                </Word>
                <Word id="r_35_tl_20_w4" custom="readingOrder {index:3;}">
                    <Coords points="1621,2249 1621,2309 1653,2309 1653,2249"/>
                    <TextEquiv>
                        <Unicode>an</Unicode>
                    </TextEquiv>
                </Word>
                <Word id="r_35_tl_20_w5" custom="readingOrder {index:4;}">
                    <Coords points="1681,2251 1681,2311 1827,2311 1827,2251"/>
                    <TextEquiv>
                        <Unicode>manchen</Unicode>
                    </TextEquiv>
                </Word>
                <Word id="r_35_tl_20_w6" custom="readingOrder {index:5;}">
                    <Coords points="1860,2253 1860,2313 1957,2313 1957,2253"/>
                    <TextEquiv>
                        <Unicode>Orten</Unicode>
                    </TextEquiv>
                </Word>
                <Word id="r_35_tl_20_w7" custom="readingOrder {index:6;}">
                    <Coords points="1990,2255 1990,2315 2022,2315 2022,2255"/>
                    <TextEquiv>
                        <Unicode>z.</Unicode>
                    </TextEquiv>
                </Word>
                <Word id="r_35_tl_20_w8" custom="readingOrder {index:7;}">
                    <Coords points="2045,2255 2045,2315 2088,2315 2088,2255"/>
                    <TextEquiv>
                        <Unicode>E.</Unicode>
                    </TextEquiv>
                </Word>
                <Word id="r_35_tl_20_w9" custom="readingOrder {index:8;}">
                    <Coords points="2116,2255 2116,2315 2158,2315 2158,2255"/>
                    <TextEquiv>
                        <Unicode>wo</Unicode>
                    </TextEquiv>
                </Word>
                <Word id="r_35_tl_20_w10" custom="readingOrder {index:9;}">
                    <Coords points="2186,2255 2186,2315 2212,2315 2212,2255"/>
                    <TextEquiv>
                        <Unicode>er</Unicode>
                    </TextEquiv>
                </Word>
                <Word id="r_35_tl_20_w11" custom="readingOrder {index:10;}">
                    <Coords points="2235,2254 2235,2314 2283,2314 2283,2254"/>
                    <TextEquiv>
                        <Unicode>die</Unicode>
                    </TextEquiv>
                </Word>
                <TextEquiv>
                    <Unicode>gen. Man sollte an manchen Orten z. E. wo er die</Unicode>
                </TextEquiv>
            </TextLine>
            <TextLine id="r_35_tl_21" custom="readingOrder {index:20;}">
                <Coords points="1269,2355 2293,2360 2266,2308 1269,2308"/>
                <Baseline points="1277,2343 1310,2343 1355,2343 1400,2343 1444,2343 1489,2340 1534,2340 1579,2340 1624,2337 1668,2340 1713,2337 1758,2340 1803,2340 1848,2343 1892,2343 1937,2343 1982,2343 2027,2343 2071,2340 2116,2346 2161,2343 2206,2343 2251,2343 2295,2340"/>
                <Word id="r_35_tl_21_w1" custom="readingOrder {index:0;}">
                    <Coords points="1269,2303 1269,2363 1590,2363 1590,2303"/>
                    <TextEquiv>
                        <Unicode>Unvollständigkeit</Unicode>
                    </TextEquiv>
                </Word>
                <Word id="r_35_tl_21_w2" custom="readingOrder {index:1;}">
                    <Coords points="1612,2297 1612,2357 1659,2357 1659,2297"/>
                    <TextEquiv>
                        <Unicode>des</Unicode>
                    </TextEquiv>
                </Word>
                <Word id="r_35_tl_21_w3" custom="readingOrder {index:2;}">
                    <Coords points="1692,2300 1692,2360 1863,2360 1863,2300"/>
                    <TextEquiv>
                        <Unicode>Beweises</Unicode>
                    </TextEquiv>
                </Word>
                <Word id="r_35_tl_21_w4" custom="readingOrder {index:3;}">
                    <Coords points="1885,2303 1885,2363 1943,2363 1943,2303"/>
                    <TextEquiv>
                        <Unicode>aus</Unicode>
                    </TextEquiv>
                </Word>
                <Word id="r_35_tl_21_w5" custom="readingOrder {index:4;}">
                    <Coords points="1970,2303 1970,2363 2023,2363 2023,2303"/>
                    <TextEquiv>
                        <Unicode>den</Unicode>
                    </TextEquiv>
                </Word>
                <Word id="r_35_tl_21_w6" custom="readingOrder {index:5;}">
                    <Coords points="2051,2303 2051,2363 2290,2363 2290,2303"/>
                    <TextEquiv>
                        <Unicode>Wunderwer¬</Unicode>
                    </TextEquiv>
                </Word>
                <TextEquiv>
                    <Unicode>Unvollständigkeit des Beweises aus den Wunderwer¬</Unicode>
                </TextEquiv>
            </TextLine>
            <TextLine id="r_35_tl_22" custom="readingOrder {index:21;}">
                <Coords points="1269,2405 2214,2416 2286,2405 2286,2366 1268,2364"/>
                <Baseline points="1277,2397 1304,2394 1349,2394 1394,2394 1439,2391 1483,2391 1528,2391 1573,2391 1618,2391 1662,2388 1707,2388 1752,2391 1797,2391 1842,2394 1886,2394 1931,2394 1976,2394 2021,2394 2065,2394 2110,2394 2155,2394 2200,2394 2245,2391 2289,2391"/>
                <Word id="r_35_tl_22_w1" custom="readingOrder {index:0;}">
                    <Coords points="1263,2356 1263,2416 1309,2416 1309,2356"/>
                    <TextEquiv>
                        <Unicode>ken</Unicode>
                    </TextEquiv>
                </Word>
                <Word id="r_35_tl_22_w2" custom="readingOrder {index:1;}">
                    <Coords points="1351,2351 1351,2411 1532,2411 1532,2351"/>
                    <TextEquiv>
                        <Unicode>vorträgt,</Unicode>
                    </TextEquiv>
                </Word>
                <Word id="r_35_tl_22_w3" custom="readingOrder {index:2;}">
                    <Coords points="1569,2349 1569,2409 1718,2409 1718,2349"/>
                    <TextEquiv>
                        <Unicode>beynahe</Unicode>
                    </TextEquiv>
                </Word>
                <Word id="r_35_tl_22_w4" custom="readingOrder {index:3;}">
                    <Coords points="1745,2352 1745,2412 1890,2412 1890,2352"/>
                    <TextEquiv>
                        <Unicode>denken,</Unicode>
                    </TextEquiv>
                </Word>
                <Word id="r_35_tl_22_w5" custom="readingOrder {index:4;}">
                    <Coords points="1921,2354 1921,2414 1973,2414 1973,2354"/>
                    <TextEquiv>
                        <Unicode>als</Unicode>
                    </TextEquiv>
                </Word>
                <Word id="r_35_tl_22_w6" custom="readingOrder {index:5;}">
                    <Coords points="2010,2354 2010,2414 2097,2414 2097,2354"/>
                    <TextEquiv>
                        <Unicode>wenn</Unicode>
                    </TextEquiv>
                </Word>
                <Word id="r_35_tl_22_w7" custom="readingOrder {index:6;}">
                    <Coords points="2139,2354 2139,2414 2170,2414 2170,2354"/>
                    <TextEquiv>
                        <Unicode>er</Unicode>
                    </TextEquiv>
                </Word>
                <Word id="r_35_tl_22_w8" custom="readingOrder {index:7;}">
                    <Coords points="2207,2351 2207,2411 2258,2411 2258,2351"/>
                    <TextEquiv>
                        <Unicode>dem</Unicode>
                    </TextEquiv>
                </Word>
                <TextEquiv>
                    <Unicode>ken vorträgt, beynahe denken, als wenn er dem</Unicode>
                </TextEquiv>
            </TextLine>
            <TextLine id="r_35_tl_23" custom="readingOrder {index:22;}">
                <Coords points="1264,2459 2295,2452 2262,2402 1264,2413"/>
                <Baseline points="1271,2445 1313,2448 1358,2445 1403,2442 1447,2442 1492,2442 1537,2439 1582,2439 1627,2436 1671,2436 1716,2439 1761,2439 1806,2439 1851,2442 1895,2445 1940,2445 1985,2445 2030,2445 2074,2445 2119,2445 2164,2442 2209,2442 2254,2442 2298,2442"/>
                <Word id="r_35_tl_23_w1" custom="readingOrder {index:0;}">
                    <Coords points="1270,2406 1270,2466 1409,2466 1409,2406"/>
                    <TextEquiv>
                        <Unicode>Hume</Unicode>
                    </TextEquiv>
                </Word>
                <Word id="r_35_tl_23_w2" custom="readingOrder {index:1;}">
                    <Coords points="1443,2399 1443,2459 1626,2459 1626,2399"/>
                    <TextEquiv>
                        <Unicode>nachredet.</Unicode>
                    </TextEquiv>
                </Word>
                <Word id="r_35_tl_23_w3" custom="readingOrder {index:2;}">
                    <Coords points="1676,2397 1676,2457 1724,2457 1724,2397"/>
                    <TextEquiv>
                        <Unicode>Er</Unicode>
                    </TextEquiv>
                </Word>
                <Word id="r_35_tl_23_w4" custom="readingOrder {index:3;}">
                    <Coords points="1746,2399 1746,2459 1800,2459 1800,2399"/>
                    <TextEquiv>
                        <Unicode>hat</Unicode>
                    </TextEquiv>
                </Word>
                <Word id="r_35_tl_23_w5" custom="readingOrder {index:4;}">
                    <Coords points="1827,2405 1827,2465 1989,2465 1989,2405"/>
                    <TextEquiv>
                        <Unicode>eigentlich</Unicode>
                    </TextEquiv>
                </Word>
                <Word id="r_35_tl_23_w6" custom="readingOrder {index:5;}">
                    <Coords points="2028,2405 2028,2465 2086,2465 2086,2405"/>
                    <TextEquiv>
                        <Unicode>nur</Unicode>
                    </TextEquiv>
                </Word>
                <Word id="r_35_tl_23_w7" custom="readingOrder {index:6;}">
                    <Coords points="2120,2402 2120,2462 2206,2462 2206,2402"/>
                    <TextEquiv>
                        <Unicode>einen</Unicode>
                    </TextEquiv>
                </Word>
                <Word id="r_35_tl_23_w8" custom="readingOrder {index:7;}">
                    <Coords points="2244,2402 2244,2462 2287,2462 2287,2402"/>
                    <TextEquiv>
                        <Unicode>fe¬</Unicode>
                    </TextEquiv>
                </Word>
                <TextEquiv>
                    <Unicode>Hume nachredet. Er hat eigentlich nur einen fe¬</Unicode>
                </TextEquiv>
            </TextLine>
            <TextLine id="r_35_tl_24" custom="readingOrder {index:23;}">
                <Coords points="1276,2510 2289,2513 2277,2455 1276,2460"/>
                <Baseline points="1283,2495 1307,2495 1352,2492 1397,2489 1442,2489 1486,2489 1531,2486 1576,2486 1621,2486 1665,2486 1710,2486 1755,2489 1800,2489 1845,2492 1889,2492 1934,2492 1979,2492 2024,2495 2068,2495 2113,2492 2158,2495 2203,2492 2248,2495 2292,2492"/>
                <Word id="r_35_tl_24_w1" custom="readingOrder {index:0;}">
                    <Coords points="1271,2455 1271,2515 1326,2515 1326,2455"/>
                    <TextEquiv>
                        <Unicode>sten</Unicode>
                    </TextEquiv>
                </Word>
                <Word id="r_35_tl_24_w2" custom="readingOrder {index:1;}">
                    <Coords points="1355,2449 1355,2509 1494,2509 1494,2449"/>
                    <TextEquiv>
                        <Unicode>Beweis</Unicode>
                    </TextEquiv>
                </Word>
                <Word id="r_35_tl_24_w3" custom="readingOrder {index:2;}">
                    <Coords points="1522,2446 1522,2506 1572,2506 1572,2446"/>
                    <TextEquiv>
                        <Unicode>für</Unicode>
                    </TextEquiv>
                </Word>
                <Word id="r_35_tl_24_w4" custom="readingOrder {index:3;}">
                    <Coords points="1606,2446 1606,2506 1655,2506 1655,2446"/>
                    <TextEquiv>
                        <Unicode>die</Unicode>
                    </TextEquiv>
                </Word>
                <Word id="r_35_tl_24_w5" custom="readingOrder {index:4;}">
                    <Coords points="1679,2449 1679,2509 1940,2509 1940,2449"/>
                    <TextEquiv>
                        <Unicode>Offenbarung,</Unicode>
                    </TextEquiv>
                </Word>
                <Word id="r_35_tl_24_w6" custom="readingOrder {index:5;}">
                    <Coords points="1969,2455 1969,2515 2108,2515 2108,2455"/>
                    <TextEquiv>
                        <Unicode>nämlich</Unicode>
                    </TextEquiv>
                </Word>
                <Word id="r_35_tl_24_w7" custom="readingOrder {index:6;}">
                    <Coords points="2142,2454 2142,2514 2191,2514 2191,2454"/>
                    <TextEquiv>
                        <Unicode>der</Unicode>
                    </TextEquiv>
                </Word>
                <Word id="r_35_tl_24_w8" custom="readingOrder {index:7;}">
                    <Coords points="2220,2454 2220,2514 2280,2514 2280,2454"/>
                    <TextEquiv>
                        <Unicode>aus</Unicode>
                    </TextEquiv>
                </Word>
                <TextEquiv>
                    <Unicode>sten Beweis für die Offenbarung, nämlich der aus</Unicode>
                </TextEquiv>
            </TextLine>
            <TextLine id="r_35_tl_25" custom="readingOrder {index:24;}">
                <Coords points="1269,2554 2293,2557 2293,2509 2208,2499 1269,2512"/>
                <Baseline points="1277,2543 1322,2546 1367,2543 1412,2540 1456,2537 1501,2537 1546,2537 1591,2534 1636,2534 1680,2534 1725,2537 1770,2537 1815,2540 1859,2540 1904,2543 1949,2543 1994,2543 2039,2546 2083,2546 2128,2546 2173,2546 2218,2540 2263,2543 2295,2543"/>
                <Word id="r_35_tl_25_w1" custom="readingOrder {index:0;}">
                    <Coords points="1271,2504 1271,2564 1318,2564 1318,2504"/>
                    <TextEquiv>
                        <Unicode>dem</Unicode>
                    </TextEquiv>
                </Word>
                <Word id="r_35_tl_25_w2" custom="readingOrder {index:1;}">
                    <Coords points="1361,2498 1361,2558 1506,2558 1506,2498"/>
                    <TextEquiv>
                        <Unicode>Zeugniß</Unicode>
                    </TextEquiv>
                </Word>
                <Word id="r_35_tl_25_w3" custom="readingOrder {index:2;}">
                    <Coords points="1531,2494 1531,2554 1683,2554 1683,2494"/>
                    <TextEquiv>
                        <Unicode>Christi,</Unicode>
                    </TextEquiv>
                </Word>
                <Word id="r_35_tl_25_w4" custom="readingOrder {index:3;}">
                    <Coords points="1702,2497 1702,2557 1755,2557 1755,2497"/>
                    <TextEquiv>
                        <Unicode>der</Unicode>
                    </TextEquiv>
                </Word>
                <Word id="r_35_tl_25_w5" custom="readingOrder {index:4;}">
                    <Coords points="1786,2499 1786,2559 1834,2559 1834,2499"/>
                    <TextEquiv>
                        <Unicode>als</Unicode>
                    </TextEquiv>
                </Word>
                <Word id="r_35_tl_25_w6" custom="readingOrder {index:5;}">
                    <Coords points="1871,2502 1871,2562 1913,2562 1913,2502"/>
                    <TextEquiv>
                        <Unicode>ein</Unicode>
                    </TextEquiv>
                </Word>
                <Word id="r_35_tl_25_w7" custom="readingOrder {index:6;}">
                    <Coords points="1944,2506 1944,2566 2162,2566 2162,2506"/>
                    <TextEquiv>
                        <Unicode>Abgesandter</Unicode>
                    </TextEquiv>
                </Word>
                <Word id="r_35_tl_25_w8" custom="readingOrder {index:7;}">
                    <Coords points="2187,2501 2187,2561 2289,2561 2289,2501"/>
                    <TextEquiv>
                        <Unicode>GOt¬</Unicode>
                    </TextEquiv>
                </Word>
                <TextEquiv>
                    <Unicode>dem Zeugniß Christi, der als ein Abgesandter GOt¬</Unicode>
                </TextEquiv>
            </TextLine>
            <TextLine id="r_35_tl_26" custom="readingOrder {index:25;}">
                <Coords points="1269,2607 2289,2601 2289,2562 2231,2554 1269,2556"/>
                <Baseline points="1277,2591 1322,2591 1367,2591 1412,2588 1456,2585 1501,2585 1546,2585 1591,2585 1636,2585 1680,2585 1725,2588 1770,2585 1815,2588 1859,2588 1904,2594 1949,2594 1994,2594 2039,2594 2083,2594 2128,2594 2173,2594 2218,2591 2263,2591 2292,2591"/>
                <Word id="r_35_tl_26_w1" custom="readingOrder {index:0;}">
                    <Coords points="1272,2551 1272,2611 1318,2611 1318,2551"/>
                    <TextEquiv>
                        <Unicode>tes</Unicode>
                    </TextEquiv>
                </Word>
                <Word id="r_35_tl_26_w2" custom="readingOrder {index:1;}">
                    <Coords points="1345,2550 1345,2610 1391,2610 1391,2550"/>
                    <TextEquiv>
                        <Unicode>die</Unicode>
                    </TextEquiv>
                </Word>
                <Word id="r_35_tl_26_w3" custom="readingOrder {index:2;}">
                    <Coords points="1412,2545 1412,2605 1584,2605 1584,2545"/>
                    <TextEquiv>
                        <Unicode>Schriften</Unicode>
                    </TextEquiv>
                </Word>
                <Word id="r_35_tl_26_w4" custom="readingOrder {index:3;}">
                    <Coords points="1611,2545 1611,2605 1750,2605 1750,2545"/>
                    <TextEquiv>
                        <Unicode>Mosis,</Unicode>
                    </TextEquiv>
                </Word>
                <Word id="r_35_tl_26_w5" custom="readingOrder {index:4;}">
                    <Coords points="1779,2547 1779,2607 1831,2607 1831,2547"/>
                    <TextEquiv>
                        <Unicode>der</Unicode>
                    </TextEquiv>
                </Word>
                <Word id="r_35_tl_26_w6" custom="readingOrder {index:5;}">
                    <Coords points="1858,2554 1858,2614 2044,2614 2044,2554"/>
                    <TextEquiv>
                        <Unicode>Propheten</Unicode>
                    </TextEquiv>
                </Word>
                <Word id="r_35_tl_26_w7" custom="readingOrder {index:6;}">
                    <Coords points="2085,2554 2085,2614 2144,2614 2144,2554"/>
                    <TextEquiv>
                        <Unicode>und</Unicode>
                    </TextEquiv>
                </Word>
                <Word id="r_35_tl_26_w8" custom="readingOrder {index:7;}">
                    <Coords points="2178,2551 2178,2611 2277,2611 2277,2551"/>
                    <TextEquiv>
                        <Unicode>seiner</Unicode>
                    </TextEquiv>
                </Word>
                <TextEquiv>
                    <Unicode>tes die Schriften Mosis, der Propheten und seiner</Unicode>
                </TextEquiv>
            </TextLine>
            <TextLine id="r_35_tl_27" custom="readingOrder {index:26;}">
                <Coords points="1276,2655 2286,2657 2286,2616 2228,2601 1276,2605"/>
                <Baseline points="1283,2642 1304,2642 1349,2642 1394,2639 1439,2639 1483,2636 1528,2636 1573,2636 1618,2633 1662,2633 1707,2636 1752,2636 1797,2636 1842,2639 1886,2642 1931,2642 1976,2642 2021,2642 2065,2642 2110,2642 2155,2642 2200,2639 2245,2639 2289,2639"/>
                <Word id="r_35_tl_27_w1" custom="readingOrder {index:0;}">
                    <Coords points="1277,2602 1277,2662 1409,2662 1409,2602"/>
                    <TextEquiv>
                        <Unicode>Apostel</Unicode>
                    </TextEquiv>
                </Word>
                <Word id="r_35_tl_27_w2" custom="readingOrder {index:1;}">
                    <Coords points="1427,2598 1427,2658 1479,2658 1479,2598"/>
                    <TextEquiv>
                        <Unicode>für</Unicode>
                    </TextEquiv>
                </Word>
                <Word id="r_35_tl_27_w3" custom="readingOrder {index:2;}">
                    <Coords points="1503,2595 1503,2655 1646,2655 1646,2595"/>
                    <TextEquiv>
                        <Unicode>göttliche</Unicode>
                    </TextEquiv>
                </Word>
                <Word id="r_35_tl_27_w4" custom="readingOrder {index:3;}">
                    <Coords points="1670,2596 1670,2656 1837,2656 1837,2596"/>
                    <TextEquiv>
                        <Unicode>Schriften</Unicode>
                    </TextEquiv>
                </Word>
                <Word id="r_35_tl_27_w5" custom="readingOrder {index:4;}">
                    <Coords points="1867,2602 1867,2662 2063,2662 2063,2602"/>
                    <TextEquiv>
                        <Unicode>ausgegeben</Unicode>
                    </TextEquiv>
                </Word>
                <Word id="r_35_tl_27_w6" custom="readingOrder {index:5;}">
                    <Coords points="2093,2602 2093,2662 2167,2662 2167,2602"/>
                    <TextEquiv>
                        <Unicode>hat.</Unicode>
                    </TextEquiv>
                </Word>
                <Word id="r_35_tl_27_w7" custom="readingOrder {index:6;}">
                    <Coords points="2197,2599 2197,2659 2288,2659 2288,2599"/>
                    <TextEquiv>
                        <Unicode>Die¬</Unicode>
                    </TextEquiv>
                </Word>
                <TextEquiv>
                    <Unicode>Apostel für göttliche Schriften ausgegeben hat. Die¬</Unicode>
                </TextEquiv>
            </TextLine>
            <TextLine id="r_35_tl_28" custom="readingOrder {index:27;}">
                <Coords points="1278,2706 2286,2713 2257,2650 1278,2650"/>
                <Baseline points="1286,2695 1304,2689 1349,2686 1394,2689 1439,2686 1483,2686 1528,2683 1573,2686 1618,2683 1662,2683 1707,2686 1752,2686 1797,2686 1842,2689 1886,2689 1931,2692 1976,2689 2021,2689 2065,2689 2110,2689 2155,2686 2200,2686 2245,2686 2289,2689"/>
                <Word id="r_35_tl_28_w1" custom="readingOrder {index:0;}">
                    <Coords points="1273,2652 1273,2712 1317,2712 1317,2652"/>
                    <TextEquiv>
                        <Unicode>ser</Unicode>
                    </TextEquiv>
                </Word>
                <Word id="r_35_tl_28_w2" custom="readingOrder {index:1;}">
                    <Coords points="1343,2647 1343,2707 1478,2707 1478,2647"/>
                    <TextEquiv>
                        <Unicode>Beweis</Unicode>
                    </TextEquiv>
                </Word>
                <Word id="r_35_tl_28_w3" custom="readingOrder {index:2;}">
                    <Coords points="1504,2645 1504,2705 1644,2705 1644,2645"/>
                    <TextEquiv>
                        <Unicode>beruhet</Unicode>
                    </TextEquiv>
                </Word>
                <Word id="r_35_tl_28_w4" custom="readingOrder {index:3;}">
                    <Coords points="1670,2646 1670,2706 1745,2706 1745,2646"/>
                    <TextEquiv>
                        <Unicode>denn</Unicode>
                    </TextEquiv>
                </Word>
                <Word id="r_35_tl_28_w5" custom="readingOrder {index:4;}">
                    <Coords points="1782,2647 1782,2707 1856,2707 1856,2647"/>
                    <TextEquiv>
                        <Unicode>aber</Unicode>
                    </TextEquiv>
                </Word>
                <Word id="r_35_tl_28_w6" custom="readingOrder {index:5;}">
                    <Coords points="1882,2650 1882,2710 1937,2710 1937,2650"/>
                    <TextEquiv>
                        <Unicode>auf</Unicode>
                    </TextEquiv>
                </Word>
                <Word id="r_35_tl_28_w7" custom="readingOrder {index:6;}">
                    <Coords points="1968,2649 1968,2709 2017,2709 2017,2649"/>
                    <TextEquiv>
                        <Unicode>den</Unicode>
                    </TextEquiv>
                </Word>
                <Word id="r_35_tl_28_w8" custom="readingOrder {index:7;}">
                    <Coords points="2048,2646 2048,2706 2284,2706 2284,2646"/>
                    <TextEquiv>
                        <Unicode>Wunderwer¬</Unicode>
                    </TextEquiv>
                </Word>
                <TextEquiv>
                    <Unicode>ser Beweis beruhet denn aber auf den Wunderwer¬</Unicode>
                </TextEquiv>
            </TextLine>
            <TextLine id="r_35_tl_29" custom="readingOrder {index:28;}">
                <Coords points="1276,2749 2282,2761 2282,2709 2213,2696 1276,2705"/>
                <Baseline points="1283,2737 1328,2737 1373,2737 1418,2734 1462,2734 1507,2734 1552,2734 1597,2734 1642,2731 1686,2731 1731,2734 1776,2737 1821,2737 1865,2737 1910,2737 1955,2740 2000,2740 2045,2740 2089,2737 2134,2737 2179,2737 2224,2737 2269,2740 2286,2740"/>
                <Word id="r_35_tl_29_w1" custom="readingOrder {index:0;}">
                    <Coords points="1271,2697 1271,2757 1319,2757 1319,2697"/>
                    <TextEquiv>
                        <Unicode>ken</Unicode>
                    </TextEquiv>
                </Word>
                <Word id="r_35_tl_29_w2" custom="readingOrder {index:1;}">
                    <Coords points="1347,2694 1347,2754 1498,2754 1498,2694"/>
                    <TextEquiv>
                        <Unicode>Christi,</Unicode>
                    </TextEquiv>
                </Word>
                <Word id="r_35_tl_29_w3" custom="readingOrder {index:2;}">
                    <Coords points="1520,2694 1520,2754 1666,2754 1666,2694"/>
                    <TextEquiv>
                        <Unicode>wodurch</Unicode>
                    </TextEquiv>
                </Word>
                <Word id="r_35_tl_29_w4" custom="readingOrder {index:3;}">
                    <Coords points="1694,2692 1694,2752 1720,2752 1720,2692"/>
                    <TextEquiv>
                        <Unicode>er</Unicode>
                    </TextEquiv>
                </Word>
                <Word id="r_35_tl_29_w5" custom="readingOrder {index:4;}">
                    <Coords points="1748,2696 1748,2756 1781,2756 1781,2696"/>
                    <TextEquiv>
                        <Unicode>an</Unicode>
                    </TextEquiv>
                </Word>
                <Word id="r_35_tl_29_w6" custom="readingOrder {index:5;}">
                    <Coords points="1808,2697 1808,2757 1862,2757 1862,2697"/>
                    <TextEquiv>
                        <Unicode>den</Unicode>
                    </TextEquiv>
                </Word>
                <Word id="r_35_tl_29_w7" custom="readingOrder {index:6;}">
                    <Coords points="1890,2697 1890,2757 1959,2757 1959,2697"/>
                    <TextEquiv>
                        <Unicode>Tag</Unicode>
                    </TextEquiv>
                </Word>
                <Word id="r_35_tl_29_w8" custom="readingOrder {index:7;}">
                    <Coords points="1982,2700 1982,2760 2073,2760 2073,2700"/>
                    <TextEquiv>
                        <Unicode>legt,</Unicode>
                    </TextEquiv>
                </Word>
                <Word id="r_35_tl_29_w9" custom="readingOrder {index:8;}">
                    <Coords points="2106,2697 2106,2757 2160,2757 2160,2697"/>
                    <TextEquiv>
                        <Unicode>daß</Unicode>
                    </TextEquiv>
                </Word>
                <Word id="r_35_tl_29_w10" custom="readingOrder {index:9;}">
                    <Coords points="2193,2697 2193,2757 2274,2757 2274,2697"/>
                    <TextEquiv>
                        <Unicode>seine</Unicode>
                    </TextEquiv>
                </Word>
                <TextEquiv>
                    <Unicode>ken Christi, wodurch er an den Tag legt, daß seine</Unicode>
                </TextEquiv>
            </TextLine>
            <TextLine id="r_35_tl_30" custom="readingOrder {index:29;}">
                <Coords points="1269,2802 2282,2802 2282,2759 2237,2742 2179,2771 1269,2749"/>
                <Baseline points="1277,2788 1322,2788 1367,2788 1412,2785 1456,2785 1501,2782 1546,2782 1591,2782 1636,2782 1680,2785 1725,2782 1770,2785 1815,2782 1859,2788 1904,2788 1949,2788 1994,2788 2039,2788 2083,2788 2128,2788 2173,2788 2218,2788 2263,2791 2286,2794"/>
                <Word id="r_35_tl_30_w1" custom="readingOrder {index:0;}">
                    <Coords points="1275,2747 1275,2807 1479,2807 1479,2747"/>
                    <TextEquiv>
                        <Unicode>Aussprüche</Unicode>
                    </TextEquiv>
                </Word>
                <Word id="r_35_tl_30_w2" custom="readingOrder {index:1;}">
                    <Coords points="1502,2742 1502,2802 1556,2802 1556,2742"/>
                    <TextEquiv>
                        <Unicode>von</Unicode>
                    </TextEquiv>
                </Word>
                <Word id="r_35_tl_30_w3" custom="readingOrder {index:2;}">
                    <Coords points="1590,2744 1590,2804 1749,2804 1749,2744"/>
                    <TextEquiv>
                        <Unicode>göttlichen</Unicode>
                    </TextEquiv>
                </Word>
                <Word id="r_35_tl_30_w4" custom="readingOrder {index:3;}">
                    <Coords points="1783,2747 1783,2807 1932,2807 1932,2747"/>
                    <TextEquiv>
                        <Unicode>Büchern</Unicode>
                    </TextEquiv>
                </Word>
                <Word id="r_35_tl_30_w5" custom="readingOrder {index:4;}">
                    <Coords points="1960,2748 1960,2808 2059,2808 2059,2748"/>
                    <TextEquiv>
                        <Unicode>gültig</Unicode>
                    </TextEquiv>
                </Word>
                <Word id="r_35_tl_30_w6" custom="readingOrder {index:5;}">
                    <Coords points="2082,2748 2082,2808 2164,2808 2164,2748"/>
                    <TextEquiv>
                        <Unicode>sind.</Unicode>
                    </TextEquiv>
                </Word>
                <Word id="r_35_tl_30_w7" custom="readingOrder {index:6;}">
                    <Coords points="2214,2749 2214,2809 2269,2809 2269,2749"/>
                    <TextEquiv>
                        <Unicode>Da</Unicode>
                    </TextEquiv>
                </Word>
                <TextEquiv>
                    <Unicode>Aussprüche von göttlichen Büchern gültig sind. Da</Unicode>
                </TextEquiv>
            </TextLine>
            <TextLine id="r_35_tl_31" custom="readingOrder {index:30;}">
                <Coords points="1273,2852 2286,2852 2254,2797 1273,2800"/>
                <Baseline points="1280,2839 1325,2839 1370,2836 1415,2836 1459,2833 1504,2833 1549,2833 1594,2830 1639,2833 1683,2833 1728,2833 1773,2833 1818,2833 1862,2833 1907,2836 1952,2836 1997,2836 2042,2836 2086,2836 2131,2836 2176,2836 2221,2839 2266,2839 2289,2842"/>
                <Word id="r_35_tl_31_w1" custom="readingOrder {index:0;}">
                    <Coords points="1273,2799 1273,2859 1341,2859 1341,2799"/>
                    <TextEquiv>
                        <Unicode>man</Unicode>
                    </TextEquiv>
                </Word>
                <Word id="r_35_tl_31_w2" custom="readingOrder {index:1;}">
                    <Coords points="1384,2795 1384,2855 1458,2855 1458,2795"/>
                    <TextEquiv>
                        <Unicode>aber</Unicode>
                    </TextEquiv>
                </Word>
                <Word id="r_35_tl_31_w3" custom="readingOrder {index:2;}">
                    <Coords points="1495,2793 1495,2853 1548,2853 1548,2793"/>
                    <TextEquiv>
                        <Unicode>bey</Unicode>
                    </TextEquiv>
                </Word>
                <Word id="r_35_tl_31_w4" custom="readingOrder {index:3;}">
                    <Coords points="1585,2791 1585,2851 1637,2851 1637,2791"/>
                    <TextEquiv>
                        <Unicode>den</Unicode>
                    </TextEquiv>
                </Word>
                <Word id="r_35_tl_31_w5" custom="readingOrder {index:4;}">
                    <Coords points="1675,2793 1675,2853 1844,2853 1844,2793"/>
                    <TextEquiv>
                        <Unicode>Wundern</Unicode>
                    </TextEquiv>
                </Word>
                <Word id="r_35_tl_31_w6" custom="readingOrder {index:5;}">
                    <Coords points="1882,2796 1882,2856 2008,2856 2008,2796"/>
                    <TextEquiv>
                        <Unicode>Christi</Unicode>
                    </TextEquiv>
                </Word>
                <Word id="r_35_tl_31_w7" custom="readingOrder {index:6;}">
                    <Coords points="2036,2796 2036,2856 2104,2856 2104,2796"/>
                    <TextEquiv>
                        <Unicode>eben</Unicode>
                    </TextEquiv>
                </Word>
                <Word id="r_35_tl_31_w8" custom="readingOrder {index:7;}">
                    <Coords points="2147,2798 2147,2858 2278,2858 2278,2798"/>
                    <TextEquiv>
                        <Unicode>dieselbe</Unicode>
                    </TextEquiv>
                </Word>
                <TextEquiv>
                    <Unicode>man aber bey den Wundern Christi eben dieselbe</Unicode>
                </TextEquiv>
            </TextLine>
            <TextLine id="r_35_tl_32" custom="readingOrder {index:31;}">
                <Coords points="1269,2910 2280,2900 2279,2862 2179,2846 1268,2853"/>
                <Baseline points="1277,2887 1322,2889 1367,2887 1412,2884 1456,2884 1501,2884 1546,2884 1591,2881 1636,2884 1680,2884 1725,2884 1770,2884 1815,2884 1859,2884 1904,2884 1949,2887 1994,2884 2039,2887 2083,2887 2128,2887 2173,2887 2218,2889 2263,2889 2283,2889"/>
                <Word id="r_35_tl_32_w1" custom="readingOrder {index:0;}">
                    <Coords points="1274,2847 1274,2907 1423,2907 1423,2847"/>
                    <TextEquiv>
                        <Unicode>Mängel</Unicode>
                    </TextEquiv>
                </Word>
                <Word id="r_35_tl_32_w2" custom="readingOrder {index:1;}">
                    <Coords points="1446,2844 1446,2904 1500,2904 1500,2844"/>
                    <TextEquiv>
                        <Unicode>der</Unicode>
                    </TextEquiv>
                </Word>
                <Word id="r_35_tl_32_w3" custom="readingOrder {index:2;}">
                    <Coords points="1534,2844 1534,2904 1850,2904 1850,2844"/>
                    <TextEquiv>
                        <Unicode>augenscheinlichen</Unicode>
                    </TextEquiv>
                </Word>
                <Word id="r_35_tl_32_w4" custom="readingOrder {index:3;}">
                    <Coords points="1884,2844 1884,2904 2133,2904 2133,2844"/>
                    <TextEquiv>
                        <Unicode>Ueberführung</Unicode>
                    </TextEquiv>
                </Word>
                <Word id="r_35_tl_32_w5" custom="readingOrder {index:4;}">
                    <Coords points="2173,2849 2173,2909 2272,2909 2272,2849"/>
                    <TextEquiv>
                        <Unicode>finden</Unicode>
                    </TextEquiv>
                </Word>
                <TextEquiv>
                    <Unicode>Mängel der augenscheinlichen Ueberführung finden</Unicode>
                </TextEquiv>
            </TextLine>
            <TextLine id="r_35_tl_33" custom="readingOrder {index:32;}">
                <Coords points="1264,2954 2281,2950 2281,2906 2066,2897 1264,2913"/>
                <Baseline points="1271,2937 1316,2937 1361,2937 1406,2937 1450,2934 1495,2934 1540,2931 1585,2931 1630,2934 1674,2934 1719,2934 1764,2934 1809,2934 1854,2931 1898,2934 1943,2934 1988,2934 2033,2934 2077,2937 2122,2937 2167,2934 2212,2937 2257,2940 2283,2943"/>
                <Word id="r_35_tl_33_w1" custom="readingOrder {index:0;}">
                    <Coords points="1270,2897 1270,2957 1374,2957 1374,2897"/>
                    <TextEquiv>
                        <Unicode>muß,</Unicode>
                    </TextEquiv>
                </Word>
                <Word id="r_35_tl_33_w2" custom="readingOrder {index:1;}">
                    <Coords points="1397,2895 1397,2955 1447,2955 1447,2895"/>
                    <TextEquiv>
                        <Unicode>die</Unicode>
                    </TextEquiv>
                </Word>
                <Word id="r_35_tl_33_w3" custom="readingOrder {index:2;}">
                    <Coords points="1475,2893 1475,2953 1524,2953 1524,2893"/>
                    <TextEquiv>
                        <Unicode>der</Unicode>
                    </TextEquiv>
                </Word>
                <Word id="r_35_tl_33_w4" custom="readingOrder {index:3;}">
                    <Coords points="1547,2891 1547,2951 1646,2951 1646,2891"/>
                    <TextEquiv>
                        <Unicode>Verf.</Unicode>
                    </TextEquiv>
                </Word>
                <Word id="r_35_tl_33_w5" custom="readingOrder {index:4;}">
                    <Coords points="1664,2894 1664,2954 1851,2954 1851,2894"/>
                    <TextEquiv>
                        <Unicode>überhaupt</Unicode>
                    </TextEquiv>
                </Word>
                <Word id="r_35_tl_33_w6" custom="readingOrder {index:5;}">
                    <Coords points="1874,2894 1874,2954 1923,2954 1923,2894"/>
                    <TextEquiv>
                        <Unicode>bey</Unicode>
                    </TextEquiv>
                </Word>
                <Word id="r_35_tl_33_w7" custom="readingOrder {index:6;}">
                    <Coords points="1958,2894 1958,2954 2007,2954 2007,2894"/>
                    <TextEquiv>
                        <Unicode>den</Unicode>
                    </TextEquiv>
                </Word>
                <Word id="r_35_tl_33_w8" custom="readingOrder {index:7;}">
                    <Coords points="2035,2897 2035,2957 2206,2957 2206,2897"/>
                    <TextEquiv>
                        <Unicode>Wundern</Unicode>
                    </TextEquiv>
                </Word>
                <Word id="r_35_tl_33_w9" custom="readingOrder {index:8;}">
                    <Coords points="2240,2899 2240,2959 2273,2959 2273,2899"/>
                    <TextEquiv>
                        <Unicode>zu</Unicode>
                    </TextEquiv>
                </Word>
                <TextEquiv>
                    <Unicode>muß, die der Verf. überhaupt bey den Wundern zu</Unicode>
                </TextEquiv>
            </TextLine>
            <TextLine id="r_35_tl_34" custom="readingOrder {index:33;}">
                <Coords points="1269,3009 2286,3007 2286,2951 2237,2947 1269,2953"/>
                <Baseline points="1277,2994 1322,2988 1367,2988 1412,2985 1456,2985 1501,2985 1546,2985 1591,2985 1636,2985 1680,2985 1725,2985 1770,2985 1815,2985 1859,2985 1904,2985 1949,2985 1994,2985 2039,2988 2083,2988 2128,2985 2173,2988 2218,2988 2263,2991 2289,2994"/>
                <Word id="r_35_tl_34_w1" custom="readingOrder {index:0;}">
                    <Coords points="1270,2948 1270,3008 1366,3008 1366,2948"/>
                    <TextEquiv>
                        <Unicode>finden</Unicode>
                    </TextEquiv>
                </Word>
                <Word id="r_35_tl_34_w2" custom="readingOrder {index:1;}">
                    <Coords points="1395,2945 1395,3005 1531,3005 1531,2945"/>
                    <TextEquiv>
                        <Unicode>glaubt:</Unicode>
                    </TextEquiv>
                </Word>
                <Word id="r_35_tl_34_w3" custom="readingOrder {index:2;}">
                    <Coords points="1560,2945 1560,3005 1588,3005 1588,2945"/>
                    <TextEquiv>
                        <Unicode>so</Unicode>
                    </TextEquiv>
                </Word>
                <Word id="r_35_tl_34_w4" custom="readingOrder {index:3;}">
                    <Coords points="1617,2945 1617,3005 1691,3005 1691,2945"/>
                    <TextEquiv>
                        <Unicode>kann</Unicode>
                    </TextEquiv>
                </Word>
                <Word id="r_35_tl_34_w5" custom="readingOrder {index:4;}">
                    <Coords points="1720,2945 1720,3005 1788,3005 1788,2945"/>
                    <TextEquiv>
                        <Unicode>man</Unicode>
                    </TextEquiv>
                </Word>
                <Word id="r_35_tl_34_w6" custom="readingOrder {index:5;}">
                    <Coords points="1823,2945 1823,3005 1964,3005 1964,2945"/>
                    <TextEquiv>
                        <Unicode>hiedurch</Unicode>
                    </TextEquiv>
                </Word>
                <Word id="r_35_tl_34_w7" custom="readingOrder {index:6;}">
                    <Coords points="1999,2948 1999,3008 2090,3008 2090,2948"/>
                    <TextEquiv>
                        <Unicode>einen</Unicode>
                    </TextEquiv>
                </Word>
                <Word id="r_35_tl_34_w8" custom="readingOrder {index:7;}">
                    <Coords points="2125,2948 2125,3008 2272,3008 2272,2948"/>
                    <TextEquiv>
                        <Unicode>gewissen</Unicode>
                    </TextEquiv>
                </Word>
                <TextEquiv>
                    <Unicode>finden glaubt: so kann man hiedurch einen gewissen</Unicode>
                </TextEquiv>
            </TextLine>
            <TextLine id="r_35_tl_35" custom="readingOrder {index:34;}">
                <Coords points="2174,3067 2187,3065 2196,3056 2226,3063 2237,3057 2255,3066 2268,3059 2276,3063 2289,3059 2284,3003 2269,3001 2251,3013 2236,3003 2209,3004 2192,2992 2168,2996"/>
                <Baseline points="2179,3036 2224,3039 2269,3045 2289,3045"/>
                <Word id="r_35_tl_35_w1" custom="readingOrder {index:0;}">
                    <Coords points="2171,2999 2171,3059 2284,3059 2284,2999"/>
                    <TextEquiv>
                        <Unicode>Trug=</Unicode>
                    </TextEquiv>
                </Word>
                <TextEquiv>
                    <Unicode>Trug=</Unicode>
                </TextEquiv>
            </TextLine>
            <TextEquiv>
                <Unicode></Unicode>
            </TextEquiv>
        </TextRegion>
    </Page>
</PcGts>
