2479 3508
1203 1612 1754 1711 den 22. April, 1765.
625 1615 1170 1719 32tes Stück. Montag
546 1698 757 1780 Leipzig.
147 1805 1163 1884 Prediger, über allerley in das Predigtamt, und
165 1866 1168 1932 "wahre Christenthum einschlagende Materie 6½ B.
142 1909 411 1970 in 8, 1764.
147 2001 1168 2064 zwoer Herrn Geistlichen betrogen, suchten wir in
150 2049 1170 2110 diesem Buch sehr würdige Materien, und eben sol¬
145 2100 1170 2155 che Amtsbrüͤder unterreden sich "vom Beyfall
150 2150 1170 2221 der Prediger in großen Städten" und
152 2201 1170 2259 auf den Lande: "Von denen Neujahrswün¬
165 2252 1160 2308 schen auf der Canzel," (wobey eine erbärmlich
162 2303 1168 2356 Poesie, die weiland! in Sachsen zum Neujahr ab¬
155 2356 1170 2437 gekanzelt worden, beygefüget ist.) Sie reden ferner
185 2397 1163 2452 'von denen Lastern auf den Lande, und in
162 2440 490 2503 denen Städtern
607 2445 1165 2506 "Von denen betrübten
160 2488 2196 2544 Kriegszeiten, und endlich von der nöthigen bey Gewissensfällen, und müssen viel Lehrgeld ge¬
165 2539 1170 2610 Landwirthschaft eines Dorfpredigers.
162 2587 1178 2663 Diese letzte Materie gehört zwar in das Capitel von
165 2638 1173 2709 Accidenzien, wie sie aber hier in das, vom wahren
165 2683 1173 2757 Christenthum gehören soll, sehen wir nicht ein. Von
162 2739 1175 2803 denen übrigen die etwa noch dahin gezogen werden
165 2790 1181 2848 könnten, ist nichts besonderes zu merken. Die Ge¬
170 2833 1175 2904 sprächart ist gar nicht sokratisch, und methodisch
178 2881 1193 2978 sondern so, wie man bey einem Glas Bier, und ei¬
1183 1688 2209 1770 ner Pfeife Toback zu sprechen pflegt. Wir glauben
188 1739 2199 1828 „Unterredungen zwischen einem alten und jungen wohl, daß die Herrn Amtsbrüder, Senior und
1186 1803 2206 1874 Junior sich aus guten Absichten unterredet haben;
1186 1858 2206 1914 aber Moses ruft ihnen zu: Wir bringen unse¬
1186 1902 2206 1960 re Jahre zu, wie ein Geschwätz! Ein
206 1942 2204 2011 Abermals betrogen! durch einen schönen Titel paar Blätter aus Luthers und Arnds Schrif¬
1186 1990 2204 2061 ten zu lesen, würden wir ihnen vortheilhafter em¬
1188 2046 2201 2110 pfohlen haben. Freilich wäre es gut, wenn mehr
1193 2094 2196 2163 Pastoralsachen, über Vorfälle des geistlichen Amts
1196 2140 2191 2219 gedruckt würden. Pastoralcollegia werden nicht auf
1193 2196 2199 2259 allen Akademien gehalten; wenigstens hat uns ein
1193 2252 2199 2318 gewisser Geistlicher versichern wollen, daß er 9 Jahr
1186 2298 2199 2356 auf einer Akademie zugebracht habe, ohne daß man
1186 2338 2204 2409 ein solch Collegium denen Cadidaten daselbst in allen
1188 2392 2204 2450 9 Jahren gelesen habe. Daher begehen viele junge
1198 2442 2199 2511 Prediger manche andächtige und betrübte Schnitzer
1196 2541 2122 2605 ben, ehe sie eine Sache recht gesetzt entscheiden.
1290 2592 2201 2650 Die Unterredung in dieser Schrift von der
1193 2633 2206 2704 Landwirthschaft scheinet denen Herrn Verfassern am
1193 2691 2209 2749 besten und flüßigsten vom Munde gegangen zu seyn.
1193 2744 2206 2808 Wundershalben mögen unsere Leser sie selbst durch=
1569 2788 2209 2854 Zuletzt war uns fast bange daß
1201 2795 1358 2861 gehen!
1201 2841 2209 2902 der junge Geistliche endlich noch gar des alten Man¬
1206 2894 2214 2980 nes Schwiegersohn werden dürfte. Doch diesmal
