2479 3508
242 347 513 407 Druckfehlern,
539 344 587 404 die
613 344 668 404 von
694 345 903 405 Hörensagen
941 348 971 408 je
997 348 1157 408 entstehen
1189 345 1243 405 kön

239 394 323 454 ten,
351 394 414 454 und
452 392 483 452 es
521 390 557 450 ist
590 392 653 452 wie
691 393 743 453 das
781 395 945 455 Geräusch
983 396 1072 456 einer
1105 398 1269 458 Klapper¬

250 443 417 503 schlange,
444 441 573 501 welches
601 443 670 503 man
698 446 795 506 hört,
823 448 855 508 ob
882 446 952 506 man
985 447 1022 507 sie
1055 446 1146 506 gleich
1180 446 1265 506 nicht

248 491 341 551 selbst
364 491 386 551 im
431 491 536 551 Grase
558 494 652 554 sieht.
703 497 791 557 Man
825 497 930 557 denkt,
947 497 1019 557 weil
1041 497 1068 557 es
1097 497 1157 557 uns
1180 497 1274 557 selbst

242 542 269 602 in
303 542 417 602 solchen
445 543 548 603 Fällen
587 545 614 605 so
642 545 740 605 gehen
773 545 915 605 könnte,
943 545 1008 605 wie
1036 547 1107 607 man
1140 545 1172 605 es
1206 547 1265 607 von

247 592 366 652 andern
403 593 616 653 vermuthet;
642 595 673 655 so
705 594 788 654 wird
824 592 861 652 es
898 595 970 655 auch
1012 597 1137 657 gehen.
1195 595 1266 655 Und

242 643 317 703 eben
356 643 443 703 dies,
465 644 525 704 daß
553 643 612 703 wir
635 646 689 706 auf
717 643 809 703 solche
832 643 940 703 Weise
957 643 1055 703 andre
1083 646 1170 706 Leute
1198 646 1268 706 nach

247 693 364 753 unsern
407 694 512 754 eignen
550 694 815 754 Empfindungen
858 696 916 756 und
943 695 1144 755 Schicksalen
1182 694 1277 754 beur¬

250 745 401 805 theilen,
434 745 585 805 beweiset
618 743 666 803 die
705 745 894 805 unendliche
933 742 1127 802 Blödigkeit
1155 745 1268 805 unsers

253 795 479 855 Verstandes.
556 790 642 850 Eben
681 792 815 852 dadurch
848 792 984 852 betrügt
1006 793 1076 853 man
1114 795 1189 855 sich,
1217 795 1270 855 daß

247 841 319 901 man
351 843 408 903 das
434 843 486 903 bey
518 840 600 900 einem
653 843 772 903 andern
809 842 861 902 für
893 842 960 902 eine
981 843 1100 903 Quelle
1132 843 1183 903 des
1210 843 1277 903 Un¬

245 894 355 954 glücks
389 893 483 953 hält,
506 891 639 951 welches
679 890 733 950 bey
768 891 828 951 uns
862 894 1162 954 zufälligerweise,
1196 891 1273 951 oder

249 942 344 1002 unter
371 943 450 1003 ganz
478 942 615 1002 fremden
653 942 934 1002 Verknüpfungen
966 945 1040 1005 übel
1062 942 1263 1002 ausschlagen

253 1040 330 1100 cept
347 1040 429 1100 heilt
452 1040 507 1100 alle
529 1040 784 1100 Krankheiten,
806 1042 872 1102 und
906 1040 994 1100 keine
1023 1040 1177 1100 zufällige
1200 1037 1276 1097 Um¬

257 1092 363 1152 stände
384 1091 501 1151 können
539 1091 677 1151 einerley
704 1089 826 1149 Folgen
864 1088 916 1148 bey
950 1088 1029 1148 allen
1066 1091 1199 1151 haben,
1226 1084 1279 1144 die

249 1146 291 1206 sie
308 1141 478 1201 betreffen.
532 1139 596 1199 Ein
623 1136 788 1196 Projekt,
810 1136 948 1196 welches
970 1136 1033 1196 uns
1066 1139 1151 1199 nicht
1178 1133 1284 1193 gelin¬

247 1191 308 1251 gen
335 1187 485 1247 möchte,
511 1184 624 1244 könnte
651 1184 697 1244 dem
739 1184 857 1244 andern
895 1184 961 1244 sehr
993 1185 1086 1245 wohl
1107 1186 1282 1246 gelingen,

244 1235 318 1295 bloß
345 1234 425 1294 weil
447 1234 489 1294 ein
516 1231 649 1291 subtiler
676 1231 788 1291 Zusatz
810 1231 996 1291 dazwischen
1034 1234 1183 1294 kömmt,
1216 1231 1268 1291 den

247 1285 309 1345 wir
335 1284 418 1344 nicht
439 1282 589 1342 brauchen
621 1282 693 1342 noch
730 1282 917 1342 vermuthen
960 1283 1120 1343 konnten,
1147 1283 1203 1343 daß
1240 1282 1271 1342 er

237 1339 290 1399 ihn
321 1335 350 1395 in
381 1333 481 1393 seiner
506 1331 649 1391 Gewalt
667 1331 756 1391 hätte

296 1384 380 1444 Wer
405 1384 484 1444 kann
528 1384 551 1444 so
583 1387 723 1447 thöricht
754 1387 850 1447 seyn,
888 1387 973 1447 einen
1010 1387 1187 1447 Menschen
1224 1387 1272 1447 die

243 1437 494 1497 Nativität
529 1437 631 1497 seines
667 1437 797 1497 Glücks
832 1438 866 1498 zu
901 1440 1038 1500 stellen,
1079 1440 1158 1500 weil
1188 1440 1267 1500 seine

241 1487 463 1547 Verfassung,
492 1488 577 1548 seine
595 1488 801 1548 Anschläge,
831 1488 916 1548 seine
934 1491 1247 1551 Unternehmungen

251 1539 329 1599 seine
353 1539 581 1599 Handgriffe,
604 1539 689 1599 nicht
724 1539 791 1599 nach
820 1538 883 1598 Art
912 1538 962 1598 der
992 1539 1145 1599 unsrigen
1175 1539 1270 1599 sind?

248 1584 297 1644 Es
332 1585 410 1645 kann
445 1587 508 1647 uns
538 1589 709 1649 scheinen,
735 1586 793 1646 daß
828 1584 857 1644 er
887 1584 1147 1644 verschwendet,
1172 1585 1260 1645 wenn

249 1633 278 1693 er
304 1631 440 1691 wirklich
471 1634 602 1694 sparet,
623 1633 693 1693 bloß
724 1631 799 1691 weil
825 1631 885 1691 wir
916 1631 1001 1691 einen
1037 1631 1274 1691 weggeschenk¬

248 1680 292 1740 ten
322 1679 513 1739 Groschen,
539 1679 597 1739 aus
632 1676 858 1736 übertriebnem
903 1676 986 1736 Geiz
1016 1676 1114 1736 höher
1144 1676 1252 1736 halten

251 1728 304 1788 als
330 1727 383 1787 er;
413 1726 471 1786 und
496 1724 574 1784 weil
595 1724 653 1784 wir
673 1724 717 1784 die
742 1722 869 1782 Canäle
894 1723 943 1783 für
978 1724 1036 1784 uns
1066 1724 1267 1784 verschlossen

254 1776 389 1836 finden,
413 1775 508 1835 durch
538 1772 649 1832 welche
679 1772 726 1832 ihm
780 1772 838 1832 sein
863 1772 974 1832 Witz,
998 1775 1051 1835 die
1076 1772 1187 1832 Zinsen
1223 1771 1275 1831 sei¬

247 1824 307 1884 nes
338 1822 519 1882 Groschens
550 1822 689 1882 reichlich
714 1820 835 1880 erhält.

290 1878 417 1938 Jedoch
455 1876 550 1936 dieser
589 1876 709 1936 Fehler
741 1873 912 1933 kleiner
945 1873 1179 1933 Einsichten
1231 1873 1268 1933 ist

251 1929 324 1989 noch
353 1930 403 1990 der
426 1930 585 1990 geringste
608 1930 698 1990 gegen
733 1927 777 1987 die
795 1926 891 1986 große
914 1927 1038 1987 Menge
1061 1929 1118 1989 von
1141 1927 1259 1987 Lastern

249 1978 300 2038 die
332 1978 357 2038 in
399 1980 450 2040 der
482 1978 673 2038 Medisance
710 1978 890 2038 zusammen
927 1978 1066 2038 fließen.
1093 1975 1102 2035 -

247 2031 354 2091 nenne
376 2031 440 2091 mir
463 2030 505 2090 ein
533 2031 673 2091 einziges
700 2028 829 2088 Laster,
851 2028 980 2088 welches
1013 2028 1083 2088 man
1121 2025 1202 2085 nicht
1229 2025 1255 2085 in
1305 2028 1444 2088 Händen
1477 2028 1558 2088 eines
1585 2031 1757 2091 Königs
1785 2031 1876 2091 sieht,
1887 2031 1936 2091 der
1963 2034 2076 2094 immer
2098 2034 2146 2094 der
2163 2034 2318 2094 Unschuld

252 2079 336 2139 seine
358 2081 489 2141 Dienste
506 2079 690 2139 ansprechen
717 2079 843 2139 müͤßte,
859 2079 896 2139 um
939 2076 1081 2136 glücklich
1108 2079 1271 2139 verleum¬

247 2128 304 2188 den
331 2129 362 2189 zu
395 2127 533 2187 können,
560 2127 633 2187 oder
655 2127 787 2187 welches
814 2126 873 2186 uns
900 2127 984 2187 nicht
1001 2127 1064 2187 mit
1080 2127 1181 2187 seinen
1203 2123 1276 2183 Fol¬

243 2179 300 2239 gen
334 2175 492 2235 bestraft,
517 2175 651 2235 nachdem
690 2175 761 2235 man
791 2175 992 2235 verleumdet
1012 2172 1083 2232 hat.

291 2223 339 2283 Um
382 2223 499 2283 andern
531 2222 589 2282 mit
617 2223 739 2283 einigem
782 2223 904 2283 Schein
947 2220 994 2280 der
1016 2220 1202 2280 Wahrheit
1230 2220 1261 2280 zu

245 2274 377 2334 sagen,
400 2270 454 2330 daß
483 2270 577 2330 unser
600 2270 671 2330 Fall
694 2270 781 2330 nahe
810 2270 881 2330 sey,
909 2267 981 2327 muß
1020 2267 1086 2327 man
1126 2269 1175 2329 sich
1208 2267 1269 2327 auf

247 2324 306 2384 den
344 2324 479 2384 Flügeln
512 2318 566 2378 der
593 2318 809 2378 Neugierde,
837 2316 863 2376 in
902 2318 1015 2378 unsere
1043 2318 1172 2378 Häuser
1205 2318 1263 2378 und

245 2377 426 2437 Zimmer,
449 2372 477 2432 ja
512 2369 562 2429 bis
591 2369 619 2429 in
653 2369 766 2429 unsern
801 2368 1021 2428 verschloßnen
1056 2369 1141 2429 Pult
1169 2366 1270 2426 schlei¬

242 2425 335 2485 chen.
382 2423 475 2483 Man
507 2421 579 2481 muß
606 2420 783 2480 errathen,
815 2417 882 2477 was
913 2417 944 2477 in
981 2420 1090 2480 unsern
1121 2417 1261 2477 Briefen

248 2476 358 2536 steht;
386 2475 457 2535 man
486 2472 557 2532 muß
586 2467 679 2527 solche
702 2464 922 2524 dienstfertige
945 2469 1066 2529 Seelen
1100 2467 1271 2527 miethen:

249 2524 301 2584 die
334 2525 396 2585 uns
434 2522 640 2582 auflauren;
667 2520 735 2580 man
778 2518 851 2578 muß
894 2517 941 2577 die
973 2521 1084 2581 Lüge,
1111 2521 1168 2581 und
1206 2518 1258 2578 den

251 2575 431 2635 Kunstgrif
455 2577 505 2637 der
528 2572 703 2632 Grobheit
726 2569 754 2629 zu
783 2566 884 2626 Hülfe
907 2566 1065 2626 nehmen.

299 2617 373 2677 Die
405 2626 601 2686 Medisance
628 2622 765 2682 stammt
787 2617 1004 2677 unmittelbar
1036 2619 1094 2679 aus
1132 2617 1179 2677 der
1206 2614 1269 2674 Ab¬

247 2670 347 2730 gunst
369 2671 438 2731 oder
465 2674 512 2734 dem
555 2673 793 2733 Brodtneide;
820 2668 884 2728 und
911 2665 974 2725 was
1001 2667 1038 2727 ist
1054 2666 1149 2726 dieser
1176 2664 1260 2724 Neid

247 2718 399 2778 anders,
426 2719 473 2779 als
511 2719 552 2779 ein
579 2724 721 2784 Beweis
748 2719 864 2779 unsrer
891 2718 1171 2778 unausstehlichen
1198 2715 1271 2775 Ge¬

251 2767 460 2827 winnsucht,
483 2766 543 2826 und
571 2773 754 2833 desjenigen
788 2769 1103 2829 Menschenhasses,
1137 2767 1169 2827 da
1203 2765 1263 2825 wir

246 2820 344 2880 lieber
368 2817 437 2877 eine
461 2817 560 2877 ganze
578 2820 717 2880 Familie
736 2823 771 2883 am
812 2822 1016 2882 Bettelstabe
1046 2820 1132 2880 sehen
1162 2817 1243 2877 möch

242 2869 328 2929 ten,
350 2869 399 2929 als
432 2867 485 2927 daß
525 2864 583 2924 wir
611 2868 719 2928 einige
747 2870 888 2930 hundert
910 2871 1035 2931 Thaler
1062 2867 1122 2927 von
1155 2867 1252 2927 denen

238 2924 312 2984 jene
338 2921 444 2981 lebet,
470 2918 495 2978 in
521 2918 633 2978 unserm
671 2921 784 2981 Kasten
810 2925 954 2985 weniger
980 2926 1079 2986 haben
1112 2923 1249 2983 sollten?

1303 347 1394 407 wenn
1428 345 1487 405 wir
1510 348 1536 408 es
1564 351 1634 411 auch
1668 349 1727 409 nur
1750 351 1972 411 vermuthen,
2005 350 2065 410 daß
2098 351 2146 411 der
2174 351 2331 411 Nachbar

1304 397 1396 457 durch
1433 396 1515 456 einen
1553 398 1827 458 ausgesprengten
1869 398 2033 458 Verdacht
2060 398 2158 458 leiden
2195 401 2334 461 würde:

1304 446 1330 506 so
1357 446 1468 506 müßte
1490 446 1580 506 uns,
1607 446 1691 506 wenn
1729 446 1786 506 wir
1814 449 1899 509 einen
1926 449 2052 509 Funken
2090 449 2148 509 von
2180 452 2334 512 Mensch¬

1302 497 1429 557 lichkeit
1451 497 1477 557 in
1509 499 1567 559 uns
1594 496 1731 556 hätten,
1764 495 1806 555 ein
1838 500 1949 560 solches
1987 500 2235 560 vermuthliches
2268 500 2331 560 Lei=

1308 546 1361 606 den
1389 548 1454 608 mit
1471 548 1562 608 Reue
1584 546 1650 606 und
1672 544 1856 604 Wehmuth
1883 549 2046 609 erfüllen,
2074 551 2128 611 daß
2161 552 2220 612 wir
2248 553 2334 613 gele¬

1305 595 1438 655 gentlich
1472 595 1566 655 daran
1600 592 1705 652 schuld
1739 592 1822 652 sind.
1873 595 1972 655 Denn
2012 599 2078 659 was
2112 601 2150 661 ist
2179 601 2334 661 entsetzli¬

1310 646 1404 706 cher,
1431 645 1478 705 als
1500 646 1668 706 jemanden
1700 640 1885 700 unglücklich
1912 641 1943 701 zu
1970 649 2123 709 machen,
2150 652 2239 712 wenn
2271 652 2328 712 wir

1314 694 1454 754 ohnedem
1493 695 1544 755 die
1564 694 1640 754 süße
1660 691 1781 751 Macht
1801 688 1884 748 nicht
1904 692 2031 752 haben,
2058 697 2115 757 ihn
2147 701 2236 761 durch
2263 700 2320 760 uns

1311 745 1460 805 glücklich
1500 745 1525 805 zu
1572 742 1688 802 sehen?
1722 739 1799 799 Die
1826 742 2099 802 Schadenfreude
2132 748 2177 808 ist
2204 751 2320 811 immer

1311 792 1380 852 eine
1413 791 1599 851 Gefährtin
1644 789 1695 849 der
1727 786 1945 846 Medisance,
1990 791 2080 851 wenn
2113 793 2157 853 sie
2190 801 2330 861 gelingt.

1306 840 1379 900 Die
1408 840 1596 900 Eifersucht
1619 839 1732 899 mischt
1761 837 1812 897 sich
1847 840 1909 900 mit
1938 840 2011 900 ein;
2040 842 2097 902 und
2138 846 2211 906 man
2252 849 2319 909 muß

1311 890 1402 950 wohl
1424 888 1483 948 gar
1516 888 1668 948 zuweilen
1701 887 1749 947 die
1771 888 1868 948 Hand
1906 891 2042 951 wirklich
2075 894 2242 954 anlegen,
2270 897 2318 957 den

1304 938 1425 998 andern
1461 936 1654 996 unglücklich
1690 936 1720 996 zu
1756 937 1913 997 machen,
1939 942 1973 1002 um
2025 944 2116 1004 nur,
2142 945 2248 1005 damit
2279 948 2329 1008 der

255 990 389 1050 könnte.
439 990 518 1050 Kein
550 992 635 1052 Rock
661 990 740 1050 paßt
765 994 826 1054 auf
851 992 912 1052 alle
937 992 1072 1052 Leiber,
1110 992 1171 1052 kein
1208 989 1275 1049 Re=
1307 984 1496 1044 Verdacht,
1522 984 1571 1044 den
1602 984 1663 1044 wir
1682 990 1940 1050 aussprengten,
1965 992 2050 1052 wenn
2082 993 2112 1053 er
2131 995 2216 1055 nicht
2235 998 2327 1058 wahr

1304 1034 1447 1094 würde,
1484 1031 1547 1091 uns
1585 1034 1669 1094 nicht
1691 1034 1738 1094 als
1770 1038 1897 1098 Lügner
1929 1041 1992 1101 und
2025 1047 2246 1107 Verleumder
2273 1046 2331 1106 ab¬

1303 1082 1437 1142 mahlen
1465 1082 1573 1142 möge.
1622 1086 1773 1146 Alsdenn
1806 1091 1876 1151 aber
1904 1094 1958 1154 hat
1980 1094 2044 1154 man
2077 1097 2158 1157 nicht
2181 1097 2250 1157 bloß
2278 1096 2320 1156 ein

1311 1133 1448 1193 Unglück
1477 1136 1719 1196 gewahrsaget;
1748 1140 1819 1200 man
1842 1142 1874 1202 ist
1897 1143 1946 1203 der
1969 1143 2134 1203 Schöpfer
2157 1145 2328 1205 desselben.

1307 1181 1375 1241 Und
1418 1185 1535 1245 welche
1567 1190 1742 1250 Nachreue
1780 1192 1854 1252 muß
1891 1193 1960 1253 dies
1998 1193 2135 1253 hernach
2183 1193 2337 1253 erregen,

1305 1231 1396 1291 wenn
1440 1236 1516 1296 man
1559 1237 1656 1297 diesen
1695 1240 1851 1300 Schaden
1901 1240 1993 1300 nicht
2031 1240 2128 1300 mehr
2167 1242 2226 1302 gut
2259 1243 2328 1303 ma¬

1303 1286 1371 1346 chen
1410 1286 1511 1346 kann.

1352 1336 1430 1396 Wie
1449 1336 1527 1396 viele
1552 1337 1655 1397 Laster
1680 1336 1703 1396 in
1734 1339 1819 1399 einem
1862 1339 2050 1399 Einzigen!
2075 1339 2178 1399 dieser
2197 1342 2324 1402 Polype

1303 1390 1359 1450 von
1394 1390 1608 1450 Missethaten
1648 1391 1834 1451 vermehret
1857 1390 1947 1450 sich,
1987 1390 2049 1450 und
2083 1393 2212 1453 spinnet
2241 1393 2320 1453 neue

1305 1440 1435 1500 Zweige
1458 1442 1514 1502 aus
1548 1440 1599 1500 ihm
1633 1440 1746 1500 selbst,
1780 1443 1870 1503 wenn
1910 1443 1977 1503 man
2012 1443 2068 1503 ihm
2119 1446 2209 1506 gleich
2244 1446 2328 1506 hun¬

1300 1488 1390 1548 derte
1418 1488 1648 1548 abgeschnitten
1681 1491 1755 1551 hat.

1342 1533 1391 1593 Es
1414 1535 1453 1595 ist
1476 1539 1503 1599 zu
1532 1539 1721 1599 bedauren,
1756 1539 1817 1599 daß
1845 1539 1895 1599 die
1923 1541 2102 1601 Obrigkeit
2130 1544 2175 1604 die
2215 1542 2326 1602 Medi¬

1307 1587 1394 1647 sance
1431 1587 1518 1647 nicht
1544 1587 1699 1647 häufiger
1730 1585 1756 1645 zu
1792 1587 1952 1647 entdecken
1994 1590 2056 1650 und
2097 1592 2128 1652 zu
2165 1592 2319 1652 bestrafen

1305 1631 1410 1691 sucht;
1437 1631 1500 1691 nur
1532 1631 1574 1691 ein
1611 1631 1727 1691 großer
1759 1631 1896 1691 König
1928 1637 2171 1697 Friedrich,
2192 1640 2292 1700 unse

1304 1676 1446 1736 Vater
1479 1676 1536 1736 hat
1559 1676 1601 1736 die
1622 1676 1701 1736 erste
1723 1678 1791 1738 Ode
1819 1679 1918 1739 seiner
1946 1682 2131 1742 Königl.
2158 1685 2332 1745 Gedich¬

1302 1721 1344 1781 te
1376 1723 1450 1783 dazu
1487 1724 1688 1784 gewidmet,
1721 1726 1778 1786 daß
1816 1726 1863 1786 Er
1895 1725 1948 1785 die
1980 1733 2319 1793 Verleumdung

1304 1770 1361 1830 von
1391 1772 1489 1832 seinem
1536 1775 1669 1835 Throne
1687 1775 1791 1835 stößt,
1821 1775 1878 1835 und
1914 1778 1965 1838 sich
2001 1780 2052 1840 für
2082 1784 2168 1844 ihren
2204 1787 2308 1847 furcht

1305 1822 1399 1882 baren
1433 1822 1533 1882 Feind
1562 1825 1706 1885 erklärt,
1746 1828 1879 1888 welcher
1913 1831 2091 1891 Unterthan
2131 1834 2180 1894 des
2214 1837 2314 1897 besten

1305 1876 1510 1936 Monarchen
1543 1876 1623 1936 sollte
1646 1879 1683 1939 sie
1705 1880 1780 1940 denn
1813 1882 1894 1942 nicht
1916 1885 2067 1945 scheuen,
2100 1885 2159 1945 und
2186 1888 2316 1948 welcher

1295 1930 1480 1990 unschuldig
1508 1930 1725 1990 verleumdete
1748 1932 1835 1992 sollte
1857 1933 1906 1993 sich
1928 1933 2015 1993 nicht
2043 1936 2184 1996 trösten,
2217 1937 2309 1997 wenn

1159 1978 1247 2038 Man
1294 1978 1329 2038 er
1351 1978 1397 2038 die
1423 1981 1584 2041 strafende
1611 1981 1719 2041 Blitze
1740 1984 1843 2044 wider
1875 1983 1921 2043 die
1943 1984 2165 2044 Verleumder
2192 1987 2217 2047 in
2259 1987 2310 2047 den

1303 2079 1346 2139 ein
1379 2078 1576 2138 Schutzgott
1599 2076 1647 2136 ist.

1348 2124 1489 2184 Möchte
1518 2124 1586 2184 doch
1621 2121 1700 2181 diese
1723 2121 1951 2181 Betrachtung
1985 2124 2093 2184 unsere
2122 2127 2315 2187 Mitbürger

1301 2172 1356 2232 von
1397 2169 1493 2229 dieser
1517 2169 1595 2229 Pest
1619 2166 1646 2226 zu
1687 2169 1834 2229 befreyen
1863 2172 2056 2232 anfangen!
2108 2176 2249 2236 Möchte
2278 2181 2317 2241 sie

1299 2219 1391 2279 ihnen
1421 2219 1491 2279 doch
1526 2217 1578 2277 die
1603 2220 1801 2280 Mäßigung
1836 2223 1864 2283 in
1895 2223 2058 2283 Urtheilen
2099 2229 2320 2289 einschärfen:

1305 2269 1333 2329 so
1356 2264 1474 2324 dörften
1509 2267 1542 2327 sie
1571 2267 1621 2327 oft
1639 2267 1718 2327 nicht
1747 2270 1797 2330 die
1821 2273 2046 2333 Beschämung
2081 2276 2233 2336 erleben,
2262 2281 2312 2341 sich

1305 2315 1331 2375 in
1359 2318 1520 2378 Urtheilen
1559 2318 1704 2378 betrogen
1742 2321 1774 2381 zu
1807 2327 1931 2387 haben,
1959 2327 2023 2387 und
2056 2327 2110 2387 den
2143 2331 2320 2391 Verleum¬

1298 2366 1381 2426 deten
1420 2366 1509 2426 durch
1543 2368 1599 2428 den
1633 2372 1766 2432 Schutz
1789 2375 1838 2435 der
1867 2378 2067 2438 Vorsehung
2101 2381 2207 2441 wider
2235 2382 2318 2442 seine

1303 2419 1421 2479 Feinde
1449 2417 1508 2477 mit
1536 2417 1589 2477 dem
1633 2421 1741 2481 Glück
1774 2426 1860 2486 eines
1893 2429 2093 2489 fruchtbaren
2127 2434 2310 2494 Oelbaums

1300 2467 1336 2527 an
1368 2467 1416 2527 den
1448 2467 1694 2527 Wasserbächen
1719 2476 1854 2536 gekrönt
1873 2479 1903 2539 zu
1929 2479 2039 2539 sehen.

2075 2533 2322 2593 K.

1533 2620 1740 2680 Dresden
1779 2626 1841 2686 und
1874 2626 2074 2686 Leipzig.

1343 2664 1508 2724 Hieselbst
1528 2667 1562 2727 ist
1581 2670 1639 2730 auf
1658 2673 1675 2733 2
1705 2673 1765 2733 und
1789 2673 1806 2733 1
1831 2673 1943 2733 halben
1973 2673 2085 2733 Bogen
2116 2674 2145 2734 in
2170 2678 2228 2738 8vo
2247 2681 2317 2741 her=

1292 2718 1575 2778 ausgekommen:
1604 2717 1698 2777 "Die
1721 2723 1832 2783 wahre
1855 2721 1965 2781 Kunst
1988 2721 2043 2781 und
2066 2727 2243 2787 Klugheit,
2261 2730 2316 2790 sei=

1305 2764 1360 2824 "ne
1382 2769 1498 2829 Jahre
1521 2771 1554 2831 zu
1588 2773 1809 2833 vermehren,
1832 2772 1892 2832 und
1926 2772 1975 2832 alt
2003 2772 2030 2832 zu
2065 2775 2219 2835 werden,
2247 2781 2302 2841 von

1302 2810 1375 2870 "M.
1398 2817 1539 2877 Benj.
1563 2823 1748 2883 Bieler,
1794 2822 1930 2882 Senior
1964 2822 1997 2882 zu
2038 2826 2281 2886 Schweidnitz.

1290 2867 1418 2927 Kürzer
1452 2870 1513 2930 und
1542 2873 1731 2933 wohlfeiler
1765 2870 1843 2930 kann
1877 2870 1943 2930 man
1983 2871 2083 2931 keinem
2128 2879 2301 2939 Menschen

1293 2919 1346 2979 das
1371 2921 1512 2981 Recept,
1543 2927 1590 2987 alt
1608 2927 1643 2987 zu
1673 2925 1791 2985 werden
1828 2921 2029 2981 mittheilen,
2054 2927 2100 2987 als
2125 2929 2178 2989 auf
2202 2930 2314 2990 dritte=

2229 2981 2309 3041 halb
