2479 3508
690 1625 770 1685 2tes
814 1631 967 1691 Stück.
1040 1628 1244 1688 Montag,
1289 1627 1347 1687 den
1384 1631 1442 1691 7.
1472 1625 1653 1685 Januar,
1698 1622 1843 1682 1765.

610 1710 861 1770 Beschluß

415 1769 469 1829 der
502 1769 573 1829 letzt
600 1774 839 1834 abgebrochnen
878 1773 1052 1833 Recension

266 1825 351 1885 über
381 1830 473 1890 Hrn.
497 1831 607 1891 Prof.
631 1834 839 1894 Töllners
869 1834 984 1894 wahre
1008 1834 1152 1894 Gründe
1170 1834 1216 1894 rc.

288 1902 357 1962 Der
380 1906 449 1966 Hr.
467 1903 565 1963 Verf.
583 1906 663 1966 weis
693 1908 785 1968 solche
809 1910 976 1970 sinnreiche
1000 1911 1196 1971 Vorschläge
1214 1914 1237 1974 zu

229 1945 243 2005 —
340 1952 446 2012 thun,
457 1954 517 2014 wie
538 1954 584 2014 die
610 1957 762 2017 Beweise
783 1958 898 2018 anders
930 1959 990 2019 und
1016 1960 1107 2020 besser
1133 1960 1239 2020 hätten

225 2005 433 2065 eingerichtet
460 2006 582 2066 werden
620 2008 774 2068 können,
807 2009 865 2069 daß
898 2011 993 2071 unser
1015 2009 1116 2069 HErr
1143 2009 1244 2069 GOtt

236 2055 295 2115 sast
312 2055 398 2115 nicht
425 2057 452 2117 zu
491 2058 712 2118 vertheidigen
740 2060 799 2120 ist,
827 2058 935 2118 warum
984 2060 1010 2120 er
1043 2059 1135 2119 solche
1163 2058 1249 2118 Vor¬

236 2103 348 2163 schlage
375 2106 457 2166 nicht
478 2106 601 2166 damals
632 2109 833 2169 angewandt
854 2109 925 2169 hat.
988 2110 1064 2170 Bey
1091 2112 1142 2172 der
1163 2109 1245 2169 Ein¬

231 2157 389 2217 gebung,
412 2155 468 2215 bey
503 2157 553 2217 der
582 2157 791 2217 Abfassung,
815 2160 871 2220 bey
900 2163 956 2223 dem
997 2163 1155 2223 Inhalt,
1184 2163 1239 2223 bey

232 2205 283 2265 der
320 2205 531 2265 Sammlung
573 2205 624 2265 der
651 2207 701 2267 H.
728 2210 892 2270 Bücher,
919 2211 1048 2271 überall
1074 2212 1151 2272 weis
1177 2211 1244 2271 Hr.

233 2252 429 2312 T==was
465 2255 563 2315 hinzu
600 2255 625 2315 zu
657 2256 765 2316 thun,
791 2261 926 2321 welches
963 2261 1055 2321 mehr
1087 2261 1246 2321 Klarheit

229 2300 327 2360 gåbe.
378 2300 428 2360 Es
456 2303 578 2363 möchte
595 2303 655 2363 uns
683 2306 755 2366 aber
783 2311 849 2371 sehr
872 2309 977 2369 wenig
1000 2312 1110 2372 Mühe
1128 2309 1249 2369 kosten,

231 2351 282 2411 bey
308 2351 432 2411 einigen
458 2354 686 2414 Forderungen
717 2357 748 2417 zu
774 2360 903 2420 zeigen,
919 2360 981 2420 wie
1002 2360 1037 2420 sie
1059 2360 1136 2420 schon
1168 2360 1234 2420 nach

238 2400 287 2460 dem
333 2399 428 2459 ersten
459 2402 589 2462 Anblick
625 2408 811 2468 unmöglich
847 2411 937 2471 sind;
968 2410 1028 2470 und
1064 2413 1124 2473 das
1160 2411 1244 2471 wäre

227 2450 296 2510 auch
328 2449 375 2509 bey
408 2449 455 2509 dem
498 2454 656 2514 frommen
684 2456 822 2516 Wunsch
849 2458 875 2518 zu
907 2461 1039 2521 leisten,
1071 2461 1129 2521 daß
1162 2461 1235 2521 etwa

228 2500 276 2560 der
299 2500 347 2560 H.
369 2500 548 2560 Johannes
581 2503 646 2563 nach
679 2506 772 2566 Hrn.
789 2508 832 2568 T.
849 2509 1038 2569 Vorschlag,
1066 2511 1109 2571 ein
1137 2509 1240 2569 Com¬

229 2551 366 2611 pendium
414 2545 626 2605 Theologiae
659 2555 871 2615 dogmaticae
904 2560 1100 2620 geschrieben
1143 2560 1243 2620 hätte.

222 2602 391 2662 Freylich,
430 2599 489 2659 wir
523 2601 632 2661 hatten
676 2602 703 2662 es
742 2608 812 2668 auch
851 2611 1004 2671 beynahe
1037 2611 1244 2671 gewünscht!

226 2651 301 2711 denn
332 2649 392 2709 wie
423 2649 505 2709 viele
536 2651 631 2711 andre
667 2653 717 2713 bis
749 2655 820 2715 jetzt
846 2658 1008 2718 gedruckte
1034 2658 1241 2718 Compendia

232 2700 337 2760 wären
375 2700 511 2760 alsdenn
549 2700 580 2760 in
618 2703 707 2763 ihrem
750 2705 870 2765 Nichts
908 2709 1092 2769 geblieben.
1167 2710 1219 2770 Im

222 2751 386 2811 dritten
429 2751 603 2811 Abschnitt
635 2751 762 2811 werden
810 2755 857 2815 die
900 2758 1032 2818 falschen
1080 2760 1244 2820 Gründe,

229 2799 340 2859 warum
383 2799 484 2859 GOtt
511 2802 595 2862 nicht
622 2802 951 2862 augenscheinlichere
973 2807 1126 2867 Beweise
1154 2810 1254 2870 gelie¬

230 2847 322 2907 fert,
360 2852 566 2912 beleuchtet,
605 2852 669 2912 und
703 2852 734 2912 im
789 2855 963 2915 vierten
996 2855 1169 2915 Abschnitt
1196 2857 1244 2917 die

234 2898 358 2958 wahren
394 2903 541 2963 Gründe
572 2903 624 2963 des
648 2903 743 2963 Hrn.
768 2905 867 2965 Verf.
892 2909 1033 2969 erklärt,
1058 2909 1169 2969 welche
1200 2909 1223 2969 im

1286 1715 1458 1775 fünften
1495 1716 1556 1776 und
1588 1713 1729 1773 letzten
1767 1709 1933 1769 Abschnitt
1964 1709 2186 1769 angewendet
2217 1706 2303 1766 wer¬

1280 1765 1360 1825 den.
1408 1766 1498 1826 Man
1537 1764 1605 1824 muß
1643 1763 1728 1823 nicht
1755 1760 1920 1820 glauben,
1948 1758 2006 1818 daß
2044 1758 2091 1818 der
2113 1757 2182 1817 Hr.
2199 1757 2299 1817 Verf.

1281 1817 1368 1877 indem
1415 1814 1446 1874 er
1477 1816 1528 1876 die
1555 1814 1643 1874 nicht
1669 1811 1979 1871 augenscheinlichen
2011 1808 2160 1868 Beweise
2192 1808 2285 1868 retten

1282 1862 1375 1922 will,
1400 1860 1469 1920 eben
1499 1861 1557 1921 auf
1578 1861 1641 1921 eine
1666 1858 1883 1918 wunderbare
1913 1855 1971 1915 und
2007 1857 2291 1917 übermenschliche

1280 1909 1343 1969 Art
1370 1907 1470 1967 etwas
1498 1909 1614 1969 Neues
1646 1906 1699 1966 zur
1721 1906 1985 1966 Vertheidigung
2012 1903 2150 1963 GOttes
2182 1904 2293 1964 gesagt

1278 1959 1376 2019 habe.
1428 1954 1505 2014 Wir
1532 1957 1640 2017 wollen
1672 1956 1770 2016 seinen
1802 1954 1920 2014 Grund
1947 1953 2019 2013 kurz
2041 1954 2159 2014 fassen.
2217 1954 2294 2014 Der

1276 2005 1450 2065 Endzweck
1472 2005 1524 2065 der
1540 2005 1772 2065 Offenbarung
1800 2004 1837 2064 ist
1853 2002 1937 2062 nicht
1964 1999 2011 2059 die
2033 2002 2207 2062 Seligkeit
2234 2002 2286 2062 der

1274 2055 1448 2115 Menschen
1480 2052 1755 2112 überhaupt;
1783 2051 1861 2111 denn
1883 2049 1962 2109 diese
1983 2049 2057 2109 wird
2084 2049 2168 2109 schon
2195 2052 2279 2112 durch

1275 2107 1319 2167 die
1347 2106 1529 2166 natürliche
1552 2105 1707 2165 Religion
1741 2100 1906 2160 gelehret,
1946 2098 2073 2158 (wobey
2107 2100 2156 2160 der
2185 2100 2289 2160 Verf.

1270 2159 1379 2219 zeigt,
1403 2157 1460 2217 daß
1501 2157 1553 2217 die
1588 2155 1779 2215 Zueignung
1820 2153 1877 2213 des
1907 2151 2121 2211 Verdienstes
2156 2151 2288 2211 Christi

1274 2210 1347 2270 auch
1380 2207 1474 2267 denen
1506 2205 1627 2265 Heiden
1664 2205 1743 2265 ohne
1770 2202 1811 2262 ein
1849 2202 1938 2262 ihnen
1976 2200 2201 2260 mitgetheiltes
2228 2196 2286 2256 Er¬

1277 2258 1431 2318 känntniß
1457 2257 1519 2317 und
1546 2255 1679 2315 Glaube
1706 2255 1798 2315 daran
1825 2249 2062 2309 wiederfahre)
2083 2252 2212 2312 sondern
2239 2252 2284 2312 die

1276 2309 1455 2369 größere
1488 2308 1677 2368 Seligkeit.
1726 2303 1826 2363 Denn
1858 2303 1932 2363 aber
1953 2300 2064 2360 mußte
2086 2300 2154 2360 auch
2181 2302 2207 2362 in
2234 2300 2281 2360 der

1275 2357 1497 2417 Offenbarung
1544 2357 1620 2417 alles
1661 2354 1686 2414 so
1727 2354 1939 2414 eingerichtet
1966 2348 2122 2408 werden,
2149 2350 2199 2410 daß
2240 2350 2285 2410 die

1281 2408 1450 2468 Menschen
1477 2408 1564 2468 durch
1595 2405 1642 2465 die
1668 2405 1889 2465 Gelegenheit
1911 2402 1941 2462 zu
1978 2399 2122 2459 mehrern
2153 2399 2287 2459 Tugen¬

1277 2458 1329 2518 den
1356 2458 1535 2518 erhielten,
1562 2457 1704 2517 wodurch
1742 2452 1779 2512 sie
1806 2452 1879 2512 eben
1916 2449 1969 2509 der
1996 2446 2128 2506 größern
2165 2447 2286 2507 Selig¬

1273 2508 1331 2568 keit
1353 2506 1415 2566 und
1443 2506 1644 2566 Belohnung
1671 2505 1760 2565 fähig
1788 2498 1941 2558 würden.
2000 2494 2100 2554 Diese
2122 2497 2286 2557 Gelegen¬

1281 2557 1342 2617 heit
1363 2554 1498 2614 erhalten
1529 2557 1570 2617 sie
1586 2554 1746 2614 alsdenn,
1772 2550 1859 2610 wenn
1892 2546 1937 2606 die
1959 2545 2108 2605 Beweise
2130 2548 2217 2608 nicht
2233 2547 2289 2607 au¬

1278 2605 1494 2665 genscheinlich
1526 2605 1621 2665 sind,
1648 2605 1726 2665 weil
1753 2600 1805 2660 der
1832 2595 1969 2655 Glaube
1996 2595 2032 2655 an
2070 2596 2138 2656 eine
2165 2599 2280 2659 dunkle

1275 2655 1497 2715 Offenbarung
1540 2652 1609 2712 eine
1641 2649 1779 2709 größere
1811 2646 1980 2706 Tugend,
2007 2648 2187 2708 Verdienst
2214 2648 2277 2708 und

1275 2706 1443 2766 Gehorsam
1481 2703 1535 2763 ist.
1568 2700 1693 2760 Wären
1720 2697 1796 2757 aber
1818 2694 1861 2754 die
1883 2694 2040 2754 Beweise
2062 2697 2289 2757 augenschein¬

1273 2757 1389 2817 licher,
1416 2754 1443 2814 so
1480 2753 1591 2813 würde
1618 2749 1670 2809 der
1703 2748 1835 2808 Mensch
1867 2745 1952 2805 ohne
1984 2748 2068 2808 einen
2106 2747 2275 2807 besondern

1275 2804 1447 2864 Gehorsam
1486 2802 1588 2862 zeigen
1616 2799 1648 2859 zu
1675 2799 1815 2859 können,
1837 2797 1988 2857 gleichsam
2032 2796 2080 2856 zum
2124 2795 2275 2855 Glauben

1281 2855 1492 2915 gezwungen.
1568 2849 1659 2909 Dies
1682 2849 1719 2909 ist
1746 2847 1800 2907 des
1828 2847 1919 2907 Hrn.
1936 2844 2119 2904 Verfassers
2147 2847 2287 2907 Grund.

1279 2906 1391 2966 Sonst
1415 2903 1522 2963 wurde
1551 2901 1578 2961 er
1602 2900 1658 2960 von
1687 2903 1783 2963 vielen
1812 2898 2101 2958 Gottesgelehrten
2130 2897 2192 2957 also
2215 2897 2294 2957 aus¬

2234 2950 2296 3010 ges
