2479 3508
165 341 257 401 sagen
287 342 438 402 können,
462 341 532 401 was
567 339 619 399 der
643 339 712 399 Hr.
742 339 776 399 v.
794 337 940 397 Moser
975 339 1074 399 davon
1109 341 1178 401 sagt

164 389 259 449 dessen
293 392 467 452 Maximen
490 389 534 449 ich
563 389 630 449 hier
653 389 798 449 hersetzen
827 386 922 446 will:

224 432 308 492 "Ein
337 439 432 499 Narr
456 437 580 497 kommt
597 440 727 500 allemal
744 440 772 500 zu
807 440 880 500 früh
914 440 970 500 auf
999 437 1044 497 die
1073 437 1162 497 Welt

181 483 241 543 "ein
275 484 397 544 Weiser
425 488 552 548 kommt
581 491 724 551 niemals
747 491 774 551 zu
802 489 896 549 spät,
919 491 979 551 und
1008 489 1052 549 ein
1080 485 1179 545 Chris

163 533 324 593 „kommt
340 536 371 596 zu
402 539 480 599 aller
502 539 574 599 Zeit
600 539 699 599 recht.
731 537 746 597 —

803 537 862 597 Ein
895 539 1010 599 Christ
1038 539 1098 599 und
1136 539 1179 599 ein

179 583 303 643 "weiser
331 586 438 646 Mann
471 591 531 651 sind
553 589 687 649 allemal
704 588 779 648 das,
796 589 866 649 was
889 586 926 646 sie
948 589 1082 649 wirklich
1110 586 1169 646 sind

172 632 254 692 "und
283 636 348 696 seyn
377 638 493 698 sollen.
516 637 532 697 —

593 635 666 695 Sie
700 640 806 700 mögen
844 640 875 700 zu
913 637 998 697 einer
1020 637 1095 697 Zeit
1122 635 1180 695 und

176 684 292 744 unter
308 690 499 750 Umständen
526 688 637 748 leben,
653 688 753 748 worin
780 688 817 748 sie
844 685 955 745 wollen
992 685 1002 745 —
1067 688 1172 748 Einem

181 736 330 796 "Narren
361 739 397 799 ist
416 740 463 800 die
482 740 571 800 Welt
590 739 662 799 weit
681 739 764 799 gnug
795 739 812 799 —
873 739 957 799 einem
1000 739 1120 799 Weisen
1151 739 1186 799 ist

377 900 704 960 Regenspurg,
741 903 793 963 den
830 903 894 963 29.
919 903 1013 963 Dec.

216 948 293 1008 Bey
316 948 365 1008 der
382 947 482 1007 Stille
499 948 649 1008 während
671 951 721 1011 der
738 951 860 1011 jetzigen
877 950 1176 1010 Reichstagsferien

169 1001 228 1061 hat
255 999 304 1059 sich
337 999 482 1059 folgende
516 998 753 1058 nerkwürdige
781 1001 1013 1061 Begebenheit
1041 998 1192 1058 zugetra¬

166 1052 257 1112 gen:
291 1049 355 1109 Als
394 1046 447 1106 vor
480 1046 605 1106 einigen
638 1049 751 1109 Tagen
790 1049 832 1109 ein
872 1052 984 1112 allhier
1012 1049 1071 1109 auf
1094 1046 1190 1106 Wer¬

164 1097 245 1157 bung
273 1099 437 1159 liegender
454 1094 672 1154 Preußischer
690 1097 919 1157 Unterofficier
936 1100 985 1160 sich
1007 1101 1073 1161 mit
1090 1100 1171 1160 einem

168 1148 333 1208 Rekruten
365 1145 423 1205 von
450 1145 619 1205 ungemein
652 1148 773 1208 schöner
795 1148 922 1208 Länge,
944 1151 1002 1211 auf
1023 1151 1071 1211 den
1104 1151 1182 1211 Weg

164 1198 304 1258 begeben
348 1197 461 1257 hatte,
488 1196 526 1256 um
581 1196 743 1256 denselben
781 1196 857 1256 nach
896 1198 1112 1258 Magdeburg
1150 1198 1176 1258 zu

158 1249 322 1309 bringen,
350 1245 435 1305 ward
462 1243 493 1303 er
515 1243 573 1303 von
600 1243 695 1303 diesem
739 1246 924 1306 Rekruten,
941 1249 1106 1309 ungefähr
1122 1246 1191 1306 eine

158 1298 407 1358 Viertelstunde
428 1294 484 1354 von
515 1293 565 1353 der
591 1294 734 1354 Stadt,
765 1294 989 1354 unversehens
1015 1294 1071 1354 von
1102 1294 1188 1354 einer

169 1348 271 1408 steilen
304 1345 395 1405 Höhe
418 1342 694 1402 hinabgestoßen.
738 1341 835 1401 Nach
863 1339 971 1399 solcher
998 1339 1090 1399 That
1107 1342 1193 1402 such¬

162 1396 191 1456 te
217 1396 260 1456 sich
291 1393 384 1453 dieser
415 1390 538 1450 Rekrut
558 1390 582 1450 in
618 1389 702 1449 einem
747 1387 979 1447 benachbarten
1014 1384 1191 1444 Weinber¬

171 1445 206 1505 ge
225 1443 254 1503 zu
285 1437 477 1497 verbergen.
526 1437 664 1497 Allein,
695 1434 749 1494 der
774 1434 1027 1494 Unterofficier,
1051 1431 1183 1491 welcher
1226 1431 1261 1491 ist
1286 1431 1334 1491 der
1359 1431 1448 1491 Herr
1467 1431 1588 1491 Rector
1612 1434 1840 1494 Stockhausen
1866 1435 1889 1495 im
1932 1437 2142 1497 Johanneo.

161 1489 216 1549 bey
245 1490 345 1550 seiner
368 1488 535 1548 unsanften
558 1485 843 1545 Niederstürzung
872 1485 1061 1545 gleichwohl
1079 1483 1179 1543 keinen

169 1541 325 1601 Schaden
353 1540 537 1600 bekommen
564 1539 672 1599 hatte,
684 1538 819 1598 gewann
858 1539 976 1599 wieder
1010 1536 1058 1596 die
1080 1536 1188 1596 Höhe,

165 1595 265 1655 suchte
282 1595 330 1655 den
357 1592 516 1652 Rekruten
543 1592 612 1652 auf,
623 1592 702 1652 und,
718 1590 766 1650 als
782 1590 814 1650 er
830 1590 989 1650 deuselben
1011 1590 1037 1650 in
1064 1588 1186 1648 einiger

170 1646 273 1706 Nähe
297 1646 435 1706 entdeckt
459 1643 556 1703 hatte,
569 1643 591 1703 so
615 1640 707 1700 lösete
719 1640 747 1700 er
765 1640 822 1700 auf
840 1640 973 1700 selbigen
1002 1640 1042 1700 ein
1072 1640 1192 1700 Pistol,

163 1697 220 1757 das
252 1697 277 1757 er
304 1697 355 1757 bey
382 1693 433 1753 sich
454 1692 547 1752 trug.
605 1691 683 1751 Der
710 1691 855 1751 Rekrute
876 1691 985 1751 wurde
1011 1688 1099 1748 durch
1131 1688 1193 1748 die¬

168 1749 214 1809 sen
245 1747 359 1807 Schuß
390 1745 446 1805 nur
473 1742 570 1802 etwas
597 1739 628 1799 am
670 1742 778 1802 Kopfe
799 1742 1010 1802 verwundet.
1073 1741 1134 1801 Als
1161 1736 1186 1796 er

169 1798 282 1858 solches
309 1794 434 1854 fühlte,
450 1791 477 1851 so
505 1789 558 1849 lief
581 1787 607 1847 er
635 1789 667 1849 in
700 1790 754 1850 der
776 1790 879 1850 Wuth
912 1792 971 1852 auf
993 1790 1047 1850 den
1075 1788 1193 1848 Unter¬

165 1846 288 1906 officier
312 1843 386 1903 loß,
420 1841 476 1901 und
512 1837 613 1897 suchte
631 1837 682 1897 sich
716 1837 812 1897 dessen
847 1840 1125 1900 Seitengewehrs
1148 1838 1176 1898 zu

164 1892 401 1952 bemächtigen.
450 1888 542 1948 Aber
570 1885 650 1945 diese
678 1885 763 1945 seine
791 1888 877 1948 letzte
905 1888 1094 1948 Expedition
1127 1888 1180 1948 lief
1219 1889 1267 1949 In
1300 1886 1348 1946 der
1370 1885 1597 1945 Reformirten
1630 1888 1743 1948 Kirche
1776 1887 1835 1947 sind
1868 1887 1960 1947 1666
1993 1888 2089 1948 Paar
2123 1888 2149 1948 in
2182 1888 2230 1948 der

169 1944 238 2004 noch
266 1939 499 1999 unglücklicher
527 1933 580 1993 ab,
597 1933 645 1993 als
668 1933 716 1993 die
738 1933 835 1993 erste.
858 1933 933 1993 Der
955 1934 1188 1994 Unterofficier

158 1992 350 2052 behauptete
377 1987 434 2047 sein
466 1984 747 2044 Seitengewehr,
774 1981 836 2041 und
863 1984 951 2044 jener
978 1984 1102 2044 mußte,
1129 1981 1181 2041 für

164 2043 245 2103 seine
262 2040 430 2100 Bosheit,
447 2037 528 2097 nicht
550 2035 637 2095 allein
670 2034 730 2094 mit
752 2032 800 2092 dem
839 2032 986 2092 Verluste
1008 2031 1111 2091 seines
1128 2027 1187 2087 lin¬

164 2094 212 2154 ken
240 2091 326 2151 Ohrs
354 2088 528 2148 bezahlen,
545 2087 670 2147 sondern
703 2085 790 2145 ward
818 2085 888 2145 auch
910 2083 975 2143 noch
998 2082 1030 2142 an
1052 2081 1171 2141 einigen

161 2145 278 2205 andern
312 2139 440 2199 Stellen
474 2136 641 2196 dergestalt
664 2136 841 2196 zerhauen,
859 2136 914 2196 daß
943 2136 975 2196 er
998 2133 1070 2193 kurz
1093 2133 1182 2193 nach¬

170 2198 264 2258 hero,
283 2193 311 2253 da
336 2190 388 2250 er,
413 2189 465 2249 auf
496 2187 649 2247 Angeben
685 2187 737 2247 des
762 2187 1033 2247 Unterofficiers,
1058 2186 1181 2246 anhero

167 2243 320 2303 gebracht
339 2240 438 2300 war,
463 2237 487 2297 in
519 2237 567 2297 der
592 2237 820 2297 Hauptwache
839 2240 869 2300 an
901 2237 999 2297 seinen
1024 2237 1178 2297 Wunden

166 2294 328 2354 gestorben
360 2287 413 2347 ist.

372 2334 669 2394 Strasburg,
706 2336 760 2396 den
802 2339 865 2399 16.
893 2336 982 2396 Dec.

205 2387 283 2447 Von
317 2387 450 2447 Colmar
473 2384 623 2444 berichtet
646 2384 713 2444 man
753 2387 808 2447 daß
842 2387 976 2447 nachdem
1021 2386 1087 2446 alda
1121 2383 1176 2443 das

169 2440 315 2500 Königl.
327 2435 434 2495 Edict,
446 2435 575 2495 welches
598 2435 642 2495 die
654 2435 852 2495 Aufhebung
881 2437 931 2497 der
948 2436 1106 2496 Societät
1129 2434 1179 2494 der

160 2491 320 2551 Jesuiten
344 2485 475 2545 betrift,
499 2482 552 2542 dem
595 2482 689 2542 hohen
713 2485 825 2545 Rathe
850 2485 879 2545 zu
904 2485 992 2545 Elsas
1016 2485 1040 2545 zu
1064 2485 1182 2545 Proto=

162 2539 321 2599 collirung
362 2532 590 2592 zugekommen
625 2533 699 2593 sey,
728 2535 910 2595 derselbige
945 2536 1019 2596 nach
1060 2534 1185 2594 einiger

162 2590 388 2650 Ueberlegung
419 2581 604 2641 beschlossen
640 2581 741 2641 habe,
766 2584 837 2644 nach
873 2587 962 2647 einem
1011 2584 1177 2644 Verlaufe

164 2643 222 2703 von
256 2643 288 2703 14
321 2638 425 2698 Tagen
459 2631 668 2691 festzusetzen,
695 2632 727 2692 ob
767 2635 904 2695 dasselbe
924 2636 956 2696 zu
990 2635 1179 2695 protocolli=

165 2694 218 2754 ren
256 2693 303 2753 sey
334 2688 406 2748 oder
431 2682 532 2742 nicht.

423 2733 621 2793 Brüssel,
647 2730 698 2790 den
737 2730 801 2790 27.
827 2730 916 2790 Dec.

213 2787 310 2847 Man
346 2787 479 2847 schreibt
515 2781 578 2841 uns
614 2775 676 2835 von
706 2777 838 2837 Paris,
861 2781 916 2841 daß
952 2781 1014 2841 das
1037 2781 1183 2841 Königl.

166 2838 264 2898 Edict
283 2838 388 2898 wegen
419 2832 630 2892 Liquidirung
661 2829 710 2889 der
736 2829 1008 2889 Staatsschulden
1039 2832 1100 2892 und
1126 2832 1174 2892 der

161 2891 434 2951 Administration
465 2885 514 2945 der
540 2879 701 2939 Finanzen
733 2876 794 2936 mit
826 2878 887 2938 102
926 2879 1104 2939 Stimmen
1130 2881 1179 2941 ge=

157 2942 215 3002 gen
241 2942 279 3002 18
319 2942 344 3002 im
383 2939 525 2999 Pariser
545 2932 770 2992 Parlamente
796 2931 1015 2991 protocolliret
1042 2933 1164 2993 worden

159 2996 239 3056 sey.

1228 327 1292 387 „sie
1316 336 1452 396 oftmals
1476 339 1505 399 zu
1535 338 1587 398 eng
1623 336 1641 396 —
1701 336 1753 396 dem
1789 336 1930 396 Christen
1961 336 1995 396 ist
2014 336 2049 396 sie
2073 336 2137 396 just
2156 336 2231 396 recht

1247 385 1326 445 weil
1348 386 1374 446 er
1396 386 1459 446 nur
1491 386 1575 446 einen
1613 386 1767 446 schmalen
1794 386 1883 446 Pfad
1916 386 2074 446 braucht,
2096 386 2132 446 um
2186 389 2249 449 mit

1221 430 1355 490 „Ehren
1386 434 1505 494 wieder
1527 437 1837 497 herauszukommen
1879 434 1889 494 —
1951 434 1998 494 Er
2024 437 2174 497 verlangt
2195 437 2241 497 die

1226 479 1342 539 „Welt
1364 485 1411 545 nie
1433 485 1580 545 anders,
1607 487 1654 547 als
1686 485 1750 545 wie
1777 485 1813 545 sie
1840 484 1898 544 ist,
1930 485 1988 545 und
2020 485 2162 545 wünscht
2189 488 2241 548 nie

1248 538 1281 598 zu
1309 538 1397 598 einer
1420 536 1536 596 andern
1564 536 1636 596 Zeit
1658 535 1764 595 gelebt
1787 536 1819 596 zu
1853 533 1980 593 haben.
2053 533 2102 593 Er
2130 536 2168 596 ist
2191 536 2240 596 nie

1232 586 1281 646 "am
1332 585 1498 645 unrechten
1540 583 1605 643 Ort
1635 583 1645 643 —
1706 583 1741 643 er
1772 584 1842 644 lebt
1873 584 2009 644 allemal
2035 583 2090 643 zur
2121 586 2236 646 rechten

1234 637 1337 697 "Zeit,
1363 636 1423 696 und
1448 635 1540 695 stirbt
1559 637 1645 697 nicht
1664 634 1749 694 eher,
1774 637 1823 697 als
1848 637 1896 697 bis
1928 634 1952 694 er
1978 634 2032 694 sein
2063 634 2241 694 Tagewerk

1233 685 1421 745 "vollendet
1445 685 1538 745 hat.”

1449 899 1711 959 Lüneburg,
1742 900 1790 960 den
1828 900 1894 960 31.
1913 900 2010 960 Dec.

1268 949 1321 1009 Jn
1353 948 1400 1008 der
1428 950 1539 1010 Nacht
1561 948 1613 1008 vom
1656 949 1725 1009 9ten
1758 951 1810 1011 auf
1832 951 1885 1011 den
1917 951 2007 1011 10ten
2040 951 2135 1011 Nov.
2157 950 2236 1010 starb

1222 998 1338 1058 allhier
1361 998 1415 1058 der
1438 998 1609 1058 berühmte
1638 998 1709 1058 Hr.
1732 1000 1814 1060 Rath
1854 997 1947 1057 Joh.
1970 998 2108 1058 Ludwich
2142 998 2230 1058 Levin

1222 1046 1427 1106 Gebhardi,
1449 1046 1621 1106 Professor
1644 1046 1697 1106 der
1719 1046 1903 1106 Geschichte
1925 1046 1984 1106 und
2012 1049 2238 1109 Mathematik

1222 1095 1275 1155 bey
1303 1097 1357 1157 der
1379 1099 1514 1159 hiesigen
1547 1097 1828 1157 Ritterakademie
1856 1097 1883 1157 im
1927 1097 2040 1157 67sten
2068 1099 2160 1159 Jahr
2193 1099 2246 1159 sei¬

1216 1145 1274 1205 nes
1307 1148 1440 1208 Alters.
1499 1148 1547 1208 Er
1580 1148 1637 1208 hat
1665 1148 1718 1208 den
1756 1148 1857 1208 Ruhm
1911 1147 1996 1207 eines
2028 1148 2236 1208 gründlichen

1224 1196 1377 1256 Lehrers,
1404 1196 1493 1256 eines
1515 1196 1646 1256 wahren
1673 1198 1937 1258 Gesellschafters
1964 1196 2022 1256 und
2049 1196 2243 1256 Menschen¬

1226 1243 1381 1303 freundes
1407 1246 1608 1306 hinterlaßen
1638 1246 1698 1306 und
1729 1245 1809 1305 seine
1825 1246 2016 1306 Verdienste
2037 1243 2071 1303 um
2112 1243 2162 1303 die
2177 1246 2247 1306 Ge¬

1221 1294 1347 1354 schichte
1369 1294 1490 1354 werden
1517 1297 1738 1357 unvergeßlich
1766 1297 1908 1357 bleiben.
1966 1294 2045 1354 Der
2072 1297 2235 1357 Verfasser

1220 1342 1278 1402 von
1306 1339 1349 1399 dem
1387 1342 1505 1402 letztern
1522 1345 1873 1405 Weynachtsgesange,
1885 1342 2014 1402 welcher
2031 1345 2074 1405 sich
2101 1347 2236 1407 anhebt:

1313 1383 1393 1443 Die
1423 1387 1489 1447 Erd
1523 1387 1561 1447 ist
1590 1388 1657 1448 voll
1682 1390 1739 1450 von
1778 1390 1892 1450 deiner
1922 1388 2031 1448 Güte.

1441 1479 1733 1539 Amsterdam,
1760 1482 1812 1542 den
1850 1485 1886 1545 1.
1913 1483 2008 1543 Jan.

1260 1530 1336 1590 Die
1361 1530 1444 1590 Zahl
1462 1533 1515 1593 der
1539 1533 1663 1593 Todten
1693 1533 1728 1593 ist
1759 1533 1812 1593 das
1848 1533 2049 1593 abgewichne
2074 1536 2168 1596 Jahr
2199 1536 2227 1596 in

1218 1584 1356 1644 hiesiger
1380 1586 1489 1646 Stadt
1512 1585 1789 1645 außerordentlich
1813 1587 1893 1647 stark
1923 1585 2084 1645 gewesen.

2158 1585 2238 1645 Sie

1223 1637 1281 1697 hat
1312 1635 1358 1695 sich
1406 1637 1464 1697 auf
1489 1642 1582 1702 8585
1619 1637 1784 1697 Personen
1826 1637 1984 1697 erstreckt,
2009 1637 2150 1697 anstatt,
2174 1639 2226 1699 daß

1225 1688 1278 1748 das
1306 1688 1575 1748 vorhergehende
1598 1690 1689 1750 Jahr
1717 1689 1776 1749 nur
1798 1689 1889 1749 7294
1917 1690 2073 1750 gestorben
2112 1688 2241 1748 waren.

1220 1738 1338 1798 Dieser
1361 1739 1456 1799 große
1480 1739 1610 1799 Abgang
1639 1740 1678 1800 ist
1695 1739 1757 1799 also
1780 1739 1870 1799 durch
1899 1740 1944 1800 die
1967 1739 2125 1799 gebornen
2154 1740 2238 1800 Kin¬

1219 1785 1271 1845 der
1293 1788 1377 1848 nicht
1398 1787 1503 1847 ersetzt
1520 1790 1677 1850 worden,
1704 1790 1788 1850 deren
1820 1789 1904 1849 Zahl
1920 1787 1977 1847 nur
1999 1790 2025 1850 in
2057 1790 2146 1850 4786
2189 1789 2236 1849 be¬

1216 1837 1313 1897 steht,
1341 1837 1432 1897 unter
1454 1837 1584 1897 welchen
1611 1837 1649 1897 42
1682 1837 1773 1897 Paar
1801 1838 1968 1898 Zwillinge
1996 1837 2125 1897 gewesen
2158 1838 2239 1898 sind.

1211 1936 1330 1996 Waale
1353 1933 1472 1993 Kirche
1494 1936 1564 1996 64,
1592 1936 1619 1996 in
1647 1936 1700 1996 der
1723 1936 1940 1996 Lutherischen
1962 1939 2054 1999 319,
2087 1939 2146 1999 und
2174 1939 2233 1999 auf

1221 1981 1268 2041 dem
1310 1984 1505 2044 Rathhause
1529 1984 1594 2044 137
1624 1984 1712 2044 Paar
1743 1986 1872 2046 getraut
1892 1987 2038 2047 worden.

1502 2029 1656 2089 Haag,
1679 2031 1733 2091 den
1773 2034 1811 2094 8.
1839 2032 1938 2092 Jan.

1256 2076 1328 2136 Aus
1357 2076 1485 2136 London
1525 2076 1563 2136 ist
1592 2079 1641 2139 die
1670 2082 1854 2142 Nachricht
1882 2080 2127 2140 eingegangen,
2162 2084 2222 2144 daß

1217 2130 1270 2190 der
1293 2130 1618 2190 Heyrathscontract
1641 2130 1782 2190 zwischen
1815 2130 1869 2190 dem
1908 2130 2136 2190 Kronprinzen
2169 2132 2222 2192 von

1217 2181 1439 2241 Dännemark
1462 2181 1522 2241 und
1561 2184 1610 2244 der
1640 2184 1777 2244 jüngsten
1817 2181 2000 2241 Prinzeßin
2040 2181 2228 2241 Schwester

1217 2232 1265 2292 des
1288 2231 1417 2291 Königs
1445 2231 1500 2291 von
1528 2234 1696 2294 England,
1707 2234 1947 2294 unterzeichnet
1969 2231 2029 2291 sey.
2057 2234 2105 2294 Jm
2149 2233 2236 2293 vori=

1217 2287 1273 2347 gen
1307 2282 1402 2342 Jahr
1437 2283 1498 2343 sind
1533 2285 1645 2345 allhier
1685 2285 1776 2345 1113
1810 2280 2001 2340 Personen,
2025 2283 2047 2343 in
2087 2282 2205 2342 Harlem

1217 2334 1282 2394 910
1322 2333 1382 2393 und
1410 2333 1432 2393 in
1460 2333 1642 2393 Rotterdam
1681 2330 1769 2390 1735
1797 2333 1984 2393 gestorben.
2063 2330 2112 2390 Jn
2140 2330 2228 2390 Har=

1216 2384 1262 2444 lem
1309 2381 1370 2441 sind
1397 2384 1463 2444 880
1505 2383 1650 2443 Kinder,
1681 2384 1851 2444 worunter
1883 2384 1949 2444 452
1986 2381 2120 2441 Knaben
2157 2381 2218 2441 und

1209 2435 1270 2495 428
1310 2432 1488 2492 Mädchens
1517 2432 1673 2492 geboren.
1724 2432 1774 2492 Jn
1808 2433 1987 2493 Rotterdam
2033 2429 2099 2489 344
2122 2429 2228 2489 Män=

1204 2484 1292 2544 ner,
1321 2482 1387 2542 490
1416 2482 1550 2542 Weiber
1584 2482 1645 2542 und
1680 2482 1746 2542 901
1774 2485 1903 2545 Kinder
1926 2479 2121 2539 gestorben,
2155 2481 2233 2541 wel=

1217 2536 1266 2596 che
1289 2533 1377 2593 obige
1400 2533 1533 2593 Anzahl
1556 2531 1772 2591 ausmachen.

1498 2579 1673 2639 Paris,
1706 2581 1760 2641 den
1799 2578 1859 2638 27.
1887 2575 1979 2635 Dec.

1262 2629 1318 2689 In
1353 2629 1448 2689 diesem
1494 2629 1646 2689 Monate
1675 2628 1736 2688 sind
1771 2625 1821 2685 dem
1867 2626 1996 2686 Könige
2025 2629 2098 2689 blos
2127 2632 2217 2692 durch

1217 2679 1272 2739 das
1305 2679 1442 2739 Ableben
1476 2679 1581 2739 dreyer
1609 2676 1769 2736 Personen
1802 2676 1879 2736 über
1902 2676 2040 2736 150000
2068 2679 2177 2739 Livres
2195 2682 2216 2742 in

1216 2730 1385 2790 Tontinen
1412 2727 1640 2787 angestorben.
1688 2727 1778 2787 Herr
1805 2724 1831 2784 le
1852 2727 1969 2787 Nain,
1985 2730 2149 2790 Decanus
2176 2730 2228 2790 der

1213 2778 1429 2838 Correcteurs
1456 2775 1503 2835 der
1525 2775 1768 2835 Rechnungen,
1795 2778 1852 2838 der
1879 2778 1932 2838 seit
1948 2778 2038 2838 1691
2065 2781 2085 2841 in
2112 2781 2207 2841 seinem

1215 2829 1314 2889 Amte
1337 2826 1470 2886 gewesen
1498 2826 1559 2886 und
1588 2823 1670 2883 über
1699 2827 1760 2887 100
1805 2831 1894 2891 Jahr
1922 2829 1966 2889 alt
1989 2829 2178 2889 geworden,
2195 2831 2233 2891 ist

1219 2879 1270 2939 der
1301 2877 1368 2937 eine
1399 2876 1497 2936 dieser
1524 2874 1776 2934 Verstorbnen,
1808 2877 1859 2937 der
1891 2879 2226 2939 Generallieutenant

1209 2928 1264 2988 von
1299 2926 1416 2986 Bassat
1439 2926 1472 2986 ist
1495 2926 1539 2986 die
1567 2924 1662 2984 andre
1691 2930 1841 2990 Person,
1859 2933 1920 2993 und
1948 2930 2015 2990 eine
2038 2928 2227 2988 unbekann¬

1212 2987 1244 3047 te
1271 2984 1330 3044 alte
1350 2980 1515 3040 Matrone
1535 2978 1581 3038 die
1602 2982 1719 3042 dritte,

2137 2981 2227 3041 Lon=
