2479 3508
615 1643 727 1703 15tes
765 1646 914 1706 Stück.
975 1648 1177 1708 Freytag,
1215 1648 1275 1708 den
1321 1649 1402 1709 22.
1433 1649 1635 1709 Februar,
1666 1652 1815 1712 1765.

603 1724 779 1784 Gotha.

183 1776 302 1836 Vey
328 1778 485 1838 Christian
511 1778 649 1838 Mevius
675 1778 713 1838 ist
739 1781 1078 1841 herausgekommen:
1104 1772 1198 1832 "Der

223 1825 460 1885 ehrliche
482 1828 617 1888 Mann.
650 1825 757 1885 Erster
779 1826 903 1886 Band,
930 1831 1037 1891 1764.

172 1867 249 1927 wird
279 1871 390 1931 unsern
420 1871 522 1931 Lesern
551 1872 614 1932 mit
634 1873 682 1933 der
707 1876 959 1936 Beurtheilung
994 1876 1042 1936 der
1072 1876 1192 1936 einzeln

184 1972 285 2032 seyn,
306 1969 344 2029 da
371 1969 397 2029 es
429 1970 551 2030 bereits
584 1970 652 2030 eine
685 1972 924 2032 abgeurtheilte
946 1969 1126 2029 Wahrheit
1153 1972 1206 2032 ist,

187 2018 244 2078 daß
271 2021 323 2081 sich
350 2020 639 2080 Wochenblätter,
666 2023 713 2083 die
735 2020 913 2080 gemeinhin
945 2020 1045 2080 darum
1082 2020 1203 2080 fortge=
1230 2016 1309 2076 Sie
1330 2017 1414 2077 nicht
1431 2017 1561 2077 Fehlern
1588 2014 1789 2074 aushelfen,
1816 2014 1957 2074 wodurch
1984 2014 2078 2074 denen
2105 2014 2247 2074 offenbg¬

184 2073 273 2133 setzet
295 2073 448 2133 werden,
475 2074 555 2134 weil
571 2073 607 2133 sie
629 2073 830 2133 angefangen
863 2071 947 2131 sind,
974 2071 1037 2131 und
1064 2070 1111 2130 die
1133 2069 1185 2129 des

184 2123 289 2183 wegen
325 2126 406 2186 nicht
432 2126 467 2186 am
513 2127 730 2187 Sonnabend
756 2124 918 2184 ausfallen
949 2124 1100 2184 können,
1126 2122 1186 2182 wei

181 2175 229 2235 die
256 2175 421 2235 Verfasser
443 2175 490 2235 die
512 2175 629 2235 Woche
651 2175 731 2235 über
753 2175 837 2235 nicht
865 2177 917 2237 zum
961 2175 1099 2235 Denken
1132 2174 1206 2234 auf¬

184 2276 327 2336 erhalten
355 2276 497 2336 können.
547 2271 626 2331 Wir
658 2276 822 2336 begnügen
855 2276 919 2336 uns
951 2276 1009 2336 also
1042 2276 1110 2336 bloß
1148 2276 1206 2336 un¬

191 2324 254 2384 sere
286 2324 375 2384 Leser
408 2322 439 2382 zu
476 2323 687 2383 versichern,
730 2326 787 2386 daß
825 2327 877 2387 sich
915 2324 988 2384 der
1020 2324 1199 2384 ehrliche

189 2374 325 2434 Mann
371 2372 466 2432 unter
507 2371 608 2431 vielen
649 2372 941 2432 Wochenschriften
982 2375 1194 2435 auszeichnet

191 2423 252 2483 und
284 2420 413 2480 unserer
434 2420 656 2480 Empfehlung
682 2426 894 2486 vollkommen
926 2426 1049 2486 würdig
1076 2423 1127 2483 ist.
1153 2421 1199 2481 Es

197 2473 255 2533 sind
283 2471 407 2531 freylich
434 2469 559 2529 Stücke
581 2470 607 2530 in
640 2473 813 2533 demselben
841 2475 1030 2535 enthalten,
1058 2473 1106 2533 die
1133 2469 1208 2529 vor=

191 2524 345 2584 züglicher
372 2519 474 2579 hätten
506 2518 661 2578 ausfallen
692 2520 831 2580 können,
858 2524 946 2584 wenn
982 2524 1049 2584 man
1081 2521 1116 2581 sie
1138 2520 1209 2580 ins=

189 2574 359 2634 besondere
381 2571 455 2631 nach
482 2569 535 2629 der
557 2569 770 2629 Gesellschaft
791 2572 993 2632 beurtheilt,
1026 2572 1051 2632 in
1090 2572 1142 2632 die
1169 2572 1206 2632 sie

189 2623 236 2683 sich
274 2623 370 2683 wenn
407 2620 465 2680 wir
498 2620 524 2680 so
551 2619 641 2679 sagen
679 2617 822 2677 dürfen,
849 2622 929 2682 ohne
962 2620 1201 2680 hochzeitliches

190 2670 282 2730 Kleid
309 2673 576 2733 eingeschlichen,
610 2667 745 2727 indessen
784 2667 860 2727 hebt
888 2670 963 2730 diese
991 2670 1198 2730 Anmerkung

192 2719 242 2779 den
270 2724 403 2784 Vorzug
431 2721 508 2781 nicht
531 2720 608 2780 auf,
631 2717 686 2777 den
720 2715 792 2775 man
831 2718 925 2778 dieser
948 2719 1209 2779 Wochenschrift

190 2772 383 2832 beyzulegen
412 2772 547 2832 schuldig
570 2769 621 2829 ist.
667 2763 774 2823 "Der
803 2766 944 2826 ehrliche
973 2769 1086 2829 Mann
1126 2769 1210 2829 war¬

195 2820 260 2880 "tet
278 2823 360 2883 nicht
383 2823 443 2883 nur
466 2820 515 2880 der
543 2818 642 2878 feinen
670 2814 758 2874 Welt
781 2814 863 2874 auf"
903 2816 1018 2876 führen
1052 2818 1101 2878 die
1124 2818 1206 2878 Ver¬

179 2867 272 2927 fasser
300 2870 338 2930 an
371 2870 458 2930 einem
508 2869 589 2929 Orte
617 2867 644 2927 zu
683 2862 737 2922 der
760 2861 1038 2921 Entschuldigung
1077 2867 1203 2927 einiger

186 2919 413 2979 mißlungenen
448 2918 589 2978 Aufsätze
613 2918 675 2978 an.
721 2908 794 2968 "Er
818 2912 874 2972 hat
892 2914 920 2974 es
949 2917 1033 2977 nicht
1057 2918 1119 2978 nur
1142 2918 1204 2978 mit

196 2969 367 3029 "Kennern
399 2973 429 3033 zu
454 2972 558 3032 thun,
590 2970 681 3030 denen
713 2966 743 3026 er
762 2966 1001 3026 Meisterstücke
1033 2969 1057 3029 zu
1088 2966 1198 3026 liefern

1236 1727 1430 1787 "schuldig."
1496 1727 1614 1787 Nein,
1644 1727 1690 1787 der
1715 1726 1832 1786 Bauer
1857 1727 1974 1787 wickelt
1993 1724 2092 1784 seinen
2123 1724 2240 1784 Toback

1226 1778 1258 1838 in
1296 1781 1460 1841 denselben
1498 1778 1571 1838 ein,
1593 1778 1656 1838 und
1694 1778 1816 1838 nimmt
1843 1775 1890 1835 ihn
1928 1775 1986 1835 mit
2013 1775 2082 1835 nach
2120 1775 2247 1835 Hause.

1235 1825 1314 1885 Der
1337 1825 1563 1885 Handwerker
1598 1825 1733 1885 schläget
1762 1825 1840 1885 ihn,
1863 1825 1937 1885 nach
1966 1823 2157 1883 getragener
2181 1821 2248 1881 Last

1236 1874 1298 1934 und
1327 1873 1422 1933 Hitze
1451 1874 1501 1934 des
1530 1875 1665 1935 Tages,
1700 1873 1750 1933 des
1784 1873 1914 1933 Abends
1948 1870 2106 1930 vielleicht
2129 1868 2157 1928 in
2191 1869 2241 1929 der

176 1921 303 1981 Stücke
325 1921 350 1981 in
378 1920 472 1980 dieser
494 1921 748 1981 Wochenschrift
770 1921 801 1981 um
844 1921 870 1981 so
897 1921 1040 1981 weniger
1062 1924 1188 1984 gedient
1226 1921 1358 1981 Absicht
1391 1922 1475 1982 auf,
1502 1921 1602 1981 etwas
1640 1921 1666 1981 zu
1709 1920 1809 1980 lachen
1852 1921 1878 1981 in
1910 1918 2085 1978 demselben
2122 1918 2148 1978 zu
2186 1917 2249 1977 fin¬

1224 1967 1284 2027 den
1327 1965 1340 2025 —

1391 1966 1474 2026 Gut
1495 1969 1593 2029 meine
1618 1969 1771 2029 Herren;
1796 1966 1889 2026 allein
1919 1966 2082 2026 hierdurch
2117 1965 2235 2025 werden

1219 2064 1274 2124 ren
1302 2067 1438 2127 Worten
1477 2067 1526 2127 der
1560 2064 1851 2124 eingeschriebenen
1884 2061 2004 2121 Regeln
2032 2061 2180 2121 zuwider
2202 2061 2251 2121 ge¬

1237 2118 1370 2178 handelt
1387 2117 1494 2177 wird,
1521 2117 1567 2177 als
1594 2115 1722 2175 welches
1748 2112 1810 2172 wir
1831 2112 2063 2172 insbesondere
2084 2109 2141 2169 von
2172 2109 2249 2169 eini¬

1227 2172 1275 2232 gen
1308 2169 1547 2229 untermischten
1575 2168 1705 2228 Poesien
1727 2166 1754 2226 zu
1776 2163 1922 2223 erinnern
1945 2163 2074 2223 haben;
2102 2163 2237 2223 obgleich

185 2226 294 2286 gelegt
311 2226 476 2286 gewesen,
505 2224 703 2284 ohnmöglich
731 2225 785 2285 bey
808 2226 896 2286 einen
924 2226 1056 2286 gleichem
1095 2226 1194 2286 Feuer
1233 2223 1337 2283 einige
1366 2223 1497 2283 Poesien
1526 2220 1553 2280 im
1592 2220 1801 2280 Gegentheil
1818 2217 1917 2277 wider
1934 2217 2248 2277 Wochenschriften¬

2167 2261 2235 2321 Ein

1227 2270 1352 2330 manier
1386 2272 1473 2332 recht
1506 2272 1649 2332 glücklich
1693 2270 1846 2330 gerathen
1885 2267 1945 2327 sind

1224 2318 1436 2378 "Fremder,
1458 2321 1512 2381 der
1540 2318 1599 2378 vor
1632 2318 1741 2378 kurzem
1790 2318 1855 2378 hier
1888 2314 2116 2374 eingekehret,
2149 2312 2235 2372 sagen

1246 2369 1311 2429 "die
1340 2369 1533 2429 Verfasser,
1561 2369 1727 2429 wunderte
1761 2369 1843 2429 sich,
1878 2366 1932 2426 daß
1972 2364 2037 2424 der
2066 2360 2243 2420 ehrliche

1235 2418 1391 2478 „Mann
1430 2420 1467 2480 30
1506 2420 1641 2480 Wochen
1680 2420 1722 2480 alt
1750 2415 1945 2475 geworden,
1978 2412 2010 2472 so
2037 2410 2081 2470 alt
2108 2407 2189 2467 habe
2211 2407 2243 2467 er

1240 2467 1493 2527 "hinzugesetzt,
1525 2467 1646 2527 werden
1678 2467 1725 2527 die
1748 2465 1900 2525 ehrlichen
1927 2459 2080 2519 Männer
2107 2455 2132 2515 in
2170 2455 2249 2515 mei¬

1715 2515 1794 2575 Wir
1816 2511 1969 2571 wundern
2001 2506 2058 2566 uns
2086 2504 2106 2564 so
2133 2507 2238 2567 wenig

1240 2518 1315 2578 "nem
1366 2517 1467 2577 Lande
1503 2518 1589 2578 nicht

1231 2569 1396 2629 darüber,
1422 2568 1479 2628 daß
1505 2566 1566 2626 wir
1588 2566 1613 2626 im
1655 2566 1861 2626 Gegentheil
1882 2559 1944 2619 uns
1976 2555 2130 2615 wundern
2162 2556 2249 2616 wür¬

1232 2619 1314 2679 den,
1337 2618 1425 2678 wenn
1453 2617 1530 2677 diese
1559 2618 1581 2678 so
1604 2615 1808 2675 vorzügliche
1825 2608 2079 2668 Wochenschrift
2097 2608 2157 2668 mit
2174 2608 2229 2668 dem

1232 2669 1324 2729 ersten
1357 2666 1477 2726 Bande
1499 2664 1678 2724 aufhören,
1706 2660 1766 2720 und
1794 2658 1875 2718 nicht
1897 2658 1978 2718 älter
2002 2659 2121 2719 werden
2148 2658 2251 2718 sollte.

1238 2718 1351 2778 Kostet
1374 2715 1396 2775 in
1426 2715 1476 2775 der
1499 2714 1703 2774 Kanterschen
1737 2709 2003 2769 Buchhandlung
2032 2712 2162 2772 allhier,
2191 2708 2253 2768 wie

1233 2769 1303 2829 auch
1330 2769 1355 2829 in
1388 2766 1504 2826 Elbing
1537 2766 1595 2826 und
1628 2760 1737 2820 Mitau
1770 2761 1783 2821 4
1816 2765 1847 2825 fl.
1868 2766 1880 2826 9
1913 2768 1964 2828 gr.

1638 2811 1844 2871 Leipzig.

1289 2863 1414 2923 "Neue
1443 2861 1662 2921 Sammlung
1696 2864 1816 2924 einiger
1844 2867 2057 2927 Predigten,
2078 2870 2251 2930 besonders

1247 2915 1344 2975 "über
1363 2912 1591 2972 Evangelische
1611 2915 1671 2975 und
1697 2917 1801 2977 einige
1820 2921 1919 2981 andre
1938 2921 2048 2981 Texte,
2061 2921 2116 2981 von
2148 2924 2258 2984 Joh.

2084 2971 2258 3031 "Andr.
