2479 3508
673 405 723 465 ten
781 407 952 467 kannten,

246 481 333 541 Wie
378 482 459 542 gern
516 482 636 542 wanns
693 485 830 545 möglich
881 485 988 545 wär,
1045 482 1258 542 vergötterten
1310 480 1390 540 Wie
1441 479 1503 539 auf
1548 476 1693 536 polirtes
1750 480 1843 540 Gold
1894 485 1950 545 der
2008 488 2283 548 Sonnenschein.

683 560 727 620 sie
779 557 882 617 Ihn,

248 637 345 697 Jetzt
388 634 486 694 sahen
557 634 598 694 sie
648 634 816 694 beschämt
873 631 936 691 auf
986 632 1041 692 die
1092 631 1154 691 sie.
1190 629 1280 689 Göt¬

680 706 739 766 ter
789 706 962 766 nannten,

254 783 333 843 Und
380 784 486 844 gäben
541 781 633 841 ihren
694 782 787 842 Gott
841 784 907 844 mit
948 781 1100 841 Freuden
1155 781 1234 841 hin.

293 912 361 972 Ist
410 906 672 966 Alexander
728 908 845 968 groß,
894 907 927 967 so
976 908 1037 968 ists
1094 906 1148 966 für
1190 906 1272 966 Ihn

689 983 719 1043 zu
780 982 915 1042 wenig,

254 1058 367 1118 Wann
415 1058 494 1118 Ihn
542 1055 595 1115 die
630 1057 770 1117 künftge
811 1055 883 1115 Zeit
931 1058 971 1118 an
1026 1055 1125 1115 diesem
1187 1052 1279 1112 Zuge

690 1127 818 1187 kennt.

260 1204 337 1264 Die
397 1204 507 1264 Enkel
560 1203 690 1263 nennen
756 1201 834 1261 Ihn
907 1198 971 1258 mit
1031 1201 1278 1261 Vorzugsrecht

695 1273 769 1333 den
832 1273 1001 1333 König,

253 1351 335 1411 Wie
374 1349 444 1409 man
490 1348 553 1408 das
593 1348 656 1408 alte
696 1348 772 1408 Rom
824 1348 894 1408 die
933 1350 1093 1410 Stadt
1126 1351 1292 1411 genennt.

307 1473 424 1533 Wann
491 1477 523 1537 er
590 1476 635 1536 um
708 1473 944 1533 Mitternacht
1004 1476 1076 1536 mit
1129 1476 1286 1536 Königli¬

688 1548 760 1608 cher
815 1547 953 1607 Stärke

252 1623 310 1683 Im
384 1621 489 1681 stillen
563 1616 874 1676 Sanssouci,
934 1618 993 1678 für
1073 1617 1278 1677 Ewigkeiten

686 1685 802 1745 dicht.

265 1767 384 1827 Steht
431 1766 543 1826 hinter
597 1763 669 1823 Ihm
750 1761 908 1821 Homer,
962 1763 1148 1823 beurtheilt
1202 1760 1280 1820 seine

696 1834 836 1894 Werke,

264 1918 331 1978 Und
373 1915 434 1975 vor
477 1915 551 1975 Ihm
620 1915 702 1975 steht
737 1915 866 1975 Apoll,
915 1915 969 1975 der
1004 1915 1141 1975 Kränze
1182 1915 1284 1975 flicht.

746 2043 806 2103 und
854 2043 887 2103 es
936 2042 1024 2102 steht
1072 2042 1118 2102 ein
1173 2041 1274 2101 Berg

298 2043 402 2103 Krieg
451 2046 575 2106 spricht
625 2043 707 2103 Er,

693 2113 759 2173 von
813 2116 899 2176 Leich
960 2118 1019 2178 auf
1073 2118 1232 2178 Leichen;

262 2192 376 2252 Dann
431 2191 539 2251 folget
588 2188 660 2248 eine
710 2187 812 2247 That
867 2189 921 2249 der
970 2190 1084 2250 Siege
1140 2190 1290 2250 Fried¬

688 2258 802 2318 richs
864 2260 970 2320 werth

252 2342 304 2402 Er
358 2342 431 2402 läßt
484 2339 537 2399 die
585 2336 816 2396 Heldenbrust
871 2333 963 2393 durch
1018 2335 1289 2395 Menschlichkeit

695 2408 900 2468 erweichen,

260 2490 332 2550 Und
377 2491 500 2551 wäscht
538 2488 631 2548 durch
677 2485 748 2545 eine
786 2482 909 2542 Thrän
961 2482 1026 2542 das
1063 2484 1158 2544 Blut
1202 2482 1267 2542 vom

696 2560 893 2620 Schwerd.

312 2675 560 2735 Monarch!
598 2676 657 2736 auf
689 2676 823 2736 Deinen
869 2671 967 2731 Wink
1005 2671 1087 2731 wird
1126 2670 1290 2730 Deutsch¬

694 2748 794 2808 lands
833 2750 939 2810 Muse
978 2745 1129 2805 dreister,

256 2829 319 2889 Ein
367 2827 469 2887 Blick
509 2823 564 2883 vom
620 2826 857 2886 Königsthron
906 2828 992 2888 hilft
1032 2826 1126 2886 ihren
1166 2826 1332 2886 OdenO
1405 2842 1585 2902 Vorsicht,
1618 2847 1665 2907 die
1697 2847 1736 2907 du
1768 2847 1879 2907 deinen
1912 2846 2029 2906 Stuhl
2054 2847 2140 2907 weit
2157 2849 2235 2909 über
2267 2852 2330 2912 alle

687 2900 766 2960 ein.

286 336 455 396 August
502 334 566 394 und
626 333 861 393 Antonin,
914 333 965 393 die
1025 333 1109 393 seine
1169 331 1266 391 Tha¬
1299 331 1403 391 Mich
1456 333 1580 393 dünkt,
1626 333 1678 393 Er
1731 336 1854 396 strahlt
1901 336 1998 396 herab
2058 336 2116 396 auf
2162 337 2331 397 Deutsch¬

1723 404 1821 464 lands
1884 410 2001 470 schöne
2052 410 2188 470 Geister

1356 575 1453 635 Bald
1499 576 1603 636 singt,
1637 575 1688 635 der
1741 578 1989 638 Glücklichste,
2035 582 2080 642 ein
2140 586 2211 646 Lied
2270 589 2328 649 auf

1733 649 1983 709 Friedrichs
2038 658 2180 718 Siege,

1305 724 1358 784 Um
1428 723 1527 783 dessen
1581 727 1803 787 Wiederhall
1842 727 1918 787 zehn
1981 730 2110 790 Welten
2165 735 2225 795 sich
2280 733 2332 793 be¬

1736 802 1870 862 mühn,

1319 873 1387 933 Und
1435 870 1674 930 Preußens
1721 877 1868 937 Genius
1915 882 1991 942 setzt
2031 882 2108 942 stolz
2147 882 2193 942 die
2232 882 2332 942 stärk¬

1736 950 1799 1010 sten
1863 954 1950 1014 Züge

1319 1022 1405 1082 Fürs
1462 1016 1549 1076 hohe
1598 1022 1796 1082 Götterfest
1844 1025 1875 1085 in
1932 1030 2138 1090 Melodien.

1518 1202 1836 1262 Königsberg,
1857 1207 1911 1267 den
1952 1210 2013 1270 25.
2040 1213 2134 1273 Jan.

1363 1246 1440 1306 Den
1472 1249 1565 1309 18ten
1596 1252 1690 1312 dieses
1721 1255 1866 1315 Monats
1892 1254 2012 1314 feyerte
2038 1258 2131 1318 unsre
2152 1261 2328 1321 Akademie

1323 1300 1373 1360 den
1408 1303 1610 1363 Königlichen
1639 1303 1881 1363 Krönungstag
1915 1306 2129 1366 Friedrich
2163 1306 2230 1366 des
2265 1303 2332 1363 Er¬

1320 1354 1420 1414 sten.
1462 1354 1545 1414 Der
1575 1354 1681 1414 jetzige
1705 1357 1882 1417 Prorector
1907 1357 1977 1417 Hr.
1995 1354 2036 1414 D.
2055 1357 2261 1417 Langhansen
2292 1357 2338 1417 be¬

1318 1404 1533 1464 willkommte
1556 1406 1605 1466 des
1628 1407 1772 1467 Königl.
1789 1407 1921 1467 Preuß.
1944 1408 2093 1468 Staats=
2111 1407 2171 1467 und
2199 1409 2337 1469 Kriegs=

1320 1455 1487 1515 ministers
1509 1456 1601 1516 Hrn.
1623 1458 1676 1518 von
1709 1455 1850 1515 Braxein
1878 1460 2002 1520 Excell.
2019 1458 2067 1518 bey
2094 1461 2164 1521 dero
2186 1458 2332 1518 Ankunft

1319 1503 1349 1563 im
1391 1502 1561 1562 Auditorio
1592 1503 1654 1563 mit
1675 1504 1757 1564 einer
1783 1506 1891 1566 kurzen
1928 1508 2082 1568 deutschen
2119 1509 2232 1569 Rede,
2258 1509 2335 1569 wel¬

1321 1548 1372 1608 che
1393 1548 1470 1608 Sr.
1486 1551 1605 1611 Excell.
1626 1548 1656 1608 zu
1683 1551 1905 1611 beantworten
1931 1554 2126 1614 geruheten.
2184 1557 2333 1617 Hierauf

1324 1596 1421 1656 hielte
1442 1596 1493 1656 der
1514 1596 1704 1656 ordentliche
1731 1596 1859 1656 Redner
1886 1599 1952 1659 Hr.
1968 1599 2075 1659 Prof.
2092 1602 2230 1662 Werner
2261 1606 2328 1666 eine

1321 1643 1505 1703 lateinische
1527 1643 1639 1703 Rede,
1665 1646 1778 1706 welche
1804 1646 1860 1706 von
1897 1646 1988 1706 denen
2025 1646 2055 1706 in
2092 1649 2184 1709 diesem
2226 1652 2338 1712 Jahr¬

1320 1691 1469 1751 hundert
1491 1691 1696 1751 geschehenen
1724 1694 1994 1754 Vermählungen
2029 1697 2078 1757 des
2106 1700 2321 1760 Preußischen

1322 1739 1382 1799 und
1409 1739 1770 1799 Braunschweigischen
1803 1745 1927 1805 Hauses
1956 1748 2124 1808 handelte.
2164 1751 2256 1811 Nach
2283 1753 2332 1813 der

1317 1790 1416 1850 Rede
1434 1788 1522 1848 ward
1556 1792 1605 1852 die
1634 1793 1694 1853 von
1728 1796 1777 1856 dem
1822 1796 1916 1856 Hrn.
1933 1798 2044 1858 Prof.
2061 1799 2199 1859 Lindner
2227 1805 2338 1865 einge¬

1324 1840 1443 1900 schickte
1474 1843 1612 1903 erhabne
1643 1845 1715 1905 Ode
1752 1849 1968 1909 ausgetheilt.
2041 1849 2119 1909 Der
2144 1852 2324 1912 Prorector

1324 1894 1419 1954 hielte
1444 1894 1559 1954 darauf
1584 1896 1613 1956 an
1650 1897 1697 1957 des
1735 1897 1825 1957 Hrn.
1850 1900 1879 1960 v.
1904 1900 2043 1960 Braxein
2074 1901 2236 1961 Exdellenz
2261 1904 2333 1964 eine

1320 1945 1414 2005 kurze
1436 1945 1569 2005 deutsche
1598 1948 1954 2008 Danksagungsrede,
1976 1953 2087 2013 welche
2116 1954 2192 2014 Sr.
2216 1957 2337 2017 Excell.

1317 1999 1497 2059 gleichfalls
1524 1997 1593 2057 kurz
1615 1999 1892 2059 beantworteten.

1370 2046 1505 2106 Gestern
1534 2044 1619 2104 ward
1648 2046 1704 2106 das
1733 2043 1812 2103 hohe
1835 2043 2045 2103 Geburtsfest
2063 2046 2148 2106 Ihro
2171 2048 2267 2108 Maj.
2279 2049 2324 2109 bey

1316 2094 1369 2154 der
1386 2094 1556 2154 Akademie
1573 2091 1728 2151 gefeyret.
1750 2091 1813 2151 Die
1835 2094 2043 2154 Ceremonien
2071 2094 2118 2154 bey
2140 2094 2188 2154 dem
2226 2097 2343 2157 Anfan=

1320 2144 1357 2204 ge
1379 2142 1438 2202 und
1461 2139 1618 2199 Beschluß
1645 2139 1748 2199 waren
1776 2141 1949 2201 dieselben,
1961 2145 2020 2205 wie
2037 2145 2063 2205 am
2101 2147 2340 2207 Krönungsta¬

1324 2191 1382 2251 ge.
1398 2187 1440 2247 Es
1467 2187 1577 2247 führte
1594 2187 1662 2247 aber
1683 2184 1730 2244 der
1747 2193 1936 2253 ordentliche
1953 2193 2084 2253 Redner
2101 2193 2148 2253 den
2175 2196 2264 2256 unter
2285 2198 2332 2258 der

1325 2235 1473 2295 Aufsicht
1491 2234 1540 2294 des
1569 2237 1745 2297 Senators
1768 2240 1878 2300 unsrer
1900 2243 2071 2303 Akademie
2094 2243 2188 2303 Hrn.
2200 2246 2337 2306 Kriegs=

1320 2285 1386 2345 rath
1420 2285 1563 2345 L'Estocq
1592 2288 1807 2348 studierenden
1841 2292 1935 2352 Hrn.
1952 2293 2079 2353 Grafen
2113 2294 2173 2354 von
2202 2297 2334 2357 Schlie¬

1317 2332 1370 2392 ben
1404 2334 1463 2394 auf
1479 2335 1528 2395 die
1550 2336 1734 2396 Catheder,
1768 2342 1898 2402 welcher
1931 2342 2001 2402 eine
2018 2345 2159 2405 Lobrede
2187 2347 2246 2407 auf
2268 2346 2321 2406 den

1321 2384 1431 2444 König
1458 2384 1569 2444 hielte.
1643 2387 1738 2447 Nach
1770 2391 1822 2451 der
1844 2393 1928 2453 Rede
1960 2393 2045 2453 ward
2077 2396 2129 2456 das
2167 2396 2224 2456 von
2261 2397 2314 2457 dem

1318 2434 1414 2494 Hrn.
1431 2435 1539 2495 Prof.
1557 2435 1693 2495 Lindner
1722 2440 1938 2500 eingeschickte
1961 2443 2126 2503 Gedicht:
2167 2444 2240 2504 Die
2263 2446 2337 2506 Ru¬

1323 2485 1361 2545 he
1389 2485 1438 2545 des
1461 2485 1605 2545 Helden,
1622 2487 1654 2547 an
1683 2488 1732 2548 die
1755 2494 2010 2554 Versammlung
2038 2494 2253 2554 ausgetheilt.

1377 2530 1452 2590 Wir
1474 2533 1576 2593 haben
1604 2536 1646 2596 die
1668 2539 1770 2599 Ehre,
1787 2540 1835 2600 die
1857 2542 1916 2602 von
1944 2542 1992 2602 des
2014 2542 2105 2602 Hrn.
2127 2545 2159 2605 v.
2181 2545 2321 2605 Braxein

1320 2584 1450 2644 Excell.
1467 2587 1591 2647 sowohl
1609 2587 1642 2647 am
1683 2590 1881 2650 Krönungs=
1898 2593 1948 2653 als
1972 2593 2204 2653 Geburtstage
2227 2596 2334 2656 gehal¬

1319 2633 1390 2693 tene
1415 2638 1523 2698 Reden
1560 2638 1674 2698 allhier
1693 2641 1801 2701 unsern
1832 2643 1934 2703 Lesern
1959 2642 2206 2702 mitzutheilen.

1416 2763 1742 2823 Anfangsrede
1770 2766 1815 2826 am
1863 2768 2235 2828 Krönungstage.

1317 2894 1472 2954 Thronen
1497 2897 1521 2957 in
1552 2897 1811 2957 Feuerflammen
1842 2899 1963 2959 hältst,
1994 2899 2059 2959 und
2096 2898 2119 2958 in
2157 2900 2204 2960 den
2235 2900 2331 2960 Wol=

2262 2951 2319 3011 ken
