2479 3508
224 274 1272 364 bekommen, sich wegen ihres Schadens und der In¬
231 357 973 407 teressen an den Anklägern zu erholen.
1034 353 1262 416 Das ganze
246 405 1265 464 Justificationsdecret wird, nach Gewohnheit, procla¬
233 458 1040 515 miret und öffentlich angeschlagen werden.
452 507 1025 566 Lond on, den 15. März.
279 546 1265 615 Ihro Majestät haben befohlen, America, so weit
231 604 1262 660 es England zugehört, in drey Theile abzutheilen, und
231 652 1272 709 den einen Theil das nordische, den andern das südli¬
233 701 1265 771 che Amerika zu nennen. Diesem zufolge ist bereits,
224 750 1262 804 wie uns die jüngsten Briefe aus Savanah in Geor¬
231 812 1263 870 gien melden, eine Linie bey dem Fluß Potomack ge¬
232 850 1269 914 zogen, welche die Gränze bestimmen soll. Es ge¬
240 901 1265 963 schiehet solches, die Schiffarth an der Küste zu er¬
231 961 1275 1017 leichtern, und die neuen Länder desto bequemer und
228 1004 705 1074 geschwinder zu besetzen.
455 1048 1055 1111 Warschau, den 21. März.
284 1090 1271 1150 Am 12ten dieses haben des Hrn. Krongroßmar¬
231 1143 1265 1205 schalls Excell. durch abgeschickte Billets denen hier
233 1188 1271 1249 befindlichen Herrn Senatorn und Ministers zur
232 1239 1275 1302 Nachricht gegeben, daß Jhro Königl. Maj. am 18ten
237 1289 1267 1348 dieses Monats um 10 Uhr Vormittages die Curlän¬
231 1339 1272 1402 dische Gerichte festgesetzet, mit dem Ersuchen, solchen
236 1394 1266 1454 beyzuwohnen, und ob sich gleich an gedachtem Tage
237 1443 1262 1508 die Herren Senatores und Ministri eingefunden,
231 1494 1266 1554 und niemand vom Curländischen Adel wegen üblen
231 1548 1269 1610 Weges zu Warschau eingetroffen, so haben Sr. Maj.
242 1594 1265 1658 gedachte Gerichte auf den 10ten October dieses Jahres
233 1639 1258 1687 verleget. Se. Maj. sind willens, nach errichteten zwer
237 1686 1267 1746 neuen Ritterordens, als des H. Stanislai Bischofs
237 1729 1267 1782 von Cracau, und St. Casimiri Königl. Poln Prinzen,
242 1787 1272 1855 von welchem erstern 60 Ordenszeichen den 18ten May
240 1838 1265 1894 als an Sr. Maj. Namensfest an verschiedene Herr
240 1881 1265 1948 schaften sollen ausgetheilet werden, auch den Pohln.
242 1937 1266 1999 weißen Adlerorden zu reformiren, und außer dem
242 1988 1274 2047 Adler und der Ueberschrift: profide Rege et Lege:
240 2040 1271 2095 auf der andern Seite das Bildniß der unbefleckten
249 2086 1271 2142 Empfängniß der Mutter GOttes beyzufügen, um
237 2137 1272 2185 dadurch das Verlangen nach demselben auswärtiger
733 2186 1267 2250 Am verwichenen Montag
237 2192 640 2254 Herren abzuhalten,
242 2233 1271 2299 Nachmittag haben des Herrn Grafen Brühl Exc.
237 2275 1274 2345 als Starost von Warschau, vermöge der neuen Con=
254 2328 1276 2402 stitution abermal den Eid auf besagte Starostey
246 2377 1275 2443 dem Hrn. Grafen Opalinski Woywoden von Maso¬
237 2430 1276 2489 vien, in Gegenwart des Warschauschen Kammer¬
242 2486 1274 2555 herrn und Fähnrichs, wie auch verschiedener andern
242 2528 1280 2584 von Adel geleistet. Nachdem der Hr. Graf Szem¬
242 2583 1271 2637 beck Woywod von Liefland Todes verblichen, so wird
246 2632 1275 2687 gesprochen, daß diese Woywodschaft entweder dem Hr.
246 2683 1276 2743 von Hülsen, Castellan von Liefland oder dem Hrn. von
249 2733 1279 2793 Borck Kammerherrn von Liefland zu Theil werden
249 2781 1282 2853 dörfte. Die Kronschatzcommission hat vermöge ih¬
242 2838 1274 2896 res den 11ten Aug. in Druck erschienenen Universals
245 2885 1276 2952 das Publikum avertiren wollen, damit niemand
245 2940 1285 3018 lremdes Geld von verschiedenen Schlag, welches ver=
1293 282 2325 374 möge deren vorhin durch den Hrn. Krongroßschatz¬
1296 362 2326 413 meister publicirten Universalien, und beygefugten
1302 404 2325 473 Tafelchen den innerlichen Werth nicht halten,
1297 455 2322 518 in Zahlung annehmen möge, denn sonsten um
1297 515 2321 576 der letzten Verordnung des Landes vorzubeugen, sich
1301 559 2325 622 die Schatzcommission genöthiget finden würde, eine
1293 610 2328 671 neue Reduction nicht nur allein dieser neugeprägten
1302 657 2322 721 sondern auch der schon vorhin theils reducirten theils
1296 714 2325 774 noch nicht in Tafelchen befindlichen Geldern, die ih¬
1297 756 2327 811 ren innern Werth nicht haben, und sowohl wegen
1302 799 2327 864 ihrer schlechten Prägung, als auch schlechten Gewicht
1306 853 2322 911 zu erkennen seyn, vorzunehmen. Damit also das
1292 909 2328 975 Land in Sicherheit gesetzet werden möchte, so befieh¬
1300 953 2325 1013 let gedachte Commission allen Zollofficianten bey Ver¬
1301 996 2322 1068 lust ihres Dienstes alle Wagens, sie mögen seyn wes
1305 1056 2335 1115 Standes und Würden sie immer wollen, auch die
1299 1104 2331 1171 nicht ausgeschlossen, welche mit der Post fahren,
1299 1153 2328 1215 nicht minder ihre Caleschen, Paquets und Felleisen
1312 1198 2322 1266 fleißig zu revidiren, und falls sie darinnen solcher
1312 1253 2325 1314 Gelder Gattungen verborgen finden, selbige zu con¬
1306 1295 2328 1368 fisciren. Man hat nunmehro die zuverläßige Nach¬
1306 1352 2331 1411 richt, daß der an die Ottomannische Pforte bestimm¬
1300 1403 2319 1460 te Botschafter Hr. Alexandrowiz bis dato sich in Za¬
1302 1459 2334 1510 leszisk auf der türkschen Gränze aufhalte, und den
1300 1503 2330 1564 türkschen Pasport noch erwarte; sollte selbiger aber
1309 1554 2327 1617 ihm nicht übermachet werden, so sollte er nach War¬
1314 1604 2331 1665 schau zurücke kommen; hingegen Se. Durchl. der
1305 1651 2331 1714 Fürst August Salkowski, Krongroßnotarius dahin
1309 1704 2326 1757 als pohlnischer Abgesandter abgeschicket werden. Aus
1306 1747 2331 1803 der Ukräne hat man, daß sowohl von Seiten der
1306 1794 2338 1849 Türken als Russen die Gränzen gesperret seyn, nicht
1306 1847 2335 1906 wegen einer bevorstehenden Feindseligkeit, sondern
1309 1901 2331 1962 wegen der bey der türkschen Armee graßirenden
1305 1945 1528 2014 Contagion.
1300 2049 2335 2106 Vom 1sten bis zum 5ten dieses Monats sind folgen=
1305 2106 2327 2159 de Fremde allhier einpaßiret: Herr Cap. v. Bergen,
1306 2147 2328 2201 kommt von seinem Gut. Die Herren Lieut. v. Neid¬
1318 2197 2325 2255 hardt und von Meyer, nebst 1 Unterofficier und 8.
1314 2244 2334 2308 Gemeinen von der Ruß. Kaiserl. Armee kommen
1317 2297 2331 2365 von Riga und gehen nach Danzig. Der schwedische
1317 2345 2325 2407 Schiffer Magnus Schütz kommt von Danzig. Herr
1310 2402 2327 2467 von Alexander kommt von Danzig geht nach Riga.
1312 2450 2325 2519 Der Kaufmann Herr Bertram kommt von Hamburg.
1314 2499 2325 2555 Die Schiffers Mencke und Meyer, kommen von Bre=
1305 2544 1448 2602 men.
1476 2546 2322 2604 Herr von Varchmin kommt von Friedland.
1309 2601 2325 2658 Herr Org. Lange kommt von Petersburg geht nach
1310 2643 2327 2710 Dresden. Herr Cap. von Holzendorf kommt von
1318 2695 2322 2765 Berlin geht auf seine Güter. Die Juden Joseph
1318 2747 2326 2808 Moses, Mich. Lewin, Meyer, Leisser, Wolf, kom¬
1314 2797 2306 2854 men durch Ortelsburg um allhier Ostern zu halten.
1306 2853 2331 2926 Diese Gelehrte und Politische Zeitung wird des Montag=
1416 2919 2231 2966 und Freytags Vormittags um 10 Ub= in dem
1494 2953 2145 3019 Kanterschen Buchladen ausgegeden.
