2479 3508
612 1625 1785 1726 23tes Stück. Freytag, den 22. März, 1765.
163 1698 2238 1793 Vey unserm Verleger ist auf 18 Bogen in groß vom ersten Range in Curland gleichfalls in französi¬
171 1780 1183 1834 12. fertig geworden: ”Lettres Morales pour
158 1832 1183 1894 *former le Coeur, trad. d'allem. par Mademoiselle
173 1881 1160 1930 »Elisabeth Charlotte Benigne de Hahn, Tom. I.
171 1915 1181 1977 Die Briefe zur Bildung des Herzens, vom Herrn
165 1971 1178 2020 Professor Dusch sind zu bekannt, als daß wir den
158 2015 1183 2077 Verfasser derselben vor unsern Richterstuhl citiren soll
158 2067 1183 2129 ten: wir begnügen uns bloß der Fräulein von Hahn
158 2116 1189 2196 einer so wohlgerathenen Uebersetzung wegen, ein
163 2160 1181 2230 aufrichtiges Compliment zu machen, und ihren schätz
155 2219 1181 2276 baren Namen mit der Versicherung anzuführen, daßs
158 2271 1183 2325 man selten ein Frauenzimmer treffen dörfte, die mehr
165 2315 1191 2398 Genie und mehr Herz besitze, dieser Gabe, womit
171 2362 2230 2421 die Natur sie so freygebig ausgestattet, Ehre zu ma= ler gewesen, und es dem Verfasser, der demselben
168 2416 1189 2480 chen. Es ist inzwischen in ganz Curland bekannt,
163 2467 1191 2519 in wie weit sich der würdige Vater der Fräulein von
158 2517 1183 2568 Hahn durch eine der vortreflichsten Erziehungen zun
165 2563 1191 2625 Antheil an dem Vorzuge dieser liebenswürdigen Toch
165 2615 1191 2672 ter berechtiget habe. Und überhaupt müssen wir zur
173 2643 2230 2721 Ehre des Vaterlandes unserer schätzbaren Uebersetze: der diesen Character auf selbige bringet. Er hat
168 2713 1199 2767 rin versichern, daß sich das schöne Geschlecht in dem=
176 2749 2232 2816 selben zur Schuldigkeit anrechnet, Verdienste in der hen durch seine comische Originalzüge, und insbe¬
173 2809 1194 2865 Litteratur zu besitzen, oder sie doch wenigstens zu
181 2863 1191 2922 schätzen. Vielleicht haben wir bald Gelegenheit,
168 2909 1199 2982 eines Lustspiels zu erwähnen, welches eine Dame
1217 1772 2238 1834 scher Sprache zum familieren Gebrauch aufgesetzet
1209 1822 2240 1886 hat, und wider welches wir vielleicht nur bloß diese
1204 1871 2248 1925 patriotische Einwendune haben dörften, daß es nicht
1207 1917 2238 1971 in deutscher Sprache abgefasset worden. Die Lettres
1204 1964 2235 2036 kosten in der Kanterschen Buchhandlung allhier, wie
1204 2013 1964 2101 auch in Elbing und Mitau 2 fl. 15 gr.
1251 2098 2232 2168 Ohne Benennung des Orts ist im Jahr 1765 her=
1207 2168 2232 2245 ausgekommen: "Der Mann nach der Uhr, oder der
1227 2209 2232 2294 "ordentliche Mann. Ein Lustspiel, in einem Auf¬
1240 2253 2235 2331 zuge. 7 Bogen in klein 8vo. Da dieses Stück
1214 2302 2227 2369 bereits in den Händen der Schuchischen Schauspie
1212 2408 2230 2475 aus Bescheidenheit seinen Namen nicht vorgesetzt hat,
1220 2462 2230 2519 Ehre macht, so tragen wir kein Bedenken, ihn dem
1220 2496 2227 2579 Publico näher kennen zu lehren. Es ist Herr Hip¬
1212 2550 2232 2623 pel, der sich durch diese Stücke um so vielmehr um
1217 2602 2230 2669 die Bühne verdient gemacht hat, da er der erste ist,
1220 2705 2232 2767 ihn mit vieler Richtigkeit ausgearbeitet, und demsel¬
1217 2806 2238 2873 sondere durch den contrastirenden Character des Ma¬
1209 2855 2240 2920 gister Blasius, eine vortrefliche Colorit ertheilet.
1220 2904 2243 2995 Die Einheit der Zeit und des Orts sind vollkommen
2126 2953 2243 3028 beob,
