2479 3508
482 317 1047 377 Dresden, den 10. Febr.
309 366 1271 434 Zu Otterwisch, bey Grimma, hat sich kürzlich ein¬
255 416 1277 485 schon bejahrte Frau, welche schon einige Zeit krank
249 469 1282 530 lag, die Kehle angeschnitten, woran sie auch den drit¬
258 522 1282 584 ten Tag gestorben ist. Dergleichen Exempel mensch¬
258 573 1286 633 licher Thorheiten sind leider! nicht rar. Aber fol¬
252 618 1282 684 gender Umstand ist sonderbar. Als der Sohn von
255 667 1281 732 besagter Frau über die That herzu gekommen ist,
249 716 1280 770 und gefragt hat: Was sie da machte? ist ihre Ant¬
249 774 1281 840 wort gewesen: Sie wolte machen, daß sie in den
258 821 554 884 Himmel käme.
327 861 1221 927 Beschluß des letzt abgebrochnen Artikels von
377 919 1167 984 Naumburg an der Saale, vom 13. März.
297 953 1280 1025 Durch diese Versuche und Erscheinungen bin ich
252 1028 1281 1079 nun völlig überführet, daß die von dem Monde be¬
255 1062 1282 1132 schienene Pottasche durch den Mond selbst, und durch
252 1115 1290 1172 einige feine Partikeln, die sich mit der Pottasche durch
249 1159 1286 1218 den Schein vereiniget haben, ein höheres Gewicht er¬
255 1206 1281 1267 langet habe; Denn wäre dieses nicht durch den Mond
258 1254 1282 1324 geschehen, so würde die von demselben nicht beschie¬
249 1304 1286 1375 nene Pottasche nicht jederzeit in gleichem Gewichte
258 1355 1280 1420 geblieben seyn. Die Gefäße waren von einerley Be¬
258 1409 1286 1477 schaffenheit, die Pottasche in beyden war gleich, sie
258 1464 1282 1521 standen an einem Orte, sie waren auch in gleicher
252 1515 1286 1572 Luft; nur wurde das eine von dem Monde beschie¬
252 1560 1282 1623 nen, das andre aber nicht. Da nun diejenige Pott¬
258 1609 1278 1661 asche, welche der Mond beschien, schwerer wurde,
249 1653 1278 1715 die andere aber in gleichem Gewichte blieb, so ist,
258 1696 1278 1764 deucht mir, der Schluß nicht zu übereilend, daß bloß
253 1745 1287 1807 nur allein von dem Monde die Vermehrung des Ge¬
255 1794 1287 1855 wichts der Pottasche entstanden, daß von ihm etwas
253 1848 1282 1910 zu der Pottasche gekommen sey, und daß derselbe
258 1897 1280 1957 einen Einfluß in die Pottasche gehabt habe. Jch wer=
255 1956 1282 2010 de diese Beobachtungen fortsetzen, und diese und an¬
255 2007 1281 2062 dere neue physikalische Bemerkungen, nebst meinen
255 2055 1282 2108 Gedanken darüber, der gelehrten Welt und meinen
258 2102 1039 2161 Freunden mitzutheilen nicht ermangeln.
446 2156 1095 2226 Harderwick, den 19. März.
302 2195 1274 2261 Hr. Abraham Jacob Dnyfhaut, Professor der
258 2257 1278 2314 Philosophie und Astronomie auf unserer Universität,
255 2314 1282 2379 ist den 11ten dieses im 32sten Jahr seines Alters
255 2358 606 2429 allhier gestorben.
518 2409 1029 2489 Paris, den 15. Merz.
306 2457 1274 2531 Nach Briefen von Bourdeaux, ist daselbst ver¬
258 2519 1278 2577 wichenen 23sten die Ebbe in der Garonne, nachdem
270 2569 1280 2628 sie ungefähr 1½ Stunden angehalten gehabt hat,
264 2626 1280 2686 schleunig durch eine hohe Fluth gehemmet worden,
261 2677 1277 2726 welche eine Viertelstunde gedauret, wornach es wie¬
261 2717 1277 2772 der noch 1½/ Stunden geebbet hat. Wegen dieser
270 2770 1280 2827 ausserordentlichen Begebenheit ist man in der Erwar¬
266 2818 1282 2869 tung gewesen, zu vernehmen, daß in Portugal oder
262 2872 1277 2937 Spanien sich ein Erdbeben geäussert hätte; allein,
262 2922 1038 3004 bis itzo hat man davon keine Nachricht.
1543 311 2108 384 London, den 12. März.
1371 367 2343 429 Für den Prinz von Wallis wird itzt ein Degen
1313 433 2343 491 verfertiget, wovon das Gefäß auf 400 Pf. zu ste¬
1321 465 2337 531 hen kömmt. Zu Portsmouth hat man eine Maschi=
1312 527 2338 582 ne probirt, das Wasser aus den Schiffen zu pum¬
1322 574 2338 644 pen; und es wurde befunden, daß vermittelst dersel¬
1318 622 2343 681 ben 5 Tonnen Wasser in einer Minute kann ausge¬
1320 675 2337 738 pumpet werden. Die Maschine ist ganz simple,
1321 728 2339 785 und bestehet nur aus 3 Brettern, davon das mittel¬
1324 764 2345 836 ste sich herum beweget. Ihr Erfinder ist nur ein
1312 816 2339 875 Lehrjunge. Die Admiralität bezeigt ihr Vergnügen
1312 862 2339 933 darüber, und ist bereit, seinen erfindsamen Fleiß zu beloh¬
1590 914 2086 982 Genua, vom 27. Febr.
1314 919 1404 977 nen.
1369 955 2334 1035 Aus Madrit vernimmt man, daß Se. Königl.
1311 1016 2338 1082 Hoheit der Prinz Carl von Sachsen, daselbst ankom¬
1312 1071 2339 1128 men, und von der Ober=Befehlshaberstelle über alle
1326 1113 2334 1188 Spanische Kriegsvölker Besitz nehmen sollen, wozu
1329 1162 2343 1221 Se. Katholische Maj. ersagten Prinzen nicht nur er¬
1313 1211 2343 1291 nennet, sondern demselben auch ein großes Gehalt
1321 1258 1662 1333 beygeleget haben.
1574 1295 2098 1377 Wilda, den 18. März.
1360 1352 2341 1431 Es ist der Hr. Fähnrich von Ciechanowicky hier
1312 1410 2339 1482 angelanget, um verschiedene Herren, die ihnen, im
1313 1472 2341 1528 verflossenen Jahre von der Generalconföderation an¬
1312 1511 2100 1578 gesetzte Summen Geldes auszuzahlen.
2127 1515 2346 1576 Es ist die=
1324 1565 2343 1621 ser Tagen durch das Geläut der Glocken der Tod des
1318 1616 2339 1665 Herrn Starosten von Bieliewicz bekannt gemacht
1321 1660 2337 1715 worden; es sollte eben der Criminalproseß gegen ihn
1317 1700 2338 1768 angefangen werden; da man aber wieder alles Ver¬
1320 1753 2341 1825 muthen mit einmal hörete, daß er gestern um 8 Uhr
1318 1797 2333 1866 des Morgens seinen Geist aufgegeben, so hat auch
1313 1843 2343 1921 die ganze Untersuchung in seiner Sache ihr Ende ge¬
1321 1899 2341 1968 habt. Aus Grodno wissen wir, daß die Krieges¬
1318 1959 2339 2015 commission in diesen Tagen sich endigen, und die
1318 2010 2339 2060 Schatzcommission ihren Anfang nehmen wird. Aus
1321 2056 2341 2117 dem Potockier Kreise erfahren wir, daß bey dem
1318 2102 2338 2165 Ausmarsche der Russ. Truppen aus unsern Gränzen,
1312 2149 2337 2217 doch noch 2 Soldaten nahe an der Gränze in ein ge¬
1321 2199 2342 2259 wisses Dorf gefallen, die Einwohner desselben ge¬
1318 2249 2334 2317 prügelt, und angefangen haben, ihnen ihr Vieh
1320 2303 2336 2369 wegzunehmen, bis daß sich die Bauern endlich ver¬
1322 2343 2339 2417 sammlet; einen Soldaten erschossen, und dem an¬
1311 2398 2339 2471 dern den Arm gebrochen, und ihn ins Wasser gewor¬
1320 2443 1521 2507 fen haben.
1314 2497 2323 2608 Wechsel-Cours & Species d. 5. April. 1765.
1312 2585 1855 2643 Amsterdam 41 Tage 3082 gr.
1927 2577 2266 2655 71 Tage 3063gr.
1304 2629 1780 2718 Hamburg 3 W. 1334gr.
1896 2634 2164 2703 6 W. 133 gr.
1305 2674 1441 2732 Berlin
1820 2660 2227 2752 Dantzig 24 pr. Cto.
1304 2717 1746 2800 Ducaten neue 9 fl. 5 gr.
1879 2728 2286 2805 Alberts Taler 129 gr.
1304 2778 1596 2834 Rubel 113 gr.
1793 2781 2329 2844 Alt Polnisch Geld 12 pr. Cto.
1308 2827 2329 2903 Diese Gelehrte und Politische Zeitung wird des Montags
1411 2886 2218 2949 und Freytags Vormit ags um 10 Uhr in dem
1497 2929 2148 2991 Kanterschen Buchladen ausgegeben.
