2479 3508
157 376 210 436 ken
244 382 357 442 setzest!
385 380 398 440 O
438 380 619 440 Allmacht,
640 383 686 443 die
707 383 759 443 den
788 385 901 445 Werth
928 383 1175 443 triumphischer

167 428 280 488 Bogen
314 431 373 491 und
401 431 651 491 monarchischer
679 434 799 494 Welten
832 434 914 494 nicht
936 431 1033 491 höher
1056 433 1104 493 als
1132 431 1175 491 ein

166 478 357 538 Sandkorn
388 478 475 538 hält!
502 479 574 539 Dir
595 482 678 542 baue
699 485 791 545 unser
812 485 993 545 Vaterland
1030 484 1091 544 und
1123 482 1189 542 die¬

170 524 214 584 ser
237 524 415 584 Musensitz
438 527 460 587 in
488 530 565 590 aller
589 533 711 593 Herzen
740 533 973 593 Dankaltäre!

223 567 292 627 Dir
318 577 551 637 Kronengeber
577 580 620 640 sey
647 583 696 643 das
729 582 817 642 Lob,
849 580 905 640 daß
938 583 974 643 du
1000 580 1176 640 Preußens

161 620 403 680 unerschüttert
429 631 634 691 gebliebenen
678 631 952 691 Königsthron,
978 631 1033 691 auf
1066 630 1183 690 unum¬

176 671 317 731 stößliche
347 680 607 740 Segenspfeiler
637 682 666 742 so
697 682 773 742 feste
803 682 1003 742 gegründet,
1033 680 1086 740 daß
1116 680 1168 740 von

170 720 269 780 diesem
303 727 414 787 Berge
437 730 486 790 des
509 730 602 790 Heils
631 730 686 790 uns
714 730 813 790 lauter
836 730 980 790 Ströme
1003 730 1052 790 der
1069 730 1185 790 Glück¬

175 772 372 832 seligkeiten,
408 780 500 840 durch
524 781 576 841 den
605 781 831 841 mildthätigen
861 779 1000 839 Ausfluß
1030 781 1076 841 der
1105 778 1180 838 Gü¬

159 816 191 876 te
223 825 336 885 unsers
368 827 416 887 als
449 828 502 888 des
535 831 637 891 besten
669 828 991 888 Weltmonarchen,
1024 828 1077 888 der
1115 827 1179 887 und

168 872 261 932 dessen
291 876 508 936 Königliches
532 879 625 939 Haus
655 882 719 942 noch
749 879 860 939 länger
884 879 930 939 als
960 878 1006 938 die
1030 878 1124 938 Weit
1142 875 1188 935 be=

170 921 279 981 stehe,
303 924 412 984 damit
436 927 482 987 ein
518 930 598 990 jeder
622 928 691 988 Tag
715 930 824 990 Ihrer
854 930 1033 990 gesegneten
1062 927 1183 987 Regie¬

159 968 246 1028 rung
285 975 350 1035 und
384 975 494 1035 unsern
533 978 807 1038 Nachkommen,
835 979 905 1039 auch
945 981 1043 1041 dieser
1071 978 1174 1038 hohen

176 1023 306 1083 Schule
330 1025 369 1085 ein
404 1025 500 1085 neues
523 1028 597 1088 Fest
615 1028 740 1088 werden
769 1028 883 1088 möge!

426 1127 922 1187 Schlußkompliment.

167 1201 272 1261 Der
294 1204 448 1264 Gottheit
470 1206 569 1266 bleibe
591 1204 654 1264 dies
676 1207 746 1267 Fest
768 1207 937 1267 geweyht;
967 1213 1015 1273 dir
1037 1210 1192 1270 Kronen¬

164 1254 267 1314 stifter
306 1253 354 1313 sey
393 1255 447 1315 der
480 1255 611 1315 Preis!
649 1253 725 1313 Die
753 1255 829 1315 Luft
857 1258 1009 1318 zertheile
1037 1258 1085 1318 sich
1118 1258 1177 1318 von

164 1303 284 1363 Dank=
301 1301 358 1361 und
390 1303 615 1363 Jubeltönen,
637 1300 688 1360 von
720 1303 935 1363 Albertinens
957 1303 1166 1363 Lobgesang!

220 1349 292 1409 Der
324 1351 460 1411 Dank,
497 1351 549 1411 der
586 1349 721 1409 Wunsch
763 1349 804 1409 sey
847 1351 1045 1411 allgemein!
1082 1348 1186 1408 Ganz

166 1397 322 1457 Preußen
353 1398 459 1458 mach'
480 1394 530 1454 die
551 1393 819 1453 Symphonien,
835 1393 885 1453 bey
921 1393 1017 1453 dieser
1038 1393 1184 1453 akadem¬

164 1446 246 1506 schen
289 1443 568 1503 Thronenfeyer!
605 1440 678 1500 Die
699 1440 823 1500 Herzen
855 1440 885 1500 so
917 1440 1020 1500 vieler
1052 1440 1187 1500 Millio¬

166 1494 222 1554 nen
262 1491 484 1551 Unterthanen
513 1489 563 1549 der
592 1491 757 1551 Königlich
786 1491 996 1551 Preußischen
1030 1491 1172 1551 Staaten

179 1542 261 1602 seyen
291 1542 610 1602 Dankpyramiden,
628 1542 674 1602 für
699 1545 769 1605 den,
793 1545 840 1605 der
865 1545 1041 1605 Preußens
1065 1542 1170 1602 Thron

168 1596 359 1656 gegründet
377 1594 440 1654 und
470 1593 597 1653 erhält!

227 1646 243 1706 O
285 1646 516 1706 Musensöhne
545 1646 667 1706 stimmt
696 1646 748 1706 der
783 1646 928 1706 Andacht
957 1646 1188 1706 Opferflöten!

175 1698 324 1758 Bezahlt
341 1700 429 1760 durch
458 1700 723 1760 Frömmigkeit,
752 1700 840 1760 durch
873 1700 973 1760 neuen
1001 1700 1083 1760 Fleiß
1117 1698 1178 1758 und

175 1748 348 1808 Tugend,
382 1751 506 1811 GOtt,
545 1750 609 1810 und
648 1751 702 1811 den
741 1751 854 1811 Obern
899 1751 1050 1811 Dank-

1106 1750 1181 1810 euch

177 1798 268 1858 selbst
288 1802 334 1862 die
355 1802 499 1862 schuldge
520 1802 664 1862 Pflicht!

292 1912 606 1972 Anfangsrede
643 1912 685 1972 am
736 1909 1071 1969 Geburtstage.

170 1991 281 2051 Nie
303 1993 373 2053 kann
402 1993 450 2053 der
472 1990 837 2050 Himmelsbeherrscher
867 1988 943 2048 einem
979 1985 1084 2045 Volke
1099 1986 1182 2046 mehr

178 2043 290 2103 Gutes
314 2043 505 2103 verleihen,
534 2040 579 2100 als
602 2040 691 2100 wenn
720 2040 748 2100 er
766 2040 884 2100 solches
907 2037 957 2097 der
980 2034 1088 2094 weisen
1116 2034 1178 2094 und
1224 2036 1279 2096 alle
1314 2036 1376 2096 nur
1405 2034 1534 2094 möglich
1568 2034 1715 2094 irrdische
1749 2034 2031 2094 Glückseligkeiten
2066 2037 2228 2097 zuführet,

178 2094 296 2154 sauften
320 2094 505 2154 Regierung
534 2093 618 2153 eines
642 2091 748 2151 klugen
777 2089 833 2149 und
862 2088 1082 2148 mildthätigen
1105 2082 1183 2142 Für=

174 2145 237 2205 sten
264 2142 491 2202 anvertrauet,
507 2142 538 2202 an
565 2142 618 2202 dem
655 2140 702 2200 die
724 2140 972 2200 Unterthanen,
994 2139 1020 2199 so
1042 2136 1104 2196 wie
1126 2133 1184 2193 wir

175 2193 212 2253 an
240 2193 347 2253 unserm
387 2193 435 2253 nie
457 2194 554 2254 genug
582 2193 782 2253 gepriesenen
816 2190 1054 2250 Friederich
1092 2187 1173 2247 einen

170 2240 496 2300 unüberwindlichen
544 2242 775 2302 Schutzgott,
812 2241 896 2301 einen
944 2237 1170 2297 versorgenden

164 2291 388 2351 Landesvater
421 2291 484 2351 und
517 2290 602 2350 einen
640 2291 943 2351 unnachahmlichen
976 2288 1189 2348 Tugendhel¬

174 2339 227 2399 den
254 2342 433 2402 verehren,
460 2342 512 2402 dem
555 2339 592 2399 sie
619 2341 681 2401 mit
709 2342 835 2402 wahrer
862 2339 983 2399 Freude
1015 2337 1073 2397 und
1100 2336 1184 2396 Ver¬

175 2388 311 2448 trauen,
334 2390 401 2450 ihre
424 2390 543 2450 Herzen
572 2390 639 2450 eben
674 2390 702 2450 so
725 2393 861 2453 begierig
890 2390 1014 2450 weyhen
1043 2387 1183 2447 können,

173 2437 222 2497 als
262 2434 336 2494 man
371 2437 483 2497 ehedem
529 2437 636 2497 Roms
676 2440 740 2500 und
771 2437 1032 2497 Griechenlands
1072 2435 1189 2495 trium¬

176 2485 317 2545 phischen
359 2485 529 2545 Errettern
571 2490 718 2550 Koloßen
759 2490 824 2550 und
860 2488 1065 2548 Pyramiden
1113 2485 1189 2545 auf¬

170 2530 325 2590 richtete.

229 2583 315 2643 Treu
338 2584 446 2644 devote
469 2584 585 2644 Herzen
615 2587 679 2647 sind
702 2587 752 2647 die
775 2586 956 2646 köstlichsten
979 2583 1188 2643 Monumen¬

167 2632 194 2692 te
217 2633 267 2693 für
295 2637 428 2697 unseren
456 2635 778 2695 liebenswürdigsten
806 2635 1050 2695 Beherrscher,
1079 2634 1173 2694 gegen

168 2683 224 2743 den
264 2688 332 2748 auch
366 2685 417 2745 die
440 2685 571 2745 größten
600 2685 718 2745 Helden
747 2685 821 2745 alter
856 2685 912 2745 und
947 2682 1043 2742 neuer
1066 2682 1173 2742 Zeiten

171 2733 228 2793 nur
251 2736 279 2796 in
309 2736 509 2796 zwergischer
533 2734 652 2794 Größe
670 2733 870 2793 erscheinen.

224 2779 308 2839 Treu
337 2784 444 2844 devote
474 2784 631 2844 Wünsche
660 2784 717 2844 für
746 2784 801 2844 das
836 2784 977 2844 kostbare
1000 2781 1090 2841 Leben
1125 2782 1169 2842 des

165 2830 226 2890 uns
254 2832 343 2892 heute
366 2834 421 2894 vor
444 2835 538 2895 Drey
566 2833 627 2893 und
650 2832 772 2892 funfzig
795 2832 928 2892 Jahren
962 2832 1011 2892 als
1046 2832 1101 2892 das
1129 2832 1179 2892 be¬

165 2879 210 2939 ste
233 2885 550 2945 Himmelsgeschenk
568 2882 727 2942 gegebnen
750 2879 1010 2939 Allertheuersten
1039 2882 1180 2942 Monari

161 2930 266 2990 chen,
291 2934 353 2994 sind
385 2936 434 2996 die
467 2936 622 2996 schönsten
648 2933 778 2993 Opfer,
810 2932 859 2992 die
885 2931 947 2991 wir
979 2933 1027 2993 der
1048 2933 1190 2993 blühen=

1212 380 1262 440 den
1307 380 1426 440 Dauer
1465 380 1572 440 unsers
1610 381 1767 441 geliebten
1800 383 2020 443 Vaterlandes
2052 381 2115 441 und
2147 383 2222 443 aller

1209 431 1384 491 Königlich
1406 429 1624 489 Preußischen
1662 431 1806 491 Staaten
1839 431 1972 491 widmen
2004 434 2142 494 können.

1256 476 1315 536 So
1343 479 1408 539 viel
1425 479 1622 539 ungehemte
1645 479 1754 539 Puls=
1766 479 1831 539 und
1853 482 2154 542 Herzensschläge,
2182 485 2225 545 die

1215 530 1393 590 Millionen
1432 530 1583 590 redlicher
1617 530 1834 590 Preußischer
1867 532 2089 592 Unterthanen
2133 533 2225 593 heute

1211 578 1424 638 empfinden;
1451 579 1477 639 so
1515 578 1583 638 viel
1617 580 1872 640 ungeheuchelte
1904 579 1967 639 und
2000 580 2223 640 freymüthige

1212 628 1374 688 Wünsche
1402 627 1516 687 mögen
1555 628 1626 688 nach
1659 628 1707 688 der
1730 628 2012 688 Herzenssprache
2041 630 2138 690 heute
2166 631 2230 691 mit

1208 676 1272 736 mir
1293 676 1406 736 redend
1432 677 1585 737 werden,
1611 677 1669 737 und
1700 678 1898 738 frohlockend
1928 679 2111 739 ausrufen:

1266 727 1404 787 Lange,
1444 727 1544 787 lange
1572 727 1644 787 lebe
1678 727 1822 787 König
1856 727 2134 787 Friederich,

1219 775 1551 835 Unüberwindliche,
1573 776 1737 836 Gnädige
1775 777 1832 837 und
1870 775 2054 835 Geliebte!
2091 775 2138 835 Er

1216 825 1272 885 das
1301 825 1476 885 Schrecken
1505 828 1601 888 seiner
1630 826 1771 886 Feinde,
1800 828 1845 888 die
1874 825 1986 885 wahre
2004 825 2151 885 Wollust
2174 831 2230 891 sei¬

1216 876 1272 936 ner
1298 876 1555 936 Unterthanen!

1262 927 1342 987 Ihm
1389 927 1452 987 und
1487 927 1614 987 Seinem
1661 924 2061 984 Allerdurchlauchtigsten
2102 927 2211 987 König

1215 975 1306 1035 lichen
1340 975 1529 1035 Churhause
1556 975 1664 1035 mögen
1697 975 1740 1035 die
1763 973 1892 1033 größten
1931 973 1990 1033 und
2023 977 2228 1037 allergesitte=

1214 1024 1270 1084 sten
1297 1025 1442 1085 Völker,
1468 1025 1525 1085 aus
1551 1022 1628 1082 allen
1660 1023 1738 1083 schon
1769 1022 1961 1082 erfundenen
1993 1022 2054 1082 und
2086 1024 2153 1084 noch
2190 1027 2220 1087 zu

1209 1073 1433 1133 entdeckenden
1466 1073 1695 1133 Welttheilen,
1718 1073 1760 1133 die
1787 1073 2054 1133 neuvermehrten
2087 1073 2236 1133 Beherr¬

1222 1124 1554 1184 schungsdiademen,
1576 1121 1660 1181 ohne
1681 1122 1981 1182 Schwerdtschlag,
2014 1124 2071 1184 von
2098 1124 2219 1184 selbsten

1215 1172 1279 1232 und
1307 1172 1366 1232 mit
1389 1172 1529 1232 Freuden
1557 1172 1584 1232 in
1617 1172 1638 1232 so
1666 1172 1834 1232 gehäufter
1862 1172 1992 1232 Anzahl
2014 1172 2073 1232 und
2107 1175 2133 1235 so
2161 1175 2236 1235 lan¬

1222 1224 1254 1284 ge
1276 1222 1428 1282 entgegen
1456 1222 1596 1282 tragen,
1618 1219 1672 1279 bis
1705 1222 1764 1282 alle
1792 1219 1938 1279 sichtbare
1960 1222 2149 1282 Weltkreise
2182 1222 2236 1282 zu¬

1223 1267 1272 1327 vor
1306 1267 1361 1327 den
1406 1270 1600 1330 glorreichen
1639 1269 1811 1329 Königlich
1850 1270 2072 1330 Preußischen
2111 1272 2227 1332 Zepter

1224 1315 1404 1375 verehren;
1431 1318 1483 1378 ehe
1511 1318 1547 1378 sie
1569 1318 1595 1378 im
1632 1315 1732 1375 letzten
1759 1318 1944 1378 Untergang
1967 1320 2024 1380 auf
2046 1321 2167 1381 einmal
2184 1321 2231 1381 ihr

1222 1361 1362 1421 Endziel
1378 1362 1559 1422 erreichen,
1590 1363 1649 1423 und
1675 1365 1851 1425 Preußens
1887 1366 2068 1426 glückselige
2089 1369 2234 1429 Weltbe¬

1218 1404 1372 1464 herrscher
1392 1407 1426 1467 an
1451 1407 1540 1467 jenem
1590 1407 1704 1467 großen
1734 1407 1853 1467 Tage,
1878 1410 1927 1470 der
1958 1413 2224 1473 hellglänzenden

1217 1452 1272 1512 und
1308 1452 1581 1512 ewigdauernden
1617 1452 1976 1512 Gnadenbelehnung,
2007 1457 2057 1517 die
2093 1458 2214 1518 Götter

1215 1503 1309 1563 krone
1337 1503 1393 1563 der
1421 1503 1565 1563 Seligen
1599 1503 1649 1563 als
1683 1503 1733 1563 den
1767 1503 1844 1563 Lohn
1878 1505 1933 1565 der
1957 1503 2217 1563 wohlgeführten

1210 1554 1383 1614 irrdischen
1414 1554 1598 1614 Regierung
1629 1554 1651 1614 im
1693 1557 1861 1617 Angesicht
1885 1557 1942 1617 und
1972 1557 2035 1617 mit
2053 1558 2221 1618 Vorzügen

1215 1606 1270 1666 vor
1293 1608 1370 1668 allen
1399 1608 1531 1668 übrigen
1555 1608 1793 1668 Weltregenten
1822 1609 1877 1669 zum
1922 1605 2016 1665 Trotz
2039 1609 2094 1669 und
2117 1613 2233 1673 Quaal

1220 1658 1271 1718 des
1301 1661 1375 1721 ewig
1406 1661 1591 1721 verfluchten
1620 1661 1748 1721 Neides
1777 1661 1915 1721 erhalten
1946 1662 2089 1722 werden.

1482 1763 1959 1823 Schlußkompliment.

1228 1843 1325 1903 Vor
1347 1843 1431 1903 einen
1460 1843 1628 1903 König,
1650 1843 1698 1903 dem
1742 1843 1769 1903 so
1791 1843 1853 1903 viel
1875 1844 2143 1904 Verdienstglanz
2164 1846 2227 1906 und

1219 1894 1456 1954 Seelengröße
1472 1894 1588 1954 eigen,
1615 1894 1672 1954 daß
1699 1891 1746 1951 die
1763 1892 1899 1952 klügsten
1926 1894 2084 1954 Redner,
2111 1894 2158 1954 die
2179 1894 2231 1954 be¬

1217 1942 1274 2002 sten
1307 1939 1417 1999 Maler
1444 1939 1501 1999 und
1534 1939 1681 1999 Poeten,
1719 1939 1766 1999 sich
1804 1941 1887 2001 nicht
1909 1940 1946 2000 an
1983 1942 2062 2002 seine
2094 1942 2141 2002 als
2173 1943 2225 2003 der

1219 1987 1380 2047 Gottheit
1401 1985 1547 2045 ähnliche
1572 1987 1794 2047 Schilderung
1821 1987 1962 2047 wagen,
1987 1988 2047 2048 und
2083 1988 2133 2048 der
2164 1991 2224 2051 uns

1215 2085 1314 2145 außer
1337 2085 1391 2145 daß
1420 2085 1475 2145 alle
1498 2083 1608 2143 übrige
1630 2085 1796 2145 Nationen
1830 2082 1890 2142 uns
1930 2082 1979 2142 den
2008 2087 2223 2147 Beherrscher

1217 2136 1401 2196 beneiden,
1423 2135 1477 2195 den
1510 2136 1564 2196 alle
1586 2133 1710 2193 Völker
1733 2133 1824 2193 gerne
1847 2133 1982 2193 haͤtten,
2009 2136 2063 2196 den
2090 2139 2150 2199 alle
2172 2141 2236 2201 Re¬

1217 2191 1325 2251 genten
1359 2187 1456 2247 gerne
1489 2187 1685 2247 nachahmen
1718 2185 1886 2245 möchten;
1925 2184 1984 2244 vor
2023 2184 2110 2244 einen
2154 2193 2224 2253 solch

1215 2237 1396 2297 erhabenen
1425 2237 1589 2297 König,
1612 2239 1656 2299 ein
1686 2237 1809 2297 würdig
1827 2235 1906 2295 Lob,
1918 2237 2025 2297 Dank
2042 2237 2104 2297 und
2122 2240 2223 2300 Opfer

1218 2295 1250 2355 zu
1278 2288 1433 2348 bringen,
1450 2286 1554 2346 fehlen
1588 2288 1654 2348 auch
1688 2285 1737 2345 dem
1776 2285 1897 2345 stärsten
1925 2282 2019 2342 Geist
2036 2285 2079 2345 die
2097 2288 2229 2348 Kräfte.

1260 2338 1339 2398 Den
1367 2336 1457 2396 guten
1489 2336 1605 2396 Willen
1644 2336 1696 2396 der
1729 2336 1862 2396 hiesigen
1894 2336 1957 2396 treu
1990 2336 2122 2396 devoten
2150 2337 2234 2397 Aka¬

1215 2390 1339 2450 demie,
1361 2387 1420 2447 und
1442 2387 1528 2447 ihren
1562 2388 1653 2448 heute
1675 2387 1833 2447 bezeigten
1860 2384 2217 2444 allerunterthänigsten

1215 2437 1328 2497 Eifer,
1356 2435 1432 2495 wird
1470 2437 1605 2497 Seiner
1645 2435 1856 2495 Königlichen
1895 2432 2063 2492 Majestät
2096 2435 2204 2495 unserm

1215 2485 1493 2545 Allergnädigsten
1538 2485 1715 2545 Könige
1750 2485 1827 2545 und
1861 2482 2000 2542 Herrn
2039 2479 2084 2539 die
2118 2483 2228 2543 Hoch¬

1214 2536 1405 2596 verordnete
1437 2533 1740 2593 Landesregierung
1778 2533 1873 2593 dieses
1911 2530 2128 2590 Königreichs
2166 2535 2229 2595 mit

1224 2587 1379 2647 lebhaften
1408 2587 1529 2647 Farben
1559 2587 1581 2647 zu
1611 2586 1784 2646 schildern,
1808 2581 1905 2641 gerne
1929 2581 2073 2641 geneiget
2091 2583 2177 2643 seyn.

1261 2684 1331 2744 Zum
1367 2679 1530 2739 Beschluß
1566 2678 1673 2738 wollen
1709 2673 1771 2733 wir
1801 2676 1971 2736 folgendes
2000 2682 2234 2742 Sinngedicht

1215 2733 1391 2793 beyfügen,
1418 2727 1535 2787 womit
1555 2727 1627 2787 Hr.
1647 2727 1875 2787 Schulcollege
1896 2730 2013 2790 Lauson
2040 2732 2091 2792 den
2118 2733 2229 2793 gestri¬

1210 2788 1263 2848 gen
1295 2784 1359 2844 Tag
1387 2778 1563 2838 bezeichnen
1596 2774 1740 2834 wollen:

1286 2829 1387 2889 GOtt
1422 2829 1517 2889 dacht
1559 2827 1613 2887 den
1662 2827 1934 2887 Zwischenpunkt
1969 2828 2023 2888 von
2071 2832 2227 2892 Mensch=

1683 2871 1744 2931 und
1782 2879 2005 2939 Engel=Art,

1385 2926 1455 2986 Und
1488 2927 1706 2987 Friedrich
1752 2928 1860 2988 ward.
