2479 3508
288 371 884 477 Tempra l'acerbo orgoglio
345 446 860 526 E men crudel rimira
352 490 897 583 Chi langue chi sospira
352 552 928 640 Chi chiede a te pietà.
446 684 922 788 Wien, den 23. Febr.
228 723 1208 829 Unter den Arbeiten, welche Gelehrte und Künst¬
174 777 1208 876 ler der beglückten Vermälung Ihrer Römisch Kö¬
171 863 1205 925 nigl. Majestäten geweihet häben, verdienet ohne
171 910 1208 972 Zweifel die von dem Hn. F. A. Schega zu München
179 972 1202 1031 verfertigte 15 Ducaten schwere goldene Denkmünze
168 1068 1208 1135 Rechten gewendete Brustbild der Königin führet die
179 1109 2244 1174 Ueberschrift: IOSEPHA ROM. REGINA, und ist Silber. Auf der Hauptseite ist die Stadt Danzig
171 1158 1205 1223 mit so vieler Wahrheit, als Geschmäck, ausgefüh¬
174 1210 1200 1267 ret. Die Haare sind mit einer zierlichen Leichtigkeit
176 1311 1202 1360 sondern mahlerisch angebracht: In dem Angesichte
174 1353 2247 1410 herrschen eine auf das Bewußtseyn edler Gesinnun= Pol. Patre Patriae salvo Pacis Olivensis Saeculum al-
176 1402 2247 1456 gen gegründete Freymüthigkeit, Menschenliebe, terum inter supplicationes et Vota III. Maji MCCCLX.
174 1443 1197 1503 Sanftmuth und Güte, welche den verehrungswür
176 1542 1511 1614 Deutschland, die Oesterreichische Monarchie, und Jo= Maj. MDCLX.
176 1591 1208 1651 seph der Zweite die Bevestigung ihrer Glückseligkeit
171 1643 1200 1705 mit gröͤßter Zuversicht erwarten. Auf der Rückseite
179 1697 1195 1757 lieset man folgende Inschrift: CAROLI VII. CAES.
174 1749 1200 1806 AUG. FILIA. NAT. D. XXX. MART. 1739. JO¬
176 1798 1205 1853 SEPHO II. ROM. REGI AUGUSTO CONNU¬
171 1845 1200 1923 BIO JUNCTA. FRATRE PROCURATORE MO¬
171 1892 821 1967 NACHII D. XIII. JAN. 1765.
368 1918 1016 1998 Regenspurg, den 27. Febr.
171 2019 2241 2099 nen Herrn Pastor, D. Schäffer, angestellten Ver= borne Fremdlinge, ob sie gleich Wilde sind, auf eine
179 2143 1187 2205 pen, Papier machen lasse, haben den besten Erfolg
176 2190 2239 2252 gehabt. Die durch seine Veranstaltung bereits ver¬ Rittec York hat sie, mit allem Benöthigten versehen,
174 2293 1197 2358 stern, Säge= und Hobelspänen, Baum= und Corallen
174 2345 1189 2410 moos, Hopfenranken, Büchen= Weiden= und Espen
179 2392 1189 2449 holze rc. wozu theils gar keine Lumpen, theils nui
176 2441 1189 2503 ein geringer Zusatz von selbigen gekommen, übertref
179 2488 1200 2552 fen die Hofnung bey weiten, die man sich von seinen
176 2545 1200 2599 gemeinnutzigen Bemühungen gemacht hatte. Aus¬
179 2586 1200 2659 wärtige Kenner haben die gelieferten 15ley Proben
171 2635 948 2695 mit dem größten Beyfall aufgenommen.
231 2685 1200 2747 Nach sichern Nachrichten aus Stutgard haben Se.
176 2731 1197 2796 Herzogl. Durchl. daselbst declariret, aus Achtung für
184 2780 1187 2850 die von den Kronen England, Dännemark und
179 2835 1200 2902 Preussen geschehenen triftigen Vorstellungen, sich mit
176 2884 1200 2946 Dero Landschäft wieder in gutes Vernehmen zu se¬
171 2938 1195 2993 tzen, und die Beschwerden derselben abzuthun; wes¬
176 2988 2234 3078 fals Se. Durchl. bereits 500 Mann von Dero durch einen Thürhüter von der schwarzen Ruthe vor
179 3034 687 3107 Truppen reduciren lassen.
1337 321 1845 417 Godi di tua ventura
1402 381 2122 464 Finche hai gli amori intorno,
1394 443 1923 523 Fugge ne piu ritorno
1389 492 1949 583 La fresca età non fa.
1454 694 1990 775 Leipzig, den 3. Merz.
1272 739 2254 824 Die prächtige Schaumünze, welche (wie bereits in
1226 816 2254 873 unsern Blättern gemeldet worden,) Ein Hochedler
1226 863 2252 920 Magistrat zu Danzig unserm berühmten Herrn Pro¬
1226 915 2254 974 fessor Böhm, zum Beweis einer vorzüglichen Ach¬
1226 969 2257 1026 tung für seine Verdienste, und insonderheit für sein
176 1008 2260 1062 eine vorzügliche Achkung. Das von der Linken zur vortrefliches Werk von den Olivischen Friedenshand=
1231 1060 2247 1122 lungen, doppelt überschickt hat, hält beynahe 1 Mari
1223 1166 2257 1226 mit ihrer Rhede und mit ihrem Wapen vorgestellt,
1220 1215 2254 1270 dabey die Umschrift: Pacem, quam post centum an¬
176 1259 2252 1316 geworfen, und der Hauptschmuck ist nicht überhauft, nos colimus, celebrare nepotes. Auf dem Revers
1226 1311 2247 1371 stehet folgende Aufschrift: Augusto Tertio, Reg.
1218 1446 2254 1508 ingreditur Gedanum. Darunter erblicket man das
176 1495 2247 1560 digen Charakter einer Fürstin ausmachen, von der Kloster Oliva; in der Exergue: Oliva Pacifera III.
1430 1570 2039 1669 Amsterdam, den 1. März.
1275 1625 2244 1708 Ein Jude, welcher zween Americaner, Oncle und
1218 1677 2257 1757 Neffe, aus der Nachbarschaft von Pensilvanien ent¬
1231 1754 2249 1816 führet, und nach Holland gebracht, gerieth auf den
1231 1798 2254 1858 Einfall, selbige als eine Rarität sehen zu laßen. Hier
1223 1850 2252 1912 hatte er den Alten zur Schau gestellt, und im Haag
1215 1894 2252 1954 den jungen Vetter desselben. Aber zwo Personen
1218 1949 2247 2006 vom ersten Range in diesem Lande, welche nicht oh¬
228 1975 2239 2047 Die von unserm in der Naturkunde so sehr erfahr= ne Unwillen ansehen konnten, daß ein paar freyge
184 2091 2244 2153 suche, ob sich nicht aus anderm Zeuge, als aus Lum= so unanständige Art zum Spectakel herumgeschleppt
1215 2148 2244 2205 würden, haben selbige in Freyheit setzen laßen. Der
179 2247 2241 2304 fertigte Papierarten aus Pappelwolle, Wespenne= nach London geschickt, von dar sie nach ihrem Vater¬
1215 2298 2239 2358 lande sollen zurückgebracht werden. Vor ihrer Ab¬
1215 2345 2241 2410 reise nach England ließ man sie im Haag auf einen
1223 2392 2239 2449 Ball erscheinen, wo sie das bey ihrer Nation gewöhn¬
1220 2441 2241 2506 liche Kriegsgeschrey machten. Weil sie ein bischen
1220 2488 2236 2552 Englisch reden konnten, so fragte man sie, was sie
1215 2534 2239 2599 von unsern europäischen Damen hielten; sie bezeig¬
1218 2581 2239 2677 ten aber ganz naiv, die Frauenzimmer ihres Landes
1208 2643 1599 2726 wären weit artiger.
1467 2661 1998 2747 London, den 26. Febr.
1259 2726 2228 2804 Gestern brachte man dem Oberhause die Nachricht
1236 2783 2231 2848 daß Lord William Byron, Esquire, welcher des
1210 2840 2234 2902 „Todschlages von Herrn William Chavort beschuldi=
1233 2889 2223 2949 get worden, bereit sey, sich dem Ausspruche der
1210 2931 2231 2993 Richter zu übergeben." Hierauf wurde dieser Lord
2151 3034 2236 3115 das
