2479 3508
586 1613 674 1673 8tes
712 1616 859 1676 Stück.
926 1619 1125 1679 Montag,
1163 1620 1221 1680 den
1267 1622 1347 1682 28.
1378 1622 1562 1682 Januar,
1600 1621 1747 1681 1765.

380 1688 574 1748 Bremen
613 1693 669 1753 und
707 1695 902 1755 Leipzig.

137 1745 331 1805 Vieselbst
363 1745 400 1805 ist
425 1745 482 1805 das
514 1745 576 1805 1ste
601 1748 707 1808 Stück
727 1749 782 1809 des
808 1752 877 1812 7ten
909 1751 1046 1811 Bandes
1084 1751 1140 1811 von
1185 1748 1266 1808 len,
1292 1751 1341 1811 die
1361 1748 1504 1808 ehemals
1537 1746 1561 1806 in
1600 1747 1649 1807 der
1675 1742 1869 1802 Grafschaft
1895 1739 1981 1799 Essex
2014 1739 2194 1799 beobachtet

136 1787 284 1847 dem
340 1793 488 1853 beliebten
533 1790 549 1850 "
572 1796 737 1856 Magazin
771 1797 826 1857 zur
865 1799 1052 1859 Ausübung
1097 1799 1146 1859 der

122 1840 407 1900 "Wissenschaften
441 1840 502 1900 und
531 1840 693 1900 Tugend,
727 1846 972 1906 mehrentheils
1007 1849 1062 1909 aus
1091 1849 1140 1909 den

128 1888 344 1948 Englischen
366 1889 660 1949 Monatsschriften
688 1891 894 1951 gesammlet,
938 1894 1002 1954 auf
1025 1894 1062 1954 15
1084 1894 1132 1954 Bo

129 1936 179 1996 gen
210 1939 230 1999 in
266 1939 326 1999 Zvo
352 1936 694 1996 herausgekommen.
755 1939 811 1999 Da
837 1941 887 2001 die
904 1941 979 2001 gute
1005 1942 1152 2002 Einrich¬

123 1991 200 2051 tung
229 1989 323 2049 dieser
352 1990 637 2050 Monatsschrift,
666 1990 749 2050 wozu
778 1990 934 2050 englische
957 1990 1063 2050 Wolle
1086 1993 1147 2053 und

133 2042 273 2102 deutsche
300 2040 418 2100 Finger
446 2040 467 2100 in
500 2040 591 2100 guter
614 2040 797 2100 Mascopie
825 2040 1008 2100 zusammen
1041 2041 1133 2101 verar

132 2090 227 2150 beitet
249 2091 403 2151 werden,
430 2091 488 2151 aus
515 2091 631 2151 andern
664 2094 838 2154 Zeitungen
871 2094 1067 2154 hinlänglich
1099 2093 1152 2153 be¬

123 2141 224 2201 kannt
247 2141 309 2201 seyn
338 2142 434 2202 mag:
463 2139 490 2199 so
519 2142 609 2202 setzen
644 2145 706 2205 wir
729 2145 796 2205 bloß
831 2145 904 2205 eine
933 2146 995 2206 und
1018 2147 1068 2207 die
1086 2145 1148 2205 an=
1172 2143 1290 2203 liebten
1330 2142 1449 2202 Hälfte
1483 2139 1658 2199 geschieden
1704 2133 1738 2193 zu
1778 2133 1930 2193 werden,
1959 2132 1998 2192 am
2044 2132 2191 2192 allerwe¬

134 2191 185 2251 dre
215 2193 394 2253 Aufschrift
424 2190 481 2250 aus
516 2190 568 2250 dem
615 2193 754 2253 Inhalt
778 2196 876 2256 dieses
906 2196 1032 2256 Stücks
1074 2199 1148 2259 her.

135 2237 178 2297 Im
228 2238 309 2298 1sten
348 2239 407 2299 und
440 2239 510 2299 2ten
549 2240 679 2300 Aufsatz
707 2243 787 2303 wird
821 2246 880 2306 von
919 2246 1005 2306 einer
1033 2248 1147 2308 Stadt

132 2288 312 2348 Carlsburg
340 2288 377 2348 an
416 2288 465 2348 der
488 2285 602 2345 Weser
630 2294 832 2354 gehandelt,
855 2297 969 2357 welche
997 2297 1078 2357 Carl
1095 2297 1143 2357 der

122 2339 178 2399 9te
210 2339 267 2399 von
304 2336 486 2396 Schweden
523 2336 626 2396 bauen
658 2341 824 2401 wollte,
851 2346 913 2406 und
939 2348 1058 2408 bereits
1090 2348 1152 2408 mit

134 2387 346 2447 Privilegien
378 2384 521 2444 versehen
548 2387 654 2447 hatte.
686 2393 775 2453 Man
807 2396 987 2456 untersucht
1010 2396 1035 2456 im
1078 2398 1141 2458 3ten

125 2437 277 2497 Aufsatz:
300 2432 430 2492 Warum
475 2435 523 2495 der
551 2437 693 2497 Messias
721 2438 775 2498 aus
803 2444 851 2504 dem
895 2445 1004 2505 Hause
1027 2443 1141 2503 David

129 2488 358 2548 herstammen
399 2485 531 2545 mußte.

579 2487 651 2547 Uns
683 2490 817 2550 deucht,
844 2494 900 2554 daß
932 2494 999 2554 man
1030 2494 1144 2554 immer

125 2539 321 2599 unglücklich
349 2533 376 2593 in
410 2534 525 2594 solchen
561 2538 859 2598 Muthmaßungen
894 2545 955 2605 ist,
990 2545 1030 2605 da
1064 2546 1131 2606 man
1173 2543 1384 2603 Männern,
1412 2541 1458 2601 die
1493 2541 1547 2601 den
1582 2538 1649 2598 Eid
1683 2532 1908 2592 geschworen;
1936 2524 2003 2584 kein
2044 2527 2186 2587 einziges

132 2589 449 2649 willkührliche
484 2586 782 2646 Veranstaltungen
823 2592 962 2652 GOttes
1003 2596 1062 2656 auf
1096 2596 1155 2656 ge=
1182 2593 1254 2653 aber
1282 2592 1334 2652 von
1368 2590 1447 2650 einer
1475 2590 1554 2650 Frau
1581 2583 1860 2643 aufgeschrieben,
1887 2575 1946 2635 und
1967 2576 2019 2636 zum
2066 2578 2192 2638 Anden¬

134 2640 220 2700 wisse
255 2638 440 2698 moralische
475 2635 671 2695 Endzwecke
701 2638 833 2698 auflösen
874 2641 960 2701 will.
1007 2645 1151 2705 Wenig¬

136 2739 307 2799 geführten
343 2736 443 2796 Frage
473 2736 520 2796 als
550 2733 809 2793 wahrscheinlich
845 2739 910 2799 und
940 2742 1040 2802 gewiß
1076 2745 1152 2805 vor¬

138 2790 226 2850 gibt,
243 2789 309 2849 auch
337 2784 469 2844 alsdenn
497 2781 629 2841 erreicht
652 2781 768 2841 werden
801 2787 939 2847 können,
956 2790 1044 2850 wenn
1072 2793 1143 2853 auch

134 2838 293 2898 Christus
316 2838 398 2898 nicht
421 2835 475 2895 aus
504 2834 553 2894 dem
597 2831 724 2891 Stamm
763 2835 901 2895 Davids
923 2841 1056 2901 geboren
1084 2844 1149 2904 wä=
1183 2841 1238 2901 der
1271 2838 1415 2898 Wasser=
1443 2833 1503 2893 und
1542 2830 1752 2890 Feuerprobe
1786 2832 1873 2892 derer
1907 2829 2012 2889 Hexen
2051 2826 2199 2886 überein¬

128 2889 186 2949 re.
233 2891 304 2951 Aus
332 2891 383 2951 dem
423 2888 496 2948 5ten
523 2885 653 2945 Aufsatz
667 2885 778 2945 wollen
812 2887 877 2947 wir
904 2891 962 2951 zur
983 2894 1146 2954 Prüfung

1174 1694 1226 1754 der
1250 1697 1360 1757 Treue
1385 1700 1460 1760 aller
1484 1699 1700 1759 Ehemänner
1736 1694 1800 1754 eine
1825 1694 2058 1754 Gewohnheit
2088 1691 2198 1751 erzäh¬

1172 1799 1302 1859 worden
1333 1799 1390 1859 ist.
1438 1797 1484 1857 Es
1521 1796 1588 1856 war
1620 1796 1754 1856 daselbst
1781 1793 1806 1853 in
1844 1790 1926 1850 einem
1974 1787 2098 1847 Kloster
2125 1787 2192 1847 eine

1185 1846 1350 1906 gottselige
1377 1846 1536 1906 Stiftung
1563 1843 1620 1903 von
1647 1843 1732 1903 einem
1775 1840 2110 1900 Schweinschinken,
2137 1836 2194 1896 und

1177 1894 1267 1954 einer
1292 1894 1504 1954 Speckseite,
1530 1894 1585 1954 auf
1610 1891 1721 1951 Kosten
1757 1888 1847 1948 derer
1878 1888 2014 1948 keuschen
2050 1888 2195 1948 Ordens¬

1180 1942 1264 2002 leute
1291 1942 1449 2002 öffentlich
1482 1942 1539 2002 für
1566 1940 1624 2000 alle
1656 1939 1814 1999 diejenige
1836 1936 1989 1996 Männer
2021 1933 2079 1993 und
2106 1933 2195 1993 Wei¬

1175 1990 1228 2050 ber
1250 1990 1440 2050 festgesetzt,
1467 1989 1514 2049 die
1536 1988 1567 2048 es
1589 1987 1652 2047 mit
1679 1987 1763 2047 einem
1806 1981 1885 2041 Eide
1912 1981 2060 2041 erhärten
2098 1984 2192 2044 konn¬

1167 2038 1246 2098 ten,
1273 2040 1331 2100 daß
1364 2038 1406 2098 sie
1434 2037 1459 2097 in
1503 2037 1588 2097 ihrem
1641 2033 1827 2093 Ehestande
1855 2031 1960 2091 weder
1994 2031 2083 2091 Zank
2116 2032 2184 2092 noch

1181 2088 1302 2148 Streit
1325 2088 1468 2148 gehabt,
1497 2088 1568 2148 auch
1597 2087 1651 2147 nie
1674 2082 1879 2142 gewünscht,
1912 2080 1972 2140 von
2001 2079 2089 2139 ihrer
2123 2079 2189 2139 Ge¬

1175 2194 1297 2254 nigsten
1329 2193 1402 2253 aber
1424 2193 1450 2253 in
1477 2190 1514 2250 12
1546 2189 1710 2249 Monaten
1742 2185 1800 2245 und
1827 2184 1911 2244 einem
1954 2184 2043 2244 Tage
2070 2184 2123 2244 auf
2145 2180 2192 2240 ir¬

1180 2245 1258 2305 gend
1291 2243 1359 2303 eine
1386 2240 1496 2300 Weise
1528 2242 1553 2302 in
1586 2240 1760 2300 Gedanken
1797 2234 1860 2294 eine
1892 2231 1986 2291 Reue
2013 2234 2092 2294 über
2119 2231 2186 2291 ihre

1181 2294 1326 2354 Heyrath
1353 2294 1574 2354 empfunden,
1602 2292 1666 2352 und
1688 2289 1752 2349 also
1774 2288 1849 2348 auch
1872 2281 1979 2341 weder
2001 2279 2049 2339 bey
2077 2282 2184 2342 Tische

1180 2345 1248 2405 noch
1281 2344 1301 2404 im
1344 2342 1443 2402 Bette
1465 2344 1512 2404 die
1534 2342 1665 2402 eheliche
1692 2336 1881 2396 Keuschheit
1903 2330 2045 2390 verletzet
2066 2330 2192 2390 hätten.

1180 2396 1259 2456 Wer
1286 2391 1381 2451 diesen
1408 2393 1465 2453 Eid
1492 2390 1576 2450 ohne
1598 2390 1714 2450 Furcht
1735 2387 1888 2447 schwören
1920 2380 2052 2440 konnte,
2079 2378 2168 2438 bekam

1180 2443 1227 2503 die
1249 2442 1435 2502 Speckseite
1462 2440 1530 2500 oder
1552 2440 1605 2500 den
1627 2437 1812 2497 Schinken.
1861 2428 1913 2488 In
1940 2428 1993 2488 den
2015 2426 2184 2486 Registern

1183 2494 1236 2554 des
1258 2491 1404 2551 Klosters
1431 2489 1490 2549 sind
1518 2491 1576 2551 nur
1604 2488 1614 2548 3
1642 2486 1814 2546 Beyspiele
1836 2480 1890 2540 von
1928 2476 2041 2536 solchen
2074 2476 2176 2536 treuen

1170 2641 1223 2701 ken
1251 2641 1299 2701 bis
1332 2639 1391 2699 auf
1425 2638 1516 2698 unsre
1533 2638 1608 2698 Zeit
1631 2629 1836 2689 aufbehalten
1875 2627 2026 2687 worden.
2076 2629 2183 2689 Billig

140 2689 223 2749 stens
250 2688 353 2748 hätten
387 2685 431 2745 die
452 2682 640 2742 Absichten,
666 2684 711 2744 die
738 2685 789 2745 der
816 2688 913 2748 Verf.
927 2691 978 2751 bey
1011 2693 1063 2753 der
1089 2694 1147 2754 an=
1181 2691 1298 2751 könnte
1324 2688 1389 2748 man
1422 2688 1525 2748 hiebey
1552 2682 1701 2742 seufzen:
1728 2678 1785 2738 Ach
1812 2676 1870 2736 wie
1897 2677 2000 2737 wenig
2027 2679 2195 2739 Specksei¬

1170 2742 1220 2802 ten
1251 2739 1361 2799 würde
1392 2736 1463 2796 man
1499 2733 1589 2793 wohl
1610 2730 1681 2790 jetzt
1707 2727 1924 2787 austheilen,
1950 2730 2040 2790 wenn
2076 2730 2182 2790 irgend

1172 2790 1217 2850 ein
1248 2788 1405 2848 frommes
1426 2784 1553 2844 Kloster
1579 2780 1675 2840 diesen
1712 2780 1793 2840 alten
1824 2778 2022 2838 Gebrauch,
2053 2778 2103 2838 der
2134 2778 2195 2838 mit

1173 2891 1321 2951 kommt,
1358 2888 1428 2948 noch
1459 2885 1648 2945 beobachten
1691 2885 1821 2945 wollte,
1857 2882 1969 2942 zumal
2000 2877 2088 2937 wenn
2131 2876 2189 2936 alle

2065 2927 2195 2987 keusche
