2479 3508
259 359 400 419 Brand.
446 354 496 414 Es
525 357 609 417 ward
639 355 712 415 aber
735 357 871 417 selbiger
894 357 956 417 mit
974 357 1138 417 göttlicher
1167 354 1274 414 Hülfe

254 411 317 471 gar
344 407 413 467 bald
440 407 751 467 heruntergerissen,
774 404 836 464 und
874 404 921 464 die
949 407 1080 467 Kirche,
1107 404 1154 464 die
1182 404 1265 464 schon

253 455 445 515 jedermann
475 453 500 513 im
545 454 652 514 Rauch
683 452 840 512 aufgehen
880 454 968 514 sahe,
998 455 1092 515 ward
1127 454 1260 514 wunder

257 506 375 566 barlich
402 503 552 563 gerettet.
599 501 671 561 Die
697 502 940 562 Feuersbrunst
961 503 1091 563 dauerte
1107 501 1153 561 bis
1179 503 1277 563 Mor¬

258 556 337 616 gens
364 554 400 614 um
443 552 453 612 8
485 551 569 611 Uhr.
617 548 701 608 Wir
728 551 844 611 können
882 553 934 613 der
961 554 1124 614 göttlichen
1156 551 1277 611 Vorse¬

263 604 350 664 hung
376 601 464 661 nicht
480 601 583 661 genug
620 601 759 661 danken,
786 601 899 661 welche
926 601 971 661 die
993 601 1127 661 Gefahr
1154 598 1200 658 die
1221 598 1277 658 un¬

262 657 322 717 srer
351 652 461 712 Stadt
484 650 667 710 anfänglich
696 649 751 709 das
779 651 945 711 Schicksal
974 649 1029 709 von
1063 652 1268 712 Königsberg

267 706 295 766 zu
324 704 436 764 drohen
466 700 584 760 schien,
608 700 635 760 so
659 701 801 761 glücklich
830 699 1056 759 abgewendet.

462 772 792 832 Boitzenburg,
822 772 872 832 den
907 772 969 832 15.
992 772 1083 832 Dec.

313 823 408 883 Noch
435 822 493 882 vor
514 822 567 882 dem
610 822 700 882 Ende
727 822 779 882 des
796 822 1007 882 Novembers
1029 822 1087 882 hat
1109 822 1156 882 die
1172 819 1278 879 Stadt

267 876 404 936 Gartun
436 872 462 932 im
510 870 868 930 Mecklenburgischen,
906 872 974 932 eine
1006 870 1122 930 heftige
1144 867 1280 927 Feuers¬

266 927 382 987 brunst
409 921 584 981 betroffen.
632 918 695 978 Ein
722 920 801 980 altes
828 919 1082 979 unvorsichtiges
1109 921 1199 981 Weib
1226 918 1283 978 hat

269 976 324 1036 bey
358 975 412 1035 dem
463 969 667 1029 Aushecheln
701 970 756 1030 des
790 971 934 1031 Flachses
968 972 1055 1032 einen
1095 972 1188 1032 Topf
1222 969 1283 1029 mit

271 1024 443 1084 glühenden
477 1019 600 1079 Kohlen
634 1019 723 1079 unter
746 1019 795 1079 sich
824 1021 957 1081 gehabt.
991 1021 1047 1081 Als
1076 1019 1108 1079 sie
1131 1021 1192 1081 nun
1221 1016 1270 1076 von

272 1075 326 1135 der
352 1071 468 1131 Arbeit
488 1070 715 1130 aufgestanden
746 1068 801 1128 ist,
826 1070 887 1130 und
918 1069 967 1129 sich
1004 1072 1190 1132 entfernet,
1220 1070 1270 1130 den

271 1121 361 1181 Topf
384 1121 457 1181 aber
486 1119 588 1179 stehen
623 1118 753 1178 gelassen
794 1118 867 1178 hat:
896 1118 923 1178 so
958 1118 1071 1178 müssen
1112 1121 1196 1181 durch
1231 1116 1275 1176 die

270 1172 469 1232 Bewegung
497 1169 546 1229 der
573 1167 648 1227 Luft
665 1166 789 1226 Funken
822 1166 843 1226 in
871 1166 924 1226 das
941 1169 1157 1229 nahgelegene
1174 1169 1287 1229 Werk,

270 1222 344 1282 oder
380 1219 430 1279 die
466 1219 666 1279 sogenannte
702 1218 812 1278 Heede
843 1216 998 1276 gebracht
1028 1219 1154 1279 worden
1194 1220 1284 1280 seyn.

273 1270 393 1330 Dieses
422 1267 526 1327 Feuer
549 1267 610 1327 hat
632 1267 753 1327 sogleich
787 1267 831 1327 die
854 1267 975 1327 Stube
1003 1269 1064 1329 und
1097 1270 1152 1330 das
1180 1270 1279 1330 ganze

269 1322 368 1382 Haus
397 1321 424 1381 in
458 1316 630 1376 Flammen
664 1318 791 1378 gesetzt,
820 1318 930 1378 welche
959 1318 998 1378 um
1043 1321 1092 1381 sich
1126 1321 1270 1381 gegriffen

272 1373 334 1433 und
360 1372 416 1432 den
442 1369 561 1429 grösten
593 1369 700 1429 Theil
719 1370 769 1430 der
795 1371 907 1431 Stadt
933 1372 959 1432 in
991 1372 1034 1432 die
1060 1375 1154 1435 Asche
1173 1378 1279 1438 gelegt

277 1425 401 1485 haben.

517 1500 776 1560 Augspurg,
803 1502 852 1562 den
886 1501 923 1561 4.
949 1501 1043 1561 Dec.

320 1545 399 1605 Wie
425 1548 496 1608 man
531 1545 591 1605 von
622 1545 732 1605 Basel
758 1545 813 1605 von
849 1547 944 1607 guter
966 1548 1060 1608 Hand
1091 1546 1287 1606 vernimmt,

266 1596 307 1656 ist
333 1596 384 1656 der
416 1594 441 1654 in
478 1593 561 1653 ganz
592 1590 726 1650 Europa
758 1593 918 1653 bekannte
945 1593 1032 1653 Herr
1064 1593 1157 1653 Paul
1183 1594 1286 1654 Beck,

275 1643 417 1703 Königl.
439 1637 571 1697 Preuß.
587 1637 919 1697 Commercienrath,
936 1637 993 1697 vor
1015 1640 1136 1700 einigen
1163 1640 1273 1700 Tagen

271 1691 354 1751 allda
379 1688 576 1748 angelangt,
601 1685 665 1745 und
690 1685 748 1745 hat
768 1687 808 1747 ein
838 1688 1197 1748 Recommendations=
1217 1688 1280 1748 und

276 1735 658 1795 Protectionsschreiben
697 1733 750 1793 von
788 1736 863 1796 Sr.
891 1736 1031 1796 Königl.
1058 1738 1219 1798 Majestät
1247 1736 1273 1796 in

277 1789 434 1849 Preussen
463 1787 513 1847 dem
554 1784 638 1844 Rath
672 1784 723 1844 der
746 1786 858 1846 Stadt
882 1787 983 1847 Basel
1006 1790 1220 1850 eigenhandig
1243 1787 1288 1847 zu=

278 1839 419 1899 gestellt.

490 1906 783 1966 Niederelbe,
816 1909 866 1969 den
912 1912 981 1972 14.
1001 1910 1096 1970 Dec.

333 1960 407 2020 Sr.
431 1960 570 2020 Königl.
588 1960 716 2020 Hoheit
740 1960 791 2020 der
810 1960 913 2020 Prinz
937 1963 1082 2023 Heinrich
1112 1957 1164 2017 von
1188 1960 1291 2020 Preu¬

273 2012 329 2072 ßen
364 2011 460 2071 haben
489 2008 540 2068 sich
569 2009 670 2069 einige
700 2011 790 2071 Tage
813 2011 881 2071 hier
904 2011 932 2071 in
950 2013 1120 2073 Hamburg
1143 2013 1291 2073 incogni¬

279 2061 306 2121 to
330 2059 540 2119 aufzuhalten
569 2061 728 2121 geruhet,
757 2063 819 2123 und
854 2062 915 2122 sind
950 2064 1047 2124 diesen
1076 2061 1286 2121 Nachmittag

274 2111 394 2171 wieder
418 2109 614 2169 abgereiset.

534 2181 744 2241 Brüssel,
769 2183 823 2243 den
860 2183 926 2243 13.
951 2184 1041 2244 Dec.

334 2230 421 2290 Man
450 2230 527 2290 sieht
550 2230 666 2290 Briefe
689 2229 744 2289 von
778 2229 905 2289 Paris,
928 2234 1044 2294 welche
1067 2231 1205 2291 melden,
1233 2231 1283 2291 daß

276 2282 325 2342 der
354 2283 509 2343 bekannte
532 2279 598 2339 Hr.
615 2282 743 2342 Wilkes
766 2282 815 2342 sich
844 2282 927 2342 zwar
967 2285 1033 2345 noch
1067 2282 1200 2342 daselbst
1223 2282 1283 2342 auf

279 2335 365 2395 halte
394 2333 469 2393 aber
487 2330 666 2390 gewilliget
690 2333 764 2393 sey,
794 2336 909 2396 ehester
933 2335 1020 2395 Tage
1055 2334 1124 2394 nach
1147 2333 1285 2393 Geneve

279 2384 487 2444 abzureisen.

536 2455 744 2515 London,
779 2457 837 2517 den
872 2458 912 2518 7.
942 2458 1034 2518 Dec.

327 2503 399 2563 Der
438 2504 532 2564 Poet
561 2506 711 2566 Curchill
734 2506 772 2566 ist
800 2506 883 2566 zwar
917 2507 944 2567 zu
973 2509 1089 2569 Dover
1112 2509 1289 2569 begraben.

281 2552 328 2612 Er
366 2555 423 2615 hat
461 2556 534 2616 aber
577 2557 671 2617 unter
704 2557 756 2617 den
799 2557 935 2617 Großen
973 2562 1120 2622 Freunde
1158 2560 1289 2620 genug,

278 2603 326 2663 die
359 2605 407 2665 ihm
457 2605 483 2665 in
516 2605 570 2665 der
598 2608 836 2668 Westmünster
870 2608 966 2668 Abtey
1000 2609 1042 2669 ein
1081 2608 1292 2668 Monument

281 2652 394 2712 wollen
425 2654 513 2714 setzen
545 2652 658 2712 laßen.
720 2658 885 2718 Curchills
917 2658 1020 2718 edirte
1052 2658 1113 2718 und
1145 2658 1294 2718 unedirte

278 2703 455 2763 Schriften
483 2700 604 2760 werden
632 2703 693 2763 auf
710 2703 798 2763 3000
832 2706 942 2766 Pfund
970 2709 1136 2769 geschätzt;
1164 2709 1230 2769 wer
1253 2708 1285 2768 sie

272 2753 352 2813 aber
373 2751 484 2811 weiter
510 2751 631 2811 drucken
662 2752 723 2812 und
754 2757 971 2817 herausgeben
1008 2760 1134 2820 werde,
1160 2757 1195 2817 ist
1216 2757 1286 2817 noch

277 2802 366 2862 nicht
388 2802 530 2862 bekannt
551 2801 698 2861 worden.
762 2808 951 2868 Cumphrey
983 2811 1099 2871 Coates
1136 2809 1172 2869 ist
1199 2808 1283 2868 einer

276 2851 338 2911 von
373 2851 474 2911 seinen
509 2852 713 2912 Freunden,
742 2855 798 2915 der
827 2859 1036 2919 vermuthlich
1077 2861 1173 2921 dieses
1213 2860 1292 2920 Amt

284 2903 359 2963 über
385 2903 435 2963 sich
461 2904 592 2964 nehmen
618 2903 718 2963 wird.

1571 358 1803 418 Lissabon,
1827 363 1879 423 den
1914 365 1955 425 6.
1979 365 2082 425 Nov.

1369 401 1415 461 In
1446 406 1658 466 verwichener
1684 404 1809 464 Woche
1835 411 2037 471 verbrannte
2069 413 2135 473 man
2172 413 2234 473 auf
2260 413 2311 473 dem

1313 452 1432 512 großen
1466 455 1689 515 Marktplatze
1706 454 1766 514 auf
1783 454 1913 514 Befehl
1936 459 1989 519 der
2012 464 2126 524 Junta
2159 461 2213 521 des
2241 461 2338 521 Com¬

1317 503 1430 563 mercii
1464 503 1528 563 eine
1566 503 1772 563 ansehnliche
1799 506 1950 566 Parthey
1989 513 2221 573 Kammertuch
2260 515 2324 575 und

1316 554 1443 614 falscher
1473 554 1699 614 französischer
1729 552 1874 612 Perlen.

1602 601 1737 661 Rom,
1764 603 1815 663 den
1853 604 1915 664 24.
1942 604 2046 664 Nov.

1364 646 1450 706 Hier
1468 650 1560 710 gehen
1595 652 1710 712 täglich
1734 652 1885 712 Jesuiten
1920 653 2012 713 durch
2048 655 2122 715 nach
2146 659 2330 719 Neapolis,

1315 697 1432 757 welche
1458 700 1511 760 aus
1541 702 1728 762 Frankreich
1758 700 1929 760 vertrieben
1959 703 2048 763 sind,
2078 704 2136 764 und
2171 706 2229 766 von
2259 711 2332 771 Sr.

1322 748 1531 808 Catholischen
1560 751 1730 811 Majestät
1748 751 1798 811 die
1821 754 2003 814 Erlaubniß
2037 754 2179 814 erhalten
2214 757 2332 817 haben,

1322 798 1344 858 in
1378 798 1434 858 den
1469 798 1627 858 Collegiis
1656 801 1746 861 ihrer
1775 801 1938 861 Societät
1967 804 1989 864 in
2030 804 2148 864 beyden
2177 810 2318 870 Sicilien

1318 849 1573 909 aufgenommen
1599 847 1628 907 zu
1655 849 1802 909 werden.

1526 897 1809 957 Stockholm,
1843 901 1898 961 vom
1949 905 2009 965 11.
2037 906 2131 966 Dec.

1383 945 1420 1005 Jn
1453 945 1501 1005 der
1524 945 1636 1005 Nacht
1664 945 1717 1005 vom
1766 948 1874 1008 23sten
1912 951 1971 1011 auf
1998 954 2052 1014 den
2090 957 2197 1017 24sten
2230 957 2332 1017 Nov.

1326 995 1363 1055 ist
1385 995 1438 1055 das
1466 995 1784 1055 Manufacturwerk
1806 995 1859 1055 bey
1882 998 1957 1058 Carl
1973 1004 2226 1064 Gustavsstadt,
2243 1007 2329 1067 nebst

1321 1044 1368 1104 dem
1438 1043 1774 1103 Manufacturhause
1817 1046 1875 1106 und
1913 1049 2019 1109 zwoen
2068 1053 2339 1113 Kleinschmidts=

1321 1094 1548 1154 werkstätten,
1577 1094 1627 1154 die
1645 1095 1672 1155 in
1701 1097 1798 1157 diesem
1838 1098 1946 1158 Hause
1975 1103 2185 1163 eingerichtet
2208 1106 2338 1166 waren,

1320 1145 1548 1205 abgebrannt.

1512 1193 1819 1253 Petersburg,
1843 1196 1895 1256 den
1930 1197 1994 1257 27.
2023 1198 2121 1258 Nov.

1369 1237 1438 1297 Die
1461 1245 1650 1305 Prinzeßin
1677 1243 1839 1303 Friderica
1872 1243 2061 1303 Antoinetta
2100 1249 2235 1309 Amalia
2268 1249 2321 1309 von

1318 1294 1572 1354 Hollsteinbeck,
1595 1294 1919 1354 Schwiegertochter
1947 1295 2000 1355 des
2034 1297 2331 1357 Generalgouver¬

1319 1345 1423 1405 neurs
1451 1346 1512 1406 von
1546 1348 1706 1408 Estland,
1734 1347 1883 1407 Herzogs
1917 1347 1972 1407 von
2011 1348 2266 1408 Hollsteinbeck,
2294 1348 2338 1408 ist

1323 1401 1429 1461 jüngst
1455 1402 1523 1462 nach
1549 1402 1674 1462 Reval,
1700 1402 1749 1462 wo
1769 1399 1806 1459 sie
1832 1399 1900 1459 ihre
1919 1402 2082 1462 Residenz
2114 1402 2189 1462 hat,
2221 1404 2327 1464 zurück

1322 1451 1480 1511 gereiset.

1544 1494 1798 1554 Warschau,
1826 1494 1878 1554 den
1916 1494 1979 1554 20.
2006 1494 2096 1554 Dec.

1366 1539 1476 1599 Heute
1504 1541 1559 1601 soll
1576 1542 1625 1602 der
1654 1542 1824 1602 Reichstag
1853 1540 1907 1600 sein
1930 1540 2018 1600 Ende
2040 1542 2167 1602 haben,
2184 1545 2233 1605 der
2256 1546 2327 1606 noch

1321 1589 1436 1649 immer
1467 1587 1557 1647 Vor=
1578 1590 1638 1650 und
1664 1587 1911 1647 Nachmittag,
1937 1587 1997 1647 und
2033 1587 2083 1647 bis
2114 1589 2148 1649 um
2194 1592 2229 1652 10
2265 1594 2325 1654 und

1323 1634 1360 1694 11
1392 1636 1455 1696 Uhr
1482 1634 1529 1694 des
1556 1635 1682 1695 Nachts
1709 1634 1851 1694 gehalten
1878 1634 1978 1694 wird.
2027 1634 2074 1694 Am
2117 1637 2327 1697 Sonnabend

1324 1685 1378 1745 hat
1395 1685 1466 1745 man
1494 1682 1700 1742 geschlossen,
1739 1684 1794 1744 daß
1832 1684 1881 1744 der
1915 1685 2028 1745 großen
2056 1688 2247 1748 Verdienste
2281 1691 2345 1751 we¬

1322 1734 1406 1794 gen,
1441 1733 1560 1793 welche
1589 1733 1646 1793 das
1686 1733 1878 1793 Hochfürstl
1914 1736 2197 1796 Czartoryskische
2232 1739 2333 1799 Haus

1327 1786 1359 1846 um
1403 1781 1456 1841 das
1484 1781 1576 1841 Reich
1609 1781 1722 1841 hatte,
1766 1783 1820 1843 den
1858 1784 1972 1844 beyden
2010 1787 2134 1847 ältesten
2173 1791 2329 1851 Brüdern

1325 1831 1378 1891 dem
1426 1830 1520 1890 Fürst
1547 1828 1711 1888 Woywod
1743 1828 1801 1888 von
1833 1832 2024 1892 Rußland,
2056 1836 2113 1896 und
2151 1836 2203 1896 dem
2241 1837 2335 1897 Fürst

1328 1880 1559 1940 Großkanzler
1582 1879 1638 1939 von
1666 1882 1841 1942 Lithauen,
1864 1885 1948 1945 jedem
1988 1885 2055 1945 eine
2079 1886 2247 1946 besondere
2270 1890 2338 1950 Eh¬

1324 1936 1470 1996 rensäule
1498 1934 1556 1994 auf
1590 1933 1709 1993 Kosten
1747 1936 1801 1996 der
1828 1936 1996 1996 Republik
2029 1939 2175 1999 errichtet
2208 1939 2326 1999 werden

1328 1987 1419 2047 solle.
1463 1986 1511 2046 Am
1554 1984 1738 2044 Dienstage
1760 1984 1835 2044 legte
1857 1987 1927 2047 man
1954 1986 2008 2046 den
2036 1987 2229 2047 königlichen
2257 1987 2337 2047 Her¬

1323 2037 1372 2097 ren
1402 2034 1594 2094 Brüdern,
1620 2033 1668 2093 als
1693 2031 1742 2091 dem
1783 2034 2241 2094 Krongroßkammerherrn,
2266 2037 2320 2097 dem

1327 2082 1605 2142 Oesterreichschen
1636 2079 1900 2139 Generalmajor
1936 2081 1997 2141 und
2028 2082 2078 2142 dem
2124 2082 2337 2142 Cracauschen

1330 2131 1492 2191 Prälaten
1520 2130 1568 2190 die
1590 2127 1714 2187 Würde
1736 2127 1795 2187 und
1817 2130 1909 2190 Titel
1925 2130 2012 2190 eines
2034 2133 2157 2193 Fürsten
2191 2132 2260 2192 bey,
2272 2136 2331 2196 und

1327 2181 1414 2241 sollen
1447 2178 1561 2238 selbige
1589 2176 1648 2236 auf
1676 2178 1735 2238 alle
1763 2178 1866 2238 Zeiten
1905 2181 2035 2241 überall
2058 2181 2122 2241 und
2156 2181 2210 2241 von
2243 2187 2346 2247 jeder¬

1330 2229 1419 2289 mann
1467 2229 1614 2289 gehalten
1657 2226 1715 2286 und
1758 2231 1910 2291 verehret
1942 2231 2095 2291 werden,
2117 2232 2227 2292 wofür
2259 2238 2338 2298 Sr.

1329 2279 1470 2339 Königl.
1501 2279 1606 2339 Maj.
1637 2276 1729 2336 selbst
1760 2279 1815 2339 den
1865 2285 2111 2345 versammleten
2167 2288 2327 2348 Ständen

1328 2330 1426 2390 Dank
1451 2327 1660 2387 abstatteten.

1335 2464 1665 2524 Wechsel-Cours
1695 2461 1709 2521 &
1769 2465 1922 2525 Species
1953 2470 1988 2530 d.
2004 2473 2047 2533 3.
2077 2473 2187 2533 Jan.
2210 2473 2333 2533 1765.

1330 2518 1519 2578 Amsterdam
1559 2518 1597 2578 41
1620 2516 1708 2576 Tage
1726 2519 1787 2579 309
1809 2523 1859 2583 gr.

1910 2516 1954 2576 71
1974 2525 2064 2585 Tage
2078 2526 2167 2586 3073
2187 2527 2244 2587 gr.

1330 2566 1507 2626 Hamburg
1538 2569 1550 2629 3
1575 2572 1630 2632 W.
1648 2572 1709 2632 134
1735 2572 1789 2632 gr.

1874 2566 1892 2626 6
1926 2569 1977 2629 W.
1996 2576 2157 2636 1331gr.

1332 2617 1443 2677 Berlin

1835 2618 1981 2678 Dantzig
2021 2620 2060 2680 27
2094 2620 2144 2680 pr.
2162 2617 2240 2677 Cto.

1330 2667 1471 2727 Ducaten
1494 2664 1570 2724 neue
1592 2669 1602 2729 9
1630 2667 1663 2727 fl.
1674 2669 1685 2729 3
1707 2670 1761 2730 gr.

1891 2667 2021 2727 Alberts
2040 2664 2134 2724 Taler
2158 2667 2241 2727 130½
2272 2672 2324 2732 gr.

1326 2718 1439 2778 Rubel
1459 2721 1554 2781 112½
1580 2724 1630 2784 gr.

1818 2715 1869 2775 Alt
1887 2718 2025 2778 Polnisch
2055 2718 2123 2778 Geld
2153 2718 2187 2778 13
2211 2721 2257 2781 pr.
2275 2718 2349 2778 Cto.

1333 2829 1426 2889 Diese
1444 2826 1587 2886 Gelehrte
1604 2826 1659 2886 und
1682 2826 1847 2886 Politische
1865 2829 1991 2889 Zeitung
2020 2826 2086 2886 wird
2114 2824 2163 2884 des
2186 2826 2340 2886 Montag=

1444 2870 1498 2930 und
1528 2870 1676 2930 Freytags
1701 2870 1898 2930 Vormittags
1918 2870 1952 2930 um
1992 2868 2016 2928 10
2046 2869 2105 2929 Uhr
2125 2867 2149 2927 in
2175 2869 2223 2929 dem

1515 2918 1712 2978 Kanterschen
1741 2918 1915 2978 Buchladen
1951 2915 2158 2975 ausgegeben.
