2479 3508
654 1634 740 1694 5tes
785 1634 929 1694 Stück.
1003 1634 1198 1694 Freytag,
1228 1631 1285 1691 den
1337 1633 1415 1693 18.
1445 1632 1626 1692 Januar,
1663 1631 1808 1691 1765.

610 1719 667 1779 Ob
712 1724 793 1784 man

444 1799 527 1859 aus
584 1796 654 1856 der
704 1800 950 1860 Vernunft

679 1858 726 1918 die

341 1925 727 1985 Verbesserung
777 1930 860 1990 der
897 1933 1058 1993 Zeiten

533 2005 727 2065 vermuthen
762 2008 882 2068 köͤnne.

200 2159 298 2219 Sch
323 2157 372 2217 bin
404 2158 490 2218 nicht
509 2159 687 2219 allerdings
725 2160 786 2220 mit
811 2163 1002 2223 denjenigen
1033 2163 1218 2223 zufrieden,

193 2212 342 2272 die
370 2208 419 2268 die
448 2208 576 2268 Klagen
610 2208 687 2268 über
721 2211 792 2271 böse
820 2214 926 2274 Zeiten
960 2214 1120 2274 lächerlich
1149 2213 1220 2273 ma¬

193 2258 288 2318 chen,
319 2257 379 2317 und
405 2255 440 2315 sie
466 2258 521 2318 aus
547 2255 597 2315 der
628 2259 801 2319 schwarzen
832 2261 932 2321 Galle
963 2264 1039 2324 oder
1070 2264 1125 2324 aus
1161 2261 1211 2321 der

201 2308 370 2368 Thorheit
388 2303 473 2363 einer
507 2306 648 2366 gewissen
683 2309 858 2369 neidischen
893 2310 1073 2370 Eifersucht
1102 2312 1203 2372 herlei

198 2357 271 2417 ten.
325 2354 420 2414 Mich
457 2354 590 2414 deucht,
627 2356 659 2416 es
696 2358 733 2418 ist
760 2360 834 2420 Hr.
861 2363 1067 2423 Cramer,
1100 2363 1152 2423 der
1184 2360 1210 2420 in

204 2405 289 2465 einem
333 2402 457 2462 Stücke
491 2402 539 2462 der
561 2408 767 2468 Bremischen
800 2411 973 2471 Beyträge
1001 2414 1082 2474 diese
1104 2411 1217 2471 Sache

201 2453 259 2513 von
287 2452 373 2512 einer
401 2452 508 2512 solchen
541 2453 638 2513 Seite
660 2458 821 2518 ansiehet.
871 2461 940 2521 Und
962 2461 994 2521 es
1022 2461 1054 2521 ist
1081 2461 1205 2521 freylich

201 2503 324 2563 wahr,
347 2503 405 2563 daß
438 2500 524 2560 wenn
563 2504 703 2564 Orgon
736 2509 849 2569 klagt,
883 2511 942 2571 daß
980 2511 1012 2571 er
1040 2509 1098 2569 sein
1126 2510 1206 2570 Gelt

202 2554 312 2614 wegen
340 2554 517 2614 schlimmer
540 2554 644 2614 Zeiten
672 2557 761 2617 nicht
778 2557 872 2617 mehr
894 2560 927 2620 um
966 2563 1037 2623 zehn
1071 2560 1215 2620 Procent

200 2605 433 2665 unterbringen
475 2602 589 2662 kann,
631 2603 709 2663 oder
740 2608 834 2668 wenn
876 2610 943 2670 eine
975 2611 1208 2671 Richardin

201 2652 229 2712 in
258 2655 343 2715 ihrem
389 2653 689 2713 großmütterlichen
718 2655 825 2715 langen
860 2656 939 2716 Pelz
968 2658 1046 2718 über
1070 2658 1137 2718 böse
1155 2658 1216 2718 Zei¬

199 2701 247 2761 ten
280 2705 387 2765 klagt,
415 2703 490 2763 weil
507 2703 555 2763 die
577 2703 652 2763 neue
679 2703 803 2763 Moden
831 2706 916 2766 Geld
944 2709 1073 2769 kosten:
1101 2706 1127 2766 so
1149 2707 1208 2767 sind

198 2753 282 2813 diese
306 2754 430 2814 Klagen
465 2753 538 2813 eher
567 2754 708 2814 strafbar
737 2754 788 2814 als
817 2757 998 2817 lächerlich.
1049 2757 1139 2817 Aber
1168 2759 1213 2819 die

204 2804 452 2864 Zufriedenheit
474 2802 533 2862 mit
556 2802 647 2862 denen
669 2803 771 2863 Zeiten
804 2805 923 2865 kommt
945 2808 1015 2868 auch
1043 2808 1123 2868 nicht
1145 2809 1199 2869 alle

199 2847 272 2907 mal
290 2853 346 2913 aus
374 2855 425 2915 den
460 2855 555 2915 besten
584 2855 720 2915 Quellen
743 2852 816 2912 her.
878 2853 940 2913 Ein
975 2858 1211 2918 leichtsinnigen

201 2904 404 2964 Jüngling,
427 2906 457 2966 so
480 2906 571 2966 lange
602 2906 631 2966 er
662 2906 721 2966 auf
737 2903 850 2963 Kosten
889 2907 994 2967 seines
1017 2909 1137 2969 Vaters
1176 2909 1220 2969 le=

1249 1719 1301 1779 ben
1331 1721 1441 1781 kann,
1465 1721 1587 1781 glaubt
1605 1718 1763 1778 freylich,
1787 1718 1844 1778 daß
1875 1715 1950 1775 diese
1974 1713 2079 1773 Zeiten
2115 1709 2184 1769 sehr
2214 1707 2271 1767 gut

1254 1769 1334 1829 sind.
1383 1769 1431 1829 Er
1460 1769 1556 1829 bildet
1578 1769 1626 1829 sich
1655 1769 1697 1829 ein
1730 1765 1925 1825 arkadisches
1952 1763 2087 1823 Gefilde
2120 1757 2174 1817 von
2212 1757 2265 1817 der

1245 1817 1345 1877 Welt
1362 1818 1429 1878 ein.
1474 1817 1579 1877 Ohne
1602 1815 1741 1875 Sorgen
1775 1814 1786 1874 -
1848 1813 1875 1873 in
1903 1811 2020 1871 Genuß
2049 1809 2098 1869 der
2122 1808 2271 1868 Gesund¬

1250 1861 1339 1921 Heit,
1361 1863 1397 1923 zu
1430 1854 1466 1914 de
1514 1855 1762 1915 engenahmsten
1789 1855 2052 1915 Empfindungen
2095 1855 2184 1915 weich
2216 1855 2232 1915 —

1245 1912 1306 1972 und
1345 1907 1372 1967 in
1412 1909 1590 1969 blühenden
1630 1909 1836 1969 Hofnungen
1876 1906 1930 1966 von
1976 1902 2031 1962 der
2065 1903 2259 1963 Erlangung

1251 1959 1335 2019 eines
1364 1957 1625 2017 Bischofshutes
1648 1955 1766 2015 gefällt
1784 1954 1834 2014 ihm
1874 1954 1925 2014 die
1949 1951 2038 2011 Welt
2067 1951 2135 2011 sehr
2164 1951 2270 2011 wohl.

1251 2001 1320 2061 Die
1342 2005 1477 2065 Kunst,
1499 2005 1553 2065 sich
1586 2005 1667 2065 nicht
1695 2006 1727 2066 zu
1760 2005 1921 2065 grämen,
1949 2000 2024 2060 darf
2052 1999 2078 2059 er
2101 2000 2128 2060 in
2161 2000 2252 2060 denen

1245 2055 1380 2115 Jahren
1408 2052 1435 2112 in
1463 2052 1565 2112 keinem
1610 2052 1750 2112 Collegio
1779 2052 1849 2112 über
1877 2049 1925 2109 die
1948 2049 2198 2109 Zufriedenheit
2226 2047 2268 2107 er¬

1245 2107 1386 2167 lernen;
1415 2106 1471 2166 und
1500 2106 1545 2166 die
1568 2106 1681 2166 Gabe,
1704 2105 1754 2165 sich
1783 2103 1862 2163 nicht
1885 2101 1913 2161 zu
1942 2103 2105 2163 schamen,
2129 2097 2264 2157 erwirbt

1248 2160 1280 2220 er
1314 2160 1367 2220 sich
1401 2158 1473 2218 sehr
1514 2159 1586 2219 bald
1621 2158 1713 2218 durch
1747 2157 1800 2217 den
1848 2154 1987 2214 Verlust
2014 2152 2113 2212 seiner
2141 2154 2253 2214 rothen

1253 2211 1431 2271 Wangen.

1298 2282 1373 2342 Der
1397 2280 1507 2340 Christ
1531 2282 1600 2342 hält
1630 2282 1676 2342 die
1700 2279 1944 2339 Mittelstraße.
1998 2276 2084 2336 Alles
2120 2275 2189 2335 was
2219 2276 2276 2336 ist,

1251 2334 1290 2394 ist
1308 2337 1392 2397 gut,
1416 2335 1534 2395 spricht
1552 2334 1603 2394 er.
1660 2333 1749 2393 Aber
1779 2332 1880 2392 solche
1909 2324 2271 2384 übertheodicäi¬

1246 2387 1320 2447 sche
1352 2384 1507 2444 Begriffe
1529 2384 1613 2444 lernt
1635 2381 1667 2441 er
1689 2381 1795 2441 weder
1817 2378 1842 2438 in
1876 2376 1923 2436 der
1950 2375 2078 2435 Schule
2095 2372 2147 2432 des
2169 2372 2270 2432 Opti¬

1248 2435 1407 2495 mismus,
1424 2435 1492 2495 noch
1520 2435 1578 2495 auf
1600 2433 1647 2493 der
1674 2432 1775 2492 Insel
1792 2429 1914 2489 Cypern
1941 2423 1962 2483 in
1994 2423 2159 2483 Amathus
2186 2420 2260 2480 oder

1248 2482 1346 2542 Chio.
1411 2482 1487 2542 Sie
1515 2482 1656 2542 beruhen
1689 2479 1759 2539 auch
1798 2478 1852 2538 bey
1890 2472 1945 2532 ihm
1989 2471 2070 2531 nicht
2097 2470 2157 2530 auf
2184 2470 2238 2530 dem

1249 2533 1375 2593 frischen
1408 2533 1693 2593 Myrrthenkranz
1715 2527 1767 2587 der
1789 2522 1932 2582 muntern
1964 2519 2096 2579 Jahre;
2123 2521 2255 2581 sondern

1245 2584 1276 2644 er
1303 2581 1424 2641 schöpft
1440 2581 1477 2641 sie
1499 2581 1557 2641 aus
1584 2581 1636 2641 dem
1679 2575 1885 2635 Grundsatz:
1912 2569 1964 2629 daß
1997 2569 2076 2629 alles
2098 2569 2155 2629 zum
2193 2569 2261 2629 Be¬

1249 2636 1302 2696 sten
1330 2632 1508 2692 mitwirken
1547 2632 1617 2692 muß
1650 2629 1704 2689 für
1732 2626 1807 2686 die,
1834 2620 1888 2680 die
1910 2617 2013 2677 GOtt
2036 2620 2159 2680 lieben.
2209 2617 2257 2677 Er

1251 2682 1358 2742 weis,
1380 2679 1439 2739 daß
1473 2679 1542 2739 nach
1576 2679 1629 2739 dem
1668 2673 1754 2733 Plan
1792 2670 1840 2730 der
1874 2670 1998 2730 ewigen
2025 2670 2198 2730 Weisheit
2226 2672 2252 2732 zu

1248 2732 1317 2792 allen
1349 2730 1455 2790 Zeiten
1488 2729 1551 2789 und
1584 2727 1610 2787 in
1648 2724 1695 2784 der
1723 2724 1845 2784 ganzen
1883 2721 2059 2781 Maschine
2091 2719 2139 2779 der
2171 2718 2261 2778 Welt

1254 2781 1317 2841 eine
1339 2778 1460 2838 gewisse
1488 2778 1593 2838 Masse
1615 2775 1673 2835 von
1700 2772 2008 2832 Vollkommenheit
2030 2770 2087 2830 und
2109 2769 2199 2829 Güͤte
2226 2769 2257 2829 da

1246 2831 1312 2891 seyn
1340 2829 1440 2889 muß,
1469 2829 1541 2889 weil
1558 2829 1641 2889 sonst
1664 2826 1714 2886 der
1736 2825 1908 2885 Endzweck
1931 2826 1981 2886 der
2010 2823 2098 2883 Welt
2121 2820 2204 2880 nicht
2221 2820 2265 2880 er=

1257 2882 1355 2942 halten
1383 2878 1513 2938 würde.

2178 2945 2264 3005 Bey
