2479 3508
233 330 277 390 die
300 327 435 387 manche
463 321 563 381 dabey
592 324 815 384 einmischen,
838 321 889 381 als
917 324 967 384 daß
996 324 1068 384 man
1097 323 1186 383 nicht
1214 324 1258 384 die

239 377 397 437 mindeste
419 372 582 432 Kenntniß
620 369 677 429 von
715 369 810 429 dieser
837 373 952 433 Sache
985 374 1063 434 hat,
1090 373 1153 433 und
1185 373 1253 433 doch

240 427 324 487 ohne
351 422 472 482 Grund
499 422 556 482 uns
583 422 715 482 Sachen
757 420 931 480 vorwirft,
958 423 994 483 an
1037 422 1084 482 die
1116 422 1174 482 wir
1206 422 1253 482 nie

246 477 376 537 gedacht
399 470 517 530 haben.
594 471 719 531 Unsere
747 473 914 533 Seefahrt
937 473 991 533 hat
1013 473 1072 533 seit
1089 473 1262 533 geraumer

245 526 322 586 Zeit
338 524 426 584 durch
457 521 503 581 die
525 524 700 584 Barbaren
737 521 763 581 so
800 521 897 581 vielen
929 524 1084 584 Schaden
1115 521 1265 581 erlitten,

251 575 307 635 daß
334 572 395 632 wir
422 572 499 632 viele
530 572 587 632 von
624 572 737 632 solchen
769 572 991 632 Unterthanen
1027 574 1053 634 in
1089 572 1141 632 der
1162 572 1270 632 Scla¬

245 624 335 684 verey
362 622 447 682 sehen
475 622 623 682 müssen,
651 622 699 682 die
731 622 794 682 wir
821 622 848 682 in
881 622 1093 682 Seediensten
1132 621 1168 681 am
1222 619 1264 679 be¬

250 676 307 736 sten
345 676 534 736 gebrauchen
572 670 729 730 konnten.
783 667 877 727 Dies
910 669 999 729 wäre
1026 670 1105 730 schon
1142 670 1268 730 genug,

251 727 307 787 uns
334 727 374 787 ein
406 724 508 784 Recht
530 722 601 782 dazu
633 721 658 781 zu
684 721 813 781 geben,
839 721 906 781 nach
937 721 988 781 dem
1030 719 1189 779 Beyspiel
1211 720 1241 780 an

248 778 343 838 derer
364 773 533 833 Nationen
565 772 649 832 einen
676 771 786 831 solchen
819 769 955 829 Schritt
972 769 997 829 zu
1024 769 1124 829 thun.
1183 769 1261 829 Wir

251 825 393 885 erhalten
426 822 494 882 aber
521 822 589 882 auch
616 819 684 879 eine
706 818 769 878 Art
785 816 874 876 eines
901 819 1065 879 nützlichen
1092 819 1266 879 Activhan¬

252 875 348 935 dels,
370 873 402 933 da
435 870 494 930 wir
516 870 575 930 mit
597 867 731 927 Tripoli
759 867 807 927 den
840 867 1007 927 Vergleich
1034 867 1185 927 gemacht
1207 867 1266 927 ha¬

252 926 337 986 ben,
365 921 473 981 unsern
506 919 651 979 Schiffen
680 918 712 978 zu
739 918 918 978 erlauben,
945 919 1036 979 Salz
1064 917 1118 977 bey
1140 916 1264 976 Suara

248 975 338 1035 nicht
360 973 434 1033 aber
456 969 588 1029 Zoara,
610 969 673 1029 wie
700 968 758 1028 wir
780 969 806 1029 in
833 969 955 1029 einigen
982 967 1162 1027 Zeitungen
1190 966 1274 1026 gele¬

247 1027 291 1087 sen
319 1022 452 1082 haben,
481 1019 508 1079 zu
542 1019 653 1079 laden.
704 1016 825 1076 Dieses
854 1016 976 1076 Suara
999 1016 1037 1076 ist
1060 1016 1126 1076 eine
1149 1013 1265 1073 Rhede

252 1075 339 1135 nicht
365 1070 447 1130 weit
474 1067 530 1127 von
567 1067 726 1127 Tripoli,
764 1066 814 1126 wo
851 1065 943 1125 unsre
975 1064 1109 1124 Schiffe
1135 1062 1274 1122 ankern,

257 1123 320 1183 und
347 1121 394 1181 ihr
421 1118 509 1178 Salz
531 1118 641 1178 laden.
694 1114 815 1174 Dieses
848 1113 942 1173 Salz
974 1112 1047 1172 wird
1085 1110 1168 1170 nicht
1195 1109 1268 1169 hier

251 1167 467 1227 verbraucht,
492 1163 626 1223 sondern
661 1160 694 1220 es
723 1160 833 1220 dienet
863 1160 925 1220 uns
955 1163 988 1223 zu
1022 1160 1108 1220 einem
1157 1158 1272 1218 unsrer

249 1213 502 1273 einträglichsten
533 1204 943 1264 Handlungsproducten.
1000 1205 1086 1265 Was
1112 1204 1172 1264 wir
1198 1204 1268 1264 aber

257 1267 288 1327 an
321 1258 542 1318 Unterthanen
569 1255 771 1315 gewinnen,
798 1254 855 1314 das
882 1255 977 1315 zeigte
999 1253 1051 1313 sich
1084 1255 1205 1315 letzthin
1243 1252 1268 1312 in

258 1315 346 1375 einer
369 1312 418 1372 der
440 1309 655 1369 feyerlichsten
684 1306 932 1366 Handlungen,
966 1306 1076 1366 wobey
1104 1306 1153 1366 sich
1182 1306 1270 1366 unsre

259 1366 405 1426 Andacht
429 1360 513 1420 billig
542 1360 734 1420 verdoppelt
757 1357 824 1417 hat.
859 1357 938 1417 Wir
961 1359 1057 1419 haben
1086 1358 1181 1418 theils
1210 1357 1266 1417 von

264 1416 402 1476 Tunis,
425 1413 523 1473 theils
552 1410 606 1470 von
635 1410 745 1470 Algier
768 1409 811 1469 91
839 1409 988 1469 Sclaven
1016 1410 1165 1470 befreyt,
1199 1407 1276 1467 wel=

252 1468 300 1528 che
328 1467 447 1527 allhier
469 1462 610 1522 glücklich
638 1459 897 1519 angekommen,
920 1461 985 1521 und
1007 1462 1055 1522 den
1088 1461 1180 1521 15ten
1213 1458 1277 1518 die=

256 1519 299 1579 ses
326 1518 374 1578 den
408 1516 510 1576 Anlaß
538 1512 564 1572 zu
597 1512 683 1572 einer
706 1512 776 1572 noch
803 1511 857 1571 nie
879 1509 1047 1569 gesehenen
1074 1510 1263 1570 Procession

255 1566 415 1626 gegeben.
487 1560 562 1620 Sie
594 1560 724 1620 wurden
760 1560 820 1620 alle
846 1557 876 1617 in
912 1560 962 1620 dem
1008 1557 1144 1617 adlichen
1175 1557 1280 1617 Fräu¬

254 1611 393 1671 leinstift
414 1608 470 1668 von
497 1608 569 1668 St.
590 1608 771 1668 Zacharias
803 1607 1030 1667 empfangen,
1056 1604 1169 1664 gingen
1211 1602 1278 1662 her=

257 1660 328 1720 nach
357 1658 381 1718 in
415 1654 457 1714 die
482 1652 553 1712 St.
573 1652 849 1712 Marcuskirche,
874 1649 935 1709 und
965 1649 1093 1709 nachdem
1137 1649 1175 1709 sie
1194 1646 1270 1706 über

263 1709 314 1769 den
345 1704 458 1764 ganzen
494 1699 561 1759 St.
582 1697 793 1757 Marcoplatz
809 1694 927 1754 passirt
948 1696 1082 1756 waren;
1113 1695 1143 1755 so
1165 1694 1272 1754 führte

260 1757 334 1817 man
361 1752 398 1812 sie
420 1749 488 1809 nach
520 1746 589 1806 St.
606 1745 807 1805 Salvator,
834 1742 881 1802 wo
914 1743 972 1803 das
999 1742 1046 1802 Te
1068 1742 1168 1802 Deum
1217 1741 1274 1801 bey

261 1805 347 1865 einer
375 1800 555 1860 feyerlichen
588 1794 691 1854 Messe
714 1796 865 1856 gesungen
894 1795 1024 1855 wurde.
1085 1791 1177 1851 Was
1205 1790 1275 1850 aber

261 1857 360 1917 dieser
383 1852 566 1912 Procession
600 1849 649 1909 den
683 1846 805 1906 meisten
833 1846 944 1906 Glanz
967 1846 1133 1906 gegeben,
1161 1843 1266 1903 waren

256 1910 306 1970 die
335 1903 580 1963 angesehensten
614 1900 677 1960 und
706 1900 842 1960 größten
871 1900 1075 1960 Cavaliers,
1099 1897 1212 1957 welche
1236 1897 1275 1957 sie

265 1958 478 2018 begleiteten,
502 1956 566 2016 und
601 1954 699 2014 ihnen
735 1954 757 2014 in
792 1952 844 2012 der
868 1951 1053 2011 Procession
1094 1951 1139 2011 die
1158 1951 1279 2011 Rechte

261 2009 468 2069 gestatteten.

514 2055 721 2115 London,
758 2052 813 2112 den
844 2052 886 2112 5.
911 2052 1014 2112 Febr,

308 2109 429 2169 Unsere
452 2105 574 2165 Briefe
592 2106 652 2166 von
680 2105 825 2165 Madrit
842 2103 1013 2163 bestätigen
1042 2100 1091 2160 die
1109 2097 1280 2157 Entschlie¬

260 2160 345 2220 ßung
372 2156 424 2216 des
451 2154 594 2214 dortigen
627 2151 727 2211 Hofes
754 2153 812 2213 auf
829 2151 881 2211 der
903 2148 1003 2208 Insel
1025 2150 1115 2210 Juan
1137 2147 1285 2207 Fernan¬

264 2208 315 2268 dez
341 2203 382 2263 ein
413 2199 496 2259 Fort
512 2199 573 2259 und
600 2199 682 2259 einen
713 2199 930 2259 Waffenplatz
951 2196 1147 2256 anzulegen,
1163 2193 1281 2253 jedoch,

259 2252 323 2312 wie
346 2250 394 2310 die
416 2246 535 2306 Briefe
552 2246 779 2306 hinzufügen,
813 2243 883 2303 bloß
910 2243 937 2303 in
970 2241 1018 2301 der
1046 2243 1192 2303 Absicht,
1220 2240 1257 2300 um

264 2308 290 2368 zu
322 2299 561 2359 Kriegeszeiten
598 2294 683 2354 einen
721 2294 896 2354 bequemen
923 2291 1029 2351 Hafen
1066 2291 1125 2351 zur
1147 2289 1284 2349 Sicher¬

267 2356 324 2416 heit
348 2354 400 2414 der
424 2348 556 2408 Schiffe
580 2345 614 2405 zu
644 2342 771 2402 haben.
841 2345 898 2405 Im
945 2342 1072 2402 vorigen
1108 2339 1275 2399 Sommer

261 2409 320 2469 sind
348 2406 379 2466 zu
413 2400 499 2460 Vera
527 2396 607 2456 Crux
635 2394 645 2454 3
662 2393 743 2453 neue
760 2390 932 2450 Courtinen
966 2391 1025 2451 und
1052 2391 1117 2451 eine
1134 2390 1268 2450 Bastion

261 2458 321 2518 von
355 2456 393 2516 48
438 2449 510 2509 vier
538 2446 599 2506 und
632 2440 953 2500 dreyßigpfündigen
993 2440 1153 2500 Kanonen
1193 2440 1281 2500 nebst

264 2508 352 2568 einem
397 2497 662 2557 Bombenvesten
696 2494 851 2554 bedeckten
885 2491 990 2551 Wege
1018 2494 1173 2554 angelegt
1201 2488 1283 2548 wor¬

265 2554 341 2614 den.
389 2554 459 2614 Die
483 2548 636 2608 Kayserin
666 2542 724 2602 von
748 2539 901 2599 Rußland
925 2542 983 2602 hat
1002 2542 1048 2602 sich
1078 2539 1195 2599 allhier
1220 2539 1272 2599 vor

267 2605 385 2665 einiger
412 2603 482 2663 Zeit
504 2602 573 2662 nach
601 2594 838 2654 verschiedenen
871 2592 897 2652 in
925 2591 972 2651 den
995 2593 1264 2653 Qvecksilberwer

261 2651 309 2711 ken
347 2652 515 2712 erfahrnen
559 2649 726 2709 Personen
765 2641 986 2701 erkundigen,
1014 2643 1073 2703 und
1106 2641 1268 2701 denselben

261 2699 311 2759 den
339 2697 517 2757 Vorschlag
545 2701 623 2761 thun
657 2697 779 2757 laßen,
802 2694 857 2754 sich
891 2691 980 2751 unter
1014 2691 1269 2751 vortheilhaften

261 2748 509 2808 Bedingungen
540 2748 566 2808 in
603 2748 654 2808 den
691 2748 788 2808 neuen
825 2744 850 2804 in
887 2744 1052 2804 Siberien
1094 2742 1270 2802 entdeckten

270 2799 391 2859 Minen
419 2796 568 2856 brauchen
596 2796 624 2856 zu
652 2796 773 2856 laßen,
796 2796 911 2856 welche
934 2793 956 2853 so
990 2793 1067 2853 reich
1095 2793 1189 2853 sind,
1217 2790 1266 2850 daß

266 2848 332 2908 eine
359 2844 534 2904 bemittelte
551 2843 668 2903 Person
701 2844 731 2904 zu
752 2845 958 2905 Petersburg
990 2844 1103 2904 bereits
1130 2841 1269 2901 200000

266 2901 379 2961 Rubel
398 2894 452 2954 zur
476 2891 644 2951 jährlichen
675 2894 783 2954 Pacht
802 2894 927 2954 geboten
958 2891 1060 2951 haben
1091 2892 1162 2952 soll.
1199 2891 1271 2951 Aus

261 2950 426 3010 gedachtem
477 2940 687 3000 Petersburg
721 2942 837 3002 meldet
865 2943 936 3003 man
970 2942 1058 3002 uns,
1092 2942 1147 3002 daß
1181 2939 1274 2999 Ihro

261 3003 402 3063 Rußisch
432 2994 585 3054 Kayserl.
604 2993 697 3053 Maj.
716 2993 768 3053 den
793 2993 946 3053 Capitain
976 2995 1164 3055 Tomkyns,
1183 2993 1264 3053 einen

1297 327 1458 387 gebornen
1493 328 1690 388 Engländer
1719 330 1916 390 ausersehen
1951 327 2084 387 haben,
2108 327 2153 387 die
2183 330 2327 390 Expedi¬

1298 374 1361 434 tion
1387 377 1415 437 zu
1446 377 1721 437 commandiren,
1746 380 1864 440 welche
1889 377 2075 437 angestellet
2096 374 2218 434 werden
2258 380 2331 440 soll,

1301 422 1335 482 um
1386 425 1411 485 in
1442 427 1627 487 Nordosten
1668 425 1753 485 einen
1784 428 1924 488 Seeweg
1955 428 2025 488 nach
2051 426 2221 486 Ostindien
2252 427 2327 487 auf=

1299 476 1468 536 zusuchen.
1521 478 1572 538 In
1603 476 1654 536 dem
1696 476 1891 536 Kirchspiele
1912 479 2082 539 Buckland
2108 476 2236 536 unweit
2253 475 2324 535 Do¬

1301 523 1371 583 vern
1407 527 1503 587 haben
1534 526 1629 586 dieser
1655 524 1746 584 Tage
1766 524 1872 584 einige
1893 528 2115 588 Arbeitsleute
2141 528 2227 588 einen
2258 527 2328 587 gro¬

1301 576 1350 636 ßen
1384 577 1549 637 bleyernen
1583 573 1671 633 Topf
1693 575 1748 635 von
1788 575 1870 635 alten
1904 580 2163 640 Silbermünzen
2203 578 2324 638 ausge¬

1302 625 1444 685 graben.

1526 673 1774 733 Warschau,
1812 670 1865 730 den
1902 673 1969 733 14.
1994 676 2096 736 Febr.

1352 719 1412 779 Da
1440 724 1484 784 die
1502 724 1657 784 Gerichte
1679 721 1734 781 von
1757 719 1906 779 Pohlen,
1924 723 2034 783 welche
2058 727 2113 787 von
2146 727 2196 787 dem
2236 724 2318 784 Tode

1303 770 1354 830 des
1378 772 1654 832 letztverstorbnen
1684 769 1811 829 Königs
1847 769 1880 829 an
1916 769 1961 829 bis
1997 772 2054 832 zur
2078 775 2239 835 Krönung
2262 775 2314 835 des

1307 822 1428 882 jetzigen
1458 821 1638 881 geschlossen
1661 817 1818 877 gewesen,
1836 819 1992 879 wiederum
2033 822 2160 882 eröfnet
2178 824 2328 884 worden,

1304 872 1329 932 so
1355 871 1412 931 sind
1438 870 1506 930 auch
1532 870 1615 930 schon
1641 869 1698 929 seit
1719 867 1771 927 dem
1813 870 2078 930 letztverwichnen
2109 870 2249 930 Montag
2281 873 2327 933 die

1308 918 1602 978 Reichstribunäle
1624 916 1649 976 in
1681 915 1732 975 der
1753 918 1866 978 Krone
1888 921 2016 981 Pohlen
2048 919 2120 979 nach
2146 921 2192 981 der
2219 921 2311 981 neuen

1305 967 1531 1027 Verordnung
1557 965 1582 1025 in
1614 966 1773 1026 Peterkau
1804 969 1861 1029 und
1887 969 1995 1029 Lublin
2026 969 2262 1029 angegangen,
2289 971 2314 1031 so

1308 1016 1370 1076 wie
1396 1016 1432 1076 sie
1463 1013 1535 1073 auch
1567 1013 1598 1073 in
1634 1014 1758 1074 einigen
1785 1019 1950 1079 Monaten
1987 1020 2013 1080 in
2044 1019 2194 1079 Lithauen
2231 1019 2329 1079 ange¬

1312 1066 1364 1126 hen
1402 1061 1549 1121 werden.
1613 1064 1686 1124 Die
1713 1068 1966 1128 Conföderation
2004 1072 2088 1132 setzet
2120 1070 2310 1130 unterdessen

1309 1112 1377 1172 ihre
1404 1114 1556 1174 Gerichte
1578 1115 1646 1175 auch
1673 1118 1741 1178 noch
1773 1118 1852 1178 fort.
1879 1121 1953 1181 Sr.
1974 1121 2069 1181 Maj.
2090 1121 2211 1181 werden
2243 1121 2311 1181 auch

1308 1163 1475 1223 künftigen
1509 1166 1638 1226 Monat
1666 1166 1708 1226 die
1737 1168 2055 1228 Relationsgerichte
2089 1172 2234 1232 hieselbst
2257 1169 2326 1229 hal¬

1304 1211 1371 1271 ten.
1423 1213 1469 1273 Am
1512 1213 1724 1273 Sonnabend
1751 1213 1854 1273 hatten
1891 1214 1963 1274 Sr.
1979 1216 2129 1276 Durchl.
2156 1219 2202 1279 der
2229 1219 2322 1279 Fürst

1311 1261 1449 1321 Bischof
1476 1261 1532 1321 von
1563 1261 1754 1321 Ermland,
1780 1262 1810 1322 so
1842 1264 1898 1324 wie
1930 1264 1986 1324 vor
2012 1264 2125 1324 kurzen
2162 1265 2233 1325 auch
2265 1266 2316 1326 der

1312 1315 1455 1375 Königl.
1479 1312 1617 1372 Preuß.
1641 1312 1888 1372 Legationsrath
1924 1312 1981 1372 und
2022 1315 2137 1375 hiesige
2166 1315 2322 1375 Resident

1312 1371 1382 1431 Hr.
1401 1369 1525 1429 Benoit
1549 1366 1602 1426 bey
1626 1366 1697 1426 Sr.
1721 1366 1815 1426 Maj.
1840 1366 1999 1426 Audienz.

1574 1416 1737 1476 Wilda,
1778 1416 1836 1476 den
1872 1417 1935 1477 15.
1966 1418 2064 1478 Febr.

1358 1467 1436 1527 Der
1460 1465 1549 1525 Frost
1573 1467 1628 1527 hat
1652 1467 1679 1527 in
1720 1467 1815 1527 dieser
1844 1467 1979 1527 Gegend
2014 1464 2069 1524 seit
2093 1467 2216 1527 einigen
2245 1464 2324 1524 Wo¬

1305 1516 1376 1576 chen
1403 1515 1624 1575 angehalten,
1660 1513 1722 1573 und
1758 1515 1845 1575 durch
1882 1515 1933 1575 den
1975 1518 2144 1578 gefallenen
2186 1515 2320 1575 Schnee

1310 1563 1345 1623 ist
1372 1563 1418 1623 die
1439 1562 1536 1622 Bahn
1568 1561 1737 1621 fürtreflich
1764 1563 1954 1623 geworden.
2011 1566 2082 1626 Die
2104 1566 2206 1626 Russ.
2222 1566 2325 1626 Waa¬

1313 1608 1362 1668 ren
1402 1608 1465 1668 sind
1500 1608 1652 1668 demnach
1692 1608 1800 1668 häufig
1840 1610 1898 1670 und
1933 1610 2027 1670 zeitig
2066 1613 2326 1673 angekommen;

1312 1654 1417 1714 nichts
1447 1652 1679 1712 destoweniger
1710 1652 1785 1712 aber
1811 1654 1927 1714 müssen
1962 1657 2003 1717 sie
2038 1658 2148 1718 theuer
2185 1660 2330 1720 bezahlet

1313 1703 1457 1763 werden.
1510 1700 1597 1760 Was
1628 1700 1685 1760 den
1717 1703 1861 1763 Landtag
1893 1703 2032 1763 betrift;
2064 1706 2094 1766 so
2125 1704 2166 1764 ist
2193 1709 2327 1769 selbiger

1314 1751 1390 1811 schon
1423 1749 1613 1809 geendiget,
1641 1751 1700 1811 und
1728 1749 1776 1809 die
1793 1751 1945 1811 adelichen
1978 1754 2201 1814 Herrschaften
2229 1757 2326 1817 dieser

1312 1799 1581 1859 Woywodschaft
1603 1799 1660 1859 sind
1687 1802 1914 1862 auseinander
1936 1805 2115 1865 gefahren;
2142 1811 2236 1871 außer
2258 1811 2305 1871 dem

1321 1852 1475 1912 Bischof,
1503 1853 1552 1913 den
1580 1852 1696 1912 Aebten
1730 1852 1790 1912 und
1818 1855 1994 1915 Canonicis
2028 1858 2077 1918 die
2106 1861 2171 1921 hier
2205 1861 2326 1921 bestän=

1307 1906 1354 1966 dig
1387 1909 1562 1969 residiren.
1611 1906 1658 1966 An
1696 1908 1818 1968 einigen
1856 1909 1978 1969 andern
2005 1908 2143 1968 Oertern
2181 1909 2239 1969 sind
2277 1909 2324 1969 die

1313 1960 1476 2020 Landtäge
1509 1957 1574 2017 sehr
1607 1960 1699 2020 hitzig
1733 1957 1901 2017 gewesen;
1940 1958 2005 2018 wie
2038 1960 2119 2020 denn
2152 1960 2185 2020 an
2223 1960 2310 2020 einem

1310 2010 1395 2070 Orte
1415 2011 1521 2071 einige
1541 2008 1707 2068 Personen
1738 2008 1889 2068 zerhauen
1925 2008 1980 2068 und
2005 2008 2050 2068 ein
2071 2010 2252 2070 Edelmann
2277 2010 2327 2070 ge¬

1658 2051 1736 2111 Das
1762 2055 2067 2115 Generaltribunal
2087 2056 2165 2116 wird
2190 2058 2249 2118 erst
2269 2058 2328 2118 auf

1310 2058 1413 2118 tödtet
1436 2055 1587 2115 worden.

1318 2103 1365 2163 den
1402 2103 1550 2163 Montag
1582 2101 1650 2161 nach
1688 2100 1740 2160 dem
1783 2100 1856 2160 Fest
1883 2100 1935 2160 des
1968 2102 2105 2162 heiligen
2137 2103 2326 2163 Stanislai

1316 2151 1410 2211 seinen
1456 2150 1587 2210 Anfang
1623 2146 1789 2206 nehmen,
1831 2147 1890 2207 und
1931 2150 1971 2210 22
2007 2151 2147 2211 Wochen
2184 2154 2329 2214 dauren.

1318 2199 1458 2259 Hernach
1491 2199 1566 2259 geht
1593 2196 1653 2256 das
1680 2199 1836 2259 geistliche
1869 2199 2042 2259 Tribunal
2065 2202 2129 2262 an,
2157 2202 2215 2262 und
2243 2206 2318 2266 wird

1314 2246 1328 2306 6
1359 2244 1520 2304 Wochen,
1551 2246 1611 2306 wie
1632 2247 1858 2307 gewöhnlich,
1889 2249 1985 2309 unter
2016 2250 2101 2310 einem
2152 2255 2323 2315 weltlichen

1317 2297 1500 2357 Marschall
1522 2297 1582 2357 und
1609 2297 1684 2357 sechs
1712 2300 1885 2360 weltlichen
1918 2303 1977 2363 und
2005 2303 2074 2363 eben
2103 2306 2129 2366 so
2157 2307 2216 2367 viel
2238 2309 2329 2369 geist¬

1314 2348 1401 2408 lichen
1435 2348 1632 2408 Deputirten
1660 2351 1846 2411 festgesetzer
1868 2354 2015 2414 werden.

1327 2503 1657 2563 Wechsel-Coure
1685 2504 1698 2564 &
1746 2509 1901 2569 Species
1929 2508 1968 2568 d.
1982 2512 2056 2572 28.
2070 2512 2191 2572 Febr.
2206 2515 2326 2575 1765.

1315 2557 1503 2617 Amsterdam
1537 2560 1575 2620 41
1603 2560 1680 2620 Tage
1703 2560 1763 2620 310
1786 2560 1835 2620 gr.

1924 2556 1964 2616 71
1983 2563 2071 2623 Tage
2095 2570 2254 2630 3083gr.

1316 2608 1487 2668 Hamburg
1519 2606 1531 2666 3
1558 2613 1614 2673 W.
1627 2614 1690 2674 133
1710 2617 1760 2677 gr.

1880 2608 1892 2668 6
1923 2609 1978 2669 W.
1997 2614 2157 2674 1323gr.

1310 2655 1421 2715 Berlin

1826 2658 1970 2718 Dantzig
2009 2659 2046 2719 25
2080 2661 2127 2721 pr.
2144 2661 2219 2721 Cto.

1317 2707 1460 2767 Ducaten
1482 2707 1557 2767 neue
1579 2709 1589 2769 9
1616 2711 1647 2771 fl.
1659 2714 1669 2774 5
1691 2715 1743 2775 gr.

1879 2707 2014 2767 Alberts
2032 2709 2126 2769 Taser
2144 2714 2238 2774 1294
2257 2717 2308 2777 gr.

1312 2757 1428 2817 Rubel
1447 2762 1514 2822 115
1539 2764 1594 2824 gr.

1801 2759 1855 2819 Alt
1872 2757 2014 2817 Polnisch
2042 2760 2113 2820 Geld
2135 2762 2167 2822 12
2190 2766 2238 2826 pr.
2255 2766 2331 2826 Cto.

1315 2809 1384 2869 Alte
1408 2808 1453 2868 72
1471 2811 1488 2871 5
1512 2811 1563 2871 pr.
1581 2812 1656 2872 Cto.

1311 2909 1405 2969 Diese
1428 2911 1567 2971 Gelehrte
1590 2909 1645 2969 und
1668 2909 1835 2969 Politische
1852 2906 1980 2966 Zeitung
2008 2908 2074 2968 wird
2103 2909 2147 2969 des
2176 2912 2331 2972 Montag=

1428 2952 1482 3012 und
1509 2951 1658 3011 Feeytags
1682 2948 1881 3008 Vormittags
1904 2947 1935 3007 um
1976 2946 2003 3006 10
2031 2951 2089 3011 Uhr
2108 2951 2130 3011 in
2158 2953 2203 3013 dem

1504 2996 1700 3056 Kanterschen
1731 2990 1902 3050 Buchladen
1933 2993 2139 3053 ausgegeben.
