2479 3508
1207 342 1284 402 Bey

269 349 319 409 die
339 348 376 408 am
414 345 705 405 Neujahrsabend
731 345 907 405 besonders
933 346 1173 406 merkwürdig.

1201 392 1295 452 selbst

266 398 318 458 der
339 395 548 455 Haupttafel
564 392 620 452 von
653 392 689 452 50
716 392 877 452 Couverts
904 392 971 452 war
992 392 1045 452 der
1071 395 1180 455 Prinz

273 446 317 506 die
346 448 471 508 einzige
500 444 631 504 sitzende
661 444 910 504 Mannsperson
957 443 1105 503 zwischen
1139 446 1178 506 40

270 497 362 557 mes.
411 497 535 557 Hinter
563 494 724 554 denselben
752 497 903 557 warteten
936 491 979 551 die
1006 497 1201 557 Cavaliers,
1212 497 1298 557 wor¬

280 550 372 610 unter
395 548 481 608 sogar
499 551 851 611 Generällieutenants
875 551 1002 611 waren,
1020 553 1083 613 sehr
1106 554 1198 614 amsig
1228 551 1302 611 auf.

279 600 364 660 Alles
395 600 501 660 wurde
526 600 586 660 auf
607 599 733 659 Silber
754 601 896 661 servirt,
927 601 1037 661 woran
1078 601 1123 661 die
1154 601 1305 661 Quanti¬

279 650 351 710 tät,
379 651 428 711 die
451 650 506 710 auf
529 649 578 709 dem
624 649 823 709 Rathhause
846 652 1012 712 befindlich
1040 649 1090 709 ist,
1107 652 1184 712 über
1201 652 1295 712 6000

284 700 389 760 Mark
417 700 564 760 beträgt.
617 701 701 761 Zwo
734 700 834 760 andre
867 700 982 760 Tafeln
1020 700 1125 760 waren
1163 700 1220 760 von
1252 699 1289 759 30

287 751 345 811 und
372 748 408 808 20
440 749 625 809 Couverts.
673 748 757 808 Eine
789 751 920 811 Menge
947 749 1079 809 speisete
1106 751 1131 811 im
1180 751 1306 811 stehen.

282 800 358 860 Den
390 798 456 858 8ten
488 798 596 858 reisete
617 795 662 855 der
689 795 797 855 Prinz
823 798 879 858 von
906 798 987 858 hier.
1039 798 1086 858 Es
1112 798 1178 858 war
1205 798 1302 858 zuvor

284 849 458 909 befohlen,
485 849 531 909 die
558 849 614 909 auf
640 846 773 906 100000
805 843 913 903 Livres
939 846 985 906 sich
1011 849 1202 909 belaufende
1228 845 1310 905 Rei¬

286 898 412 958 sekosten
444 897 593 957 desselben
620 895 710 955 nebst
731 895 784 955 den
811 897 927 957 Kosten
954 897 1022 957 dero
1049 897 1208 957 kostbaren
1230 897 1314 957 Auf=

288 948 433 1008 enthalts
471 946 524 1006 ihm
574 945 605 1005 zu
649 948 832 1008 vergüten,
870 948 945 1008 aber
983 948 1031 1008 der
1064 948 1301 1008 großmüthige

285 998 395 1058 Prinz
418 998 501 1058 nahm
540 998 640 1058 nichts
668 997 734 1057 an,
763 996 823 1056 und
851 997 906 1057 ließ
935 998 996 1058 nur
1024 995 1212 1055 bezeugen,
1246 991 1306 1051 wie

284 1046 316 1106 er
344 1047 527 1107 wünschte,
555 1046 608 1106 daß
647 1046 743 1106 dieses
771 1046 857 1106 Geld
890 1048 943 1108 zum
987 1046 1111 1106 Nutzen
1149 1043 1197 1103 der
1225 1043 1311 1103 Pro¬

288 1098 358 1158 vinz
384 1097 500 1157 möchte
526 1096 733 1156 angewandt
754 1094 840 1154 seyn.
916 1094 1058 1154 Zufolge
1084 1096 1134 1156 der
1155 1090 1316 1150 vortheil¬

289 1145 607 1205 haften-Berichte,
633 1142 683 1202 die
703 1142 753 1202 der
779 1142 890 1202 Prinz
911 1139 966 1199 von
997 1142 1047 1202 den
1073 1141 1305 1201 Gesinnungen

287 1193 336 1253 der
362 1191 514 1251 Provinz
540 1190 603 1250 mit
624 1187 673 1247 dem
719 1188 881 1248 Courier,
907 1189 1035 1249 welcher
1061 1189 1109 1249 die
1135 1184 1312 1244 Nachricht

288 1240 350 1300 von
379 1240 431 1300 dem
475 1237 666 1297 bewilligten
695 1234 771 1294 Don
801 1234 944 1294 Gratuit
968 1237 1174 1297 überbracht,
1193 1235 1226 1295 an
1256 1233 1303 1293 den

290 1289 403 1349 König
432 1285 573 1345 geschickt
596 1285 670 1345 hat,
693 1285 788 1345 haben
829 1284 902 1344 Sr.
925 1287 1010 1347 Maj
1039 1286 1191 1346 geruhet,
1214 1285 1310 1345 Dero

291 1336 444 1396 Provinz
467 1339 657 1399 Languedoc
690 1336 838 1396 folgende
865 1339 1242 1399 Gnadenbezeugungen
1279 1338 1305 1398 zu

294 1390 470 1450 ertheilen.
504 1390 547 1450 1)
570 1388 669 1448 Einen
703 1390 846 1450 Nachlaß
874 1387 929 1447 von
963 1390 1100 1450 100000
1123 1390 1227 1450 Livres
1256 1390 1310 1450 auf

287 1441 344 1501 das
375 1441 530 1501 Militair
552 1437 697 1497 Brevet.
744 1440 790 1500 2)
818 1440 921 1500 Einen
958 1443 1077 1503 andern
1109 1443 1160 1503 von
1192 1440 1305 1500 50000

290 1492 349 1552 auf
371 1494 457 1554 jeden
496 1490 544 1550 der
577 1491 691 1551 beyden
724 1491 968 1551 Zwanzigsten.
1018 1491 1066 1551 3)
1094 1491 1185 1551 Noch
1218 1489 1304 1549 einen

296 1544 350 1604 von
386 1539 501 1599 50000
542 1542 576 1602 an
612 1542 662 1602 dem
707 1539 782 1599 Don
814 1540 959 1600 Gratuit
989 1539 1044 1599 vom
1090 1539 1180 1599 Jahr
1205 1539 1315 1599 1764,

288 1590 376 1650 einen
406 1589 553 1649 Nachlaß
588 1587 637 1647 der
662 1587 745 1647 ohne
765 1587 943 1647 Beyspiel,
958 1587 1016 1647 und
1046 1585 1095 1645 der
1120 1584 1174 1644 den
1204 1584 1316 1644 Stän¬

295 1637 344 1697 den
379 1637 457 1697 desto
477 1634 697 1694 angenehmer
718 1631 781 1691 ist,
801 1631 830 1691 je
850 1631 992 1691 weniger
1022 1631 1056 1691 sie
1076 1631 1125 1691 sich
1155 1628 1302 1688 desselben

291 1685 464 1745 versahen.
515 1679 591 1739 Bey
612 1679 663 1739 dem
704 1679 821 1739 großen
847 1678 1051 1738 Aufwande,
1067 1678 1117 1738 den
1143 1676 1194 1736 der
1210 1676 1316 1736 Prinz

298 1733 453 1793 während
479 1727 583 1787 seines
609 1727 738 1787 hiesigen
770 1726 987 1786 Aufenthalts
1013 1727 1158 1787 gemacht
1179 1724 1251 1784 hat,
1267 1723 1324 1783 ha¬

298 1784 353 1844 ben
384 1781 429 1841 die
449 1778 565 1838 großen
601 1775 798 1835 Summen,
824 1775 940 1835 welche
966 1775 1036 1835 Sr.
1057 1775 1203 1835 Durchl.
1224 1772 1319 1832 unter

303 1834 348 1894 die
371 1828 485 1888 Armen
519 1826 570 1886 der
594 1825 661 1885 vier
684 1825 814 1885 hiesigen
849 1825 1048 1885 Kirchspiele
1066 1825 1247 1885 austheilen
1276 1823 1320 1883 la¬

293 1884 385 1944 ßen,
412 1881 455 1941 die
477 1877 602 1937 thätige
630 1876 862 1936 Gottesfurcht
885 1879 944 1939 und
972 1879 1237 1939 Menschenliebe
1259 1876 1318 1936 die=

301 1937 341 1997 ses
371 1932 602 1992 hulderfüllten
632 1930 777 1990 Prinzen
812 1932 869 1992 auf
899 1930 968 1990 eine
998 1933 1160 1993 rührende
1184 1931 1247 1991 Art
1271 1930 1305 1990 an

298 1990 349 2050 den
385 1986 453 2046 Tag
483 1983 620 2043 geleget.

522 2034 840 2094 Copenhagen,
869 2032 926 2092 den
961 2032 1000 2092 1.
1029 2031 1131 2091 Febr.

355 2082 492 2142 Zufolge
520 2084 669 2144 Königl.
697 2082 967 2142 allergnädigster
996 2082 1189 2142 Resolution
1239 2079 1294 2139 vom

302 2133 410 2193 22sten
437 2133 524 2193 Jan.
535 2133 576 2193 ist
592 2133 638 2193 der
659 2133 726 2193 Zoll
747 2130 803 2190 von
830 2130 876 2190 der
902 2130 1042 2190 fremden
1068 2129 1228 2189 gefärbten
1254 2127 1311 2187 und

301 2180 483 2240 ungefärbt
503 2178 724 2238 gewundenen
760 2178 893 2238 Seide,
923 2178 1036 2238 welche
1061 2178 1129 2238 hier
1154 2172 1321 2232 eingefüh¬

302 2231 349 2291 ret
371 2226 472 2286 wird,
499 2225 558 2285 von
590 2223 627 2283 18
654 2223 825 2283 Schilling
852 2225 910 2285 auf
937 2223 947 2283 2
985 2224 1081 2284 Mck.
1103 2225 1161 2285 das
1194 2221 1316 2281 Pfund

306 2279 424 2339 erhöht
452 2272 609 2332 worden,
648 2271 799 2331 wogegen
838 2273 880 2333 die
913 2273 1163 2333 Fabriqueurs,
1190 2270 1325 2330 Juden,

309 2330 455 2390 Ezechiel
472 2325 531 2385 und
559 2321 693 2381 Berent
721 2319 813 2379 Levi,
835 2321 883 2381 die
911 2321 1024 2381 Stadt
1057 2324 1116 2384 mit
1144 2321 1192 2381 der
1225 2321 1322 2381 benö¬

308 2381 429 2441 thigten
462 2377 572 2437 Seide
595 2372 649 2432 von
677 2372 770 2432 guter
788 2372 936 2432 Bonität
959 2372 1013 2432 und
1042 2372 1091 2432 für
1119 2372 1168 2432 die
1191 2372 1322 2432 Preise,

303 2433 356 2493 für
384 2431 497 2491 welche
519 2426 589 2486 man
622 2423 767 2483 dieselben
800 2422 854 2482 von
881 2423 1103 2483 auswärtigen
1136 2423 1232 2483 Orten
1255 2422 1330 2482 ver=

301 2482 454 2542 schreiben
483 2476 585 2536 kann,
614 2473 761 2533 versehen
790 2473 903 2533 sollen.
949 2475 1000 2535 Im
1046 2473 1199 2533 1765sten
1228 2470 1318 2530 Jahr

307 2534 366 2594 sind
391 2531 449 2591 aus
480 2527 592 2587 unsern
623 2526 729 2586 Hafen
759 2521 872 2581 3616.
890 2522 1020 2582 Schiffe
1045 2524 1234 2584 gegangen.

453 2579 586 2639 Bergen
624 2576 650 2636 in
688 2574 907 2634 Norwegen,
929 2573 981 2633 den
1019 2575 1056 2635 1.
1084 2573 1189 2633 Febr.

355 2618 408 2678 Im
450 2629 550 2689 letzten
598 2629 817 2689 Kirchenjahr
853 2625 918 2685 sind
967 2625 995 2685 im
1049 2623 1185 2683 hiesigen
1227 2623 1327 2683 Stift

307 2679 428 2739 3868.
451 2679 578 2739 Kinder
613 2679 745 2739 geboren
786 2677 843 2737 und
879 2676 965 2736 2900
1006 2673 1178 2733 Personen
1208 2673 1328 2733 gestor=

308 2726 399 2786 ben.

526 2775 811 2835 Stockholm,
842 2778 896 2838 den
934 2778 1000 2838 25.
1025 2774 1121 2834 Jan.

365 2820 499 2880 Gestern
528 2820 744 2880 Vormittags
772 2826 803 2886 um
853 2828 890 2888 10
924 2826 988 2886 Uhr
1022 2824 1161 2884 begaben
1195 2823 1249 2883 sich
1282 2821 1324 2881 die

310 2880 364 2940 den
400 2876 468 2936 Tag
496 2871 613 2931 vorher
634 2870 702 2930 hier
731 2875 751 2935 in
793 2878 868 2938 Sr.
889 2879 992 2939 Maj.
1020 2877 1068 2937 des
1096 2875 1226 2935 Königs
1255 2872 1330 2932 Na=

1331 343 1402 403 men
1441 345 1529 405 durch
1563 348 1690 408 zweene
1718 348 1977 408 Kammerherrn
2023 348 2232 408 eingeladene
2255 345 2326 405 Bau

1330 393 1568 453 ren=Bürger=
1585 395 1644 455 und
1666 398 1926 458 Priesterstände
1954 396 2013 456 mit
2035 399 2121 459 ihren
2149 395 2349 455 Sprechern,

1336 443 1394 503 und
1422 444 1552 504 hernach
1585 443 1634 503 die
1661 443 1872 503 Ritterschaft
1900 446 1964 506 und
2003 447 2051 507 der
2074 447 2160 507 Adel
2187 446 2241 506 von
2280 446 2333 506 dem

1332 491 1621 551 Landmarschall,
1646 493 1706 553 von

1336 548 1520 608 angeführt
1543 550 1564 610 in
1597 551 1640 611 die
1673 549 1771 609 große
1793 548 1923 608 Kirche.

1992 555 2071 615 Sr.
2091 555 2226 615 Königl.
2252 554 2350 614 Maj.

1336 598 1470 658 erhoben
1504 598 1552 658 sich
1580 598 1715 658 zugleich
1748 596 1775 656 in
1808 598 1861 658 der
1889 600 2127 660 gewöhnlichen
2155 604 2344 664 Procession

1337 649 1450 709 dahin,
1473 650 1535 710 und
1564 649 1615 709 der
1633 646 1769 706 Bischof
1786 646 1837 706 D.
1849 649 2019 709 Serenius
2048 655 2127 715 hielt
2151 655 2195 715 die
2213 655 2349 715 Reichs=

1335 697 1546 757 tagspredigt
1568 697 1643 757 über
1666 697 1763 757 Spr.
1785 694 1878 754 Sal.
1894 697 1953 757 14.
1976 700 2007 760 v.
2030 706 2089 766 34.
2144 703 2236 763 Nach
2264 703 2355 763 geen=

1336 748 1441 808 digtem
1481 748 1714 808 Gottesdienst
1743 745 1881 805 begaben
1915 746 1965 806 sich
1994 749 2082 809 Ihro
2111 751 2210 811 Maj.
2234 752 2355 812 wieder

1342 795 1364 855 in
1398 797 1452 857 das
1475 795 1602 855 Schloß
1630 795 1757 855 zurück.
1830 794 1901 854 Die
1924 796 2061 856 Stände
2084 797 2200 857 gingen
2234 801 2255 861 in
2295 801 2344 861 den

1342 844 1558 904 Reichssaal,
1592 843 1742 903 woselbst
1770 843 1819 903 der
1848 846 2042 906 Reichsrath
2071 846 2164 906 Graf
2187 849 2353 909 Eckebladt

1339 894 1362 954 in
1397 894 1466 954 Sr.
1484 890 1588 950 Maj.
1606 891 1734 951 Namen
1775 894 1832 954 und
1868 896 1891 956 in
1926 899 2018 959 Dero
2043 900 2257 960 Gegenwart
2281 900 2350 960 eine

1345 941 1435 1001 Rede
1459 939 1492 999 an
1521 939 1565 999 die
1589 939 1723 999 Stände
1747 942 1859 1002 hielte.

1487 987 1606 1047 Jstadt
1635 988 1663 1048 in
1703 995 1912 1055 Schweden,
1942 1000 1998 1060 vom
2049 998 2112 1058 19.
2141 1001 2230 1061 Jan.

1393 1034 1467 1094 Die
1491 1037 1617 1097 Fischer
1641 1039 1663 1099 in
1693 1043 1918 1103 Sandhusen,
1948 1049 2016 1109 eine
2041 1049 2132 1109 halbe
2162 1052 2265 1112 Meile
2289 1049 2340 1109 von

1349 1086 1481 1146 hiesiger
1504 1088 1631 1148 Stadt,
1655 1093 1753 1153 haben
1788 1097 1845 1157 vor
1863 1097 1990 1157 einigen
2025 1102 2134 1162 Tagen
2164 1100 2221 1160 mit
2239 1099 2342 1159 dreyen

1348 1136 1403 1196 von
1437 1133 1525 1193 ihren
1553 1142 1797 1202 Fischerböten,
1826 1146 1908 1206 einen
1937 1150 2125 1210 lebendigen
2159 1150 2269 1210 Hirsch
2292 1145 2352 1205 aus

1346 1185 1399 1245 der
1427 1184 1503 1244 See
1536 1190 1736 1250 aufgehoben
1770 1193 1829 1253 und
1867 1196 1905 1256 an
1944 1196 2024 1256 Land
2058 1198 2225 1258 gebracht.
2275 1196 2356 1256 Wie

1351 1235 1417 1295 man
1449 1237 1649 1297 vermuthet,
1675 1238 1700 1298 so
1727 1240 1762 1300 ist
1783 1242 1917 1302 derselbe
1943 1240 2102 1300 entweder
2129 1242 2185 1302 von
2211 1243 2344 1303 Hunden

1345 1288 1366 1348 in
1398 1288 1472 1348 See
1494 1289 1605 1349 gejagt
1622 1291 1781 1351 worden,
1808 1294 1877 1354 oder
1904 1294 1973 1354 auch
2005 1294 2058 1354 von
2091 1292 2265 1352 Bornholm
2314 1290 2367 1350 ge¬

1348 1341 1521 1401 kommen,
1538 1341 1586 1401 wo
1620 1343 1652 1403 er
1685 1345 1847 1405 vielleicht
1876 1347 1995 1407 endlich
2033 1345 2098 1405 mit
2126 1344 2207 1404 einem
2251 1342 2359 1402 Stück

1349 1393 1402 1453 Eis
1433 1393 1635 1453 abgetrieben
1666 1398 1731 1458 seyn
1762 1399 1868 1459 kann,
1893 1399 1940 1459 bis
1965 1399 1994 1459 er
2024 1399 2083 1459 von
2108 1396 2280 1456 demselben
2317 1393 2370 1453 ab=

1346 1446 1530 1506 gekommen
1563 1444 1620 1504 ist.

1611 1494 1821 1554 Danzig,
1846 1497 1901 1557 den
1933 1497 1976 1557 6.
2001 1497 2100 1557 Febr,

1394 1539 1532 1599 Gestern
1560 1539 1609 1599 des
1638 1542 1770 1602 Abends
1799 1542 1943 1602 zwischen
1971 1544 1981 1604 8
2015 1546 2076 1606 und
2098 1548 2109 1608 9
2138 1547 2204 1607 Uhr
2226 1545 2364 1605 bemerk=

1342 1587 1385 1647 ten
1424 1584 1486 1644 wir
1521 1585 1578 1645 bey
1612 1587 1674 1647 uns
1713 1587 1780 1647 eine
1815 1591 2021 1651 angenehme
2060 1595 2363 1655 Lufterscheinung.

1353 1631 1422 1691 Wir
1448 1634 1538 1694 sahen
1564 1634 1699 1694 nämlich
1735 1633 1784 1693 bey
1820 1636 1875 1696 dem
1915 1637 2046 1697 Monde
2081 1640 2206 1700 zweene
2227 1640 2362 1700 Neben¬

1349 1682 1496 1742 monde,
1516 1682 1618 1742 davon
1653 1681 1707 1741 der
1737 1682 1805 1742 eine
1830 1685 1928 1745 gegen
1963 1685 2164 1745 Süd=Ost,
2189 1688 2242 1748 der
2262 1688 2360 1748 andre

1348 1730 1417 1790 aber
1438 1730 1534 1790 gegen
1561 1730 1700 1790 Norden
1727 1731 1833 1791 stand.
1898 1733 2057 1793 Dieselbe
2079 1734 2185 1794 waren
2212 1736 2239 1796 in
2272 1736 2356 1796 einen

1354 1781 1469 1841 großen
1503 1781 1612 1841 Zirkel
1641 1781 1712 1841 oder
1746 1781 1960 1841 sogenannten
2000 1787 2071 1847 Hof
2104 1787 2363 1847 eingeschlossen,

1351 1829 1399 1889 der
1427 1831 1486 1891 mit
1508 1834 1736 1894 Regenfarben
1763 1835 1887 1895 spielte.
1942 1837 2012 1897 Die
2034 1839 2278 1899 Nebenmonde
2306 1837 2375 1897 ver¬

1355 1884 1534 1944 schwanden
1564 1885 1633 1945 nach
1663 1885 1673 1945 9
1703 1888 1796 1948 Uhr;
1825 1890 1876 1950 der
1900 1891 2109 1951 Zirkelbogen
2138 1891 2208 1951 war
2237 1891 2289 1951 bis
2318 1891 2369 1951 ge¬

1349 1941 1403 2001 gen
1437 1937 1475 1997 11
1503 1939 1568 1999 Uhr
1591 1941 1618 2001 zu
1652 1939 1833 1999 bemerken,
1850 1939 1877 1999 da
1906 1939 1938 1999 er
1961 1939 2010 1999 sich
2038 1942 2214 2002 allmählich
2242 1939 2269 1999 zu
2303 1938 2368 1998 ver¬

1348 1990 1445 2050 lieren
1489 1990 1618 2050 anfing.
1678 1987 1780 2047 Weil
1813 1990 1894 2050 diese
1927 1990 2023 2050 ganze
2056 1990 2277 2050 Erscheinung
2316 1990 2358 2050 ein

1353 2037 1534 2097 offenbarer
1560 2036 1701 2096 Beweis
1727 2034 1782 2094 von
1813 2034 1914 2094 vielen
1940 2034 1964 2094 in
1995 2034 2046 2094 der
2066 2037 2136 2097 Luft
2157 2039 2364 2099 verhandnen

1353 2088 1532 2148 wassrigten
1564 2081 1711 2141 Dünsten
1738 2082 1800 2142 ist,
1827 2082 1853 2142 so
1880 2082 2064 2142 vermuthet
2091 2085 2159 2145 man
2186 2085 2280 2145 daher
2307 2085 2369 2145 Re=

1353 2137 1407 2197 gen
1434 2133 1509 2193 oder
1532 2130 1682 2190 Schnee,
1710 2129 1839 2189 welchen
1866 2130 1979 2190 Erfolg
2007 2130 2065 2190 wir
2088 2133 2114 2193 in
2147 2133 2238 2193 diesem
2277 2133 2373 2193 Win¬

1352 2181 1427 2241 ter,
1449 2180 1481 2240 da
1520 2178 1600 2238 schon
1639 2178 1822 2238 mehrmals
1855 2181 1898 2241 ein
1931 2181 2044 2241 Zirkel
2066 2182 2104 2242 um
2153 2182 2207 2242 den
2240 2182 2374 2242 Mond,

1353 2229 1512 2289 wiewohl
1549 2229 1632 2289 ohne
1674 2230 1942 2290 Nebenmonden
1989 2233 2181 2293 beobachtet
2223 2234 2377 2294 worden,

1359 2279 1449 2339 durch
1478 2279 1529 2339 die
1552 2279 1744 2339 Erfahrung
1768 2282 1937 2342 bestätiget
1961 2285 2114 2345 gefunden
2148 2285 2266 2345 haben.

1367 2382 1698 2442 Wechsel-Cours
1725 2384 1737 2444 &
1788 2387 1947 2447 Species
1973 2390 2011 2450 d.
2031 2393 2094 2453 21.
2114 2392 2228 2452 Febr.
2248 2393 2368 2453 1765.

1362 2437 1547 2497 Amsterdam
1584 2437 1621 2497 41
1647 2437 1726 2497 Tage
1751 2440 1807 2500 312
1832 2443 1881 2503 gr.

1975 2439 2014 2499 71
2035 2446 2121 2506 Tage
2142 2446 2274 2506 310gr,

1360 2490 1534 2550 Hamburg
1568 2488 1581 2548 3
1609 2488 1662 2548 W.
1677 2495 1817 2555 1344gr

1955 2494 1967 2554 6
2000 2492 2058 2552 W.
2077 2499 2212 2559 134gr.

1362 2538 1458 2598 Berlin
1490 2539 1501 2599 1
1533 2538 1581 2598 pr.
1600 2539 1679 2599 Cto.

1877 2545 2020 2605 Dantzig
2061 2546 2095 2606 25
2130 2545 2176 2605 pr.
2193 2545 2268 2605 Cto.

1367 2588 1506 2648 Ducaten
1529 2590 1606 2650 neue
1624 2590 1634 2650 9
1663 2592 1690 2652 fl.
1708 2594 1718 2654 5
1736 2596 1791 2656 gr.

1927 2593 2058 2653 Alberts
2075 2593 2168 2653 Taler
2190 2595 2283 2655 129½/
2301 2596 2349 2656 gr.

1368 2641 1476 2701 Rubel
1501 2642 1561 2702 115
1586 2643 1640 2703 gr.

1856 2643 1906 2703 Alt
1920 2643 2060 2703 Poluisch
2086 2643 2157 2703 Geld
2183 2643 2214 2703 13
2234 2643 2285 2703 pr.
2298 2643 2374 2703 Cto.

1368 2691 1435 2751 Alte
1458 2694 1503 2754 72
1526 2696 1542 2756 5
1564 2691 1615 2751 pr.
1632 2691 1710 2751 Cto.

1367 2789 1459 2849 Diese
1483 2787 1621 2847 Gelehrte
1640 2787 1697 2847 und
1720 2787 1882 2847 Politische
1906 2784 2028 2844 Zeitung
2057 2781 2126 2841 wird
2150 2783 2196 2843 des
2226 2790 2375 2850 Montag=

1475 2830 1529 2890 und
1554 2832 1703 2892 Freytags
1723 2830 1926 2890 Vormittags
1952 2826 1986 2886 um
2021 2823 2050 2883 10
2081 2826 2139 2886 Uhr
2160 2826 2180 2886 in
2205 2829 2254 2889 dem

1550 2876 1749 2936 Kanterschen
1775 2873 1954 2933 Buchladen
1985 2870 2194 2930 ausgegeben.
