2479 3508
367 339 641 399 Begeisterung
681 339 743 399 für
775 339 829 399 die
870 347 1097 407 Wahrheit.

226 562 342 622 Dich
375 566 436 626 such
468 566 537 626 ich,
562 569 771 629 Wahrheit!
795 572 958 632 Trösterin
997 572 1027 632 im
1076 572 1199 632 Leben!

214 640 233 700 O
274 640 400 700 segne,
434 643 526 703 segne
554 643 639 703 mein
673 643 866 703 Bemühn!

227 712 280 772 Du
319 717 381 777 bist
405 718 458 778 den
497 718 651 778 Schönen
691 721 814 781 gleich,
846 718 899 778 die
924 720 1086 780 weichend
1118 721 1171 781 sich
1203 721 1232 781 er

774 789 903 849 geben,

228 863 293 923 Und
328 864 410 924 nach
436 864 493 924 sich
528 861 685 921 winken,
711 864 801 924 wenn
836 864 876 924 sie
902 864 1026 924 fliehn.

276 990 322 1050 In
370 990 519 1050 Sternen
567 987 652 1047 nicht
693 985 707 1045 —
780 987 811 1047 im
867 987 968 1047 Buch
1008 987 1070 1047 des
1110 990 1235 1050 düstern

775 1058 920 1118 Britten

230 1136 334 1196 Nicht
363 1133 453 1193 durch
489 1133 544 1193 das
580 1130 740 1190 Sehrohr
776 1133 978 1193 schimmerst
1000 1132 1062 1192 du!

228 1207 311 1267 Nur
344 1207 407 1267 wer
440 1207 491 1267 sich
524 1207 613 1267 selbst
639 1204 793 1264 studirt,
832 1207 915 1267 findt
942 1207 973 1267 in
1006 1207 1063 1267 des
1096 1210 1243 1270 Herzen¬

778 1277 914 1337 Mitten

223 1360 332 1420 Mehr
363 1359 413 1419 als
451 1357 568 1417 durchs
599 1357 768 1417 Sehrohr

855 1360 1109 1420 Seelenruh-

273 1491 348 1551 Ich
395 1489 554 1549 strauchle
594 1488 707 1548 nicht!
761 1488 859 1548 durch
898 1491 1028 1551 Wellen
1074 1489 1127 1549 der
1173 1488 1248 1548 Ge¬

781 1558 904 1618 danken

228 1631 370 1691 Gelang
400 1628 446 1688 ich
476 1628 503 1688 in
544 1628 600 1688 des
629 1628 763 1688 Hafens
792 1625 973 1685 Schooß-

224 1706 294 1766 Wo
328 1706 437 1766 meine
464 1702 626 1762 Schlüsse
653 1700 737 1760 nicht
770 1700 867 1760 durch
900 1700 1004 1760 manch
1037 1700 1238 1760 Sophisma
1278 1700 1368 1760 Nein
1415 1700 1531 1760 theure
1558 1700 1739 1760 Wahrheit
1773 1703 1843 1763 nein
1883 1703 1902 1763 —
1968 1703 2156 1763 Verschone
2183 1706 2286 1766 meine

775 1771 939 1831 wanken,

228 1852 299 1912 Wo
332 1852 403 1912 man
437 1849 516 1909 auch
541 1850 629 1910 übt,
655 1849 726 1909 was
759 1849 822 1909 man
864 1852 1031 1912 beschloß!

493 2017 684 2077 Berlin,
716 2020 770 2080 den
808 2017 851 2077 5.
876 2018 981 2078 Febr.

270 2064 399 2124 Dieser
423 2067 530 2127 Tagen
570 2067 603 2127 ist
632 2067 683 2127 der
706 2067 983 2127 Rußischkaiserl.
1012 2067 1244 2127 Generallieu¬

213 2115 345 2175 tenant,
367 2117 457 2177 Herr
479 2112 574 2172 Graf
596 2115 649 2175 von
681 2115 813 2175 Brüce,
830 2115 888 2175 aus
915 2118 1021 2178 Paris
1048 2115 1116 2175 hier
1138 2115 1244 2175 ange=
1266 2112 1536 2172 Hohenzollern,
1564 2109 1723 2169 Ruppin,
1750 2109 1803 2169 der
1824 2112 1930 2172 Mark
1958 2109 2201 2169 Ravensberg,
2223 2111 2297 2171 Ho¬

224 2163 394 2223 kommen,
421 2160 472 2220 der
493 2160 576 2220 Herr
597 2158 690 2218 Graf
716 2161 772 2221 von
804 2162 855 2222 der
882 2162 995 2222 Nath,
1022 2162 1078 2222 aus
1105 2162 1239 2222 Danzig

229 2211 424 2271 kommend,
445 2209 486 2269 ist
508 2208 574 2268 hier
600 2209 687 2269 durch
708 2208 775 2268 nach
812 2208 960 2268 Cotbus,
987 2208 1049 2268 und
1080 2210 1131 2270 der
1157 2208 1244 2268 Herr

230 2264 300 2324 Abt
327 2258 511 2318 Bastiani,
534 2255 592 2315 aus
626 2258 772 2318 Breslau
810 2258 999 2318 kommend,
1032 2258 1103 2318 nach
1141 2258 1249 2318 Pots¬

232 2315 287 2375 dam
331 2312 400 2372 hier
422 2306 681 2366 durchgereiset.

661 2354 829 2414 Octroy

231 2414 290 2474 auf
318 2411 463 2471 Dreyßig
498 2409 610 2469 Jahre
631 2407 683 2467 für
704 2405 743 2465 die
764 2405 783 2465 in
811 2405 856 2465 der
877 2405 1030 2465 Residenz
1051 2407 1169 2467 Berlin
1197 2402 1242 2462 sich

433 2458 636 2518 etablirende
658 2455 1022 2515 Assecuranzkammer.

236 2556 424 2616 Preussen,
460 2560 654 2620 Marggraf
684 2556 713 2616 zu
754 2554 1025 2614 Brandenburg,
1055 2554 1107 2614 des
1149 2551 1248 2611 Heil.
1285 2551 1431 2611 gnädigst
1455 2554 1572 2614 darauf
1597 2557 1726 2617 bedacht
1744 2560 1826 2620 sind,
1850 2560 1902 2620 der
1921 2560 2214 2620 Kaufmannschaft
2233 2559 2285 2619 alle

230 2604 419 2664 Römischen
469 2611 592 2671 Reichs
642 2605 898 2665 Erzkämmerer
943 2605 1004 2665 und
1055 2605 1238 2665 Churfürst

229 2653 435 2713 souverainer
462 2657 519 2717 und
547 2658 683 2718 oberster
705 2658 831 2718 Herzog
864 2655 921 2715 von
959 2655 1148 2715 Schlesien,
1176 2652 1244 2712 sou=
1271 2652 1456 2712 angedeyen
1488 2652 1514 2712 zu
1536 2652 1651 2712 lassen,
1668 2658 1810 2718 wodurch
1832 2658 1921 2718 deren
1943 2655 2122 2715 Handlung
2144 2655 2201 2715 mit
2212 2655 2291 2715 aus¬

234 2703 388 2763 verainer
409 2700 516 2760 Prinz
538 2704 593 2764 von
620 2709 790 2769 Oranien,
816 2706 1016 2766 Neuschatel
1032 2705 1094 2765 und
1115 2703 1248 2763 Vallen=
1275 2700 1433 2760 wärtigen
1460 2703 1604 2763 Staaten
1635 2706 1697 2766 und
1723 2707 1861 2767 Ländern
1893 2703 2088 2763 erleichtert,
2104 2706 2289 2766 vermehret

233 2754 307 2814 gin,
335 2751 394 2811 wie
421 2751 491 2811 auch
518 2751 571 2811 der
594 2757 787 2817 Grafschaft
809 2757 927 2817 Glatz,
950 2754 976 2814 in
1009 2754 1181 2814 Geldern,
1208 2754 1234 2814 zu
1278 2751 1337 2811 und
1370 2751 1612 2811 ausgebreitet,
1634 2755 1682 2815 die
1710 2757 1860 2817 entgegen
1898 2754 2048 2814 stehende
2076 2754 2285 2814 Hindernisse

230 2802 466 2862 Magdeburg,
491 2802 606 2862 Cleve,
631 2805 770 2865 Jülich,
795 2808 928 2868 Berge,
953 2805 1111 2865 Stettin,
1136 2802 1245 2862 Pom¬

228 2855 339 2915 mern,
361 2852 416 2912 der
445 2849 606 2909 Cassuben
645 2852 706 2912 und
735 2856 907 2916 Wenden,
935 2855 968 2915 zu
1002 2854 1241 2914 Mecklenbure

220 2906 279 2966 und
313 2903 438 2963 Crossen
465 2903 609 2963 Herzog,
637 2904 821 2964 Burggraf
849 2909 874 2969 zu
915 2906 1119 2966 Nürnberg,
1146 2903 1244 2963 Fürst

1310 336 1405 396 Der
1444 339 1662 399 Leidenschaft
1688 340 1873 400 verstecktes
1912 345 2072 405 Uhrwerk
2098 345 2213 405 kennen
2239 345 2251 405 -

1270 408 1350 468 Die
1378 410 1540 470 Ordnung
1582 413 1635 473 der
1662 413 1783 473 Natur
1812 414 1960 474 verstehn

1277 485 1352 545 Für
1381 485 1449 545 edle
1470 487 1691 547 Handlungen
1726 487 1794 547 voll
1816 489 1939 549 heilgem
1982 495 2064 555 Feur
2099 497 2291 557 entbrennen

1280 559 1360 619 Der
1391 562 1501 622 Kunst
1524 561 1604 621 will
1620 562 1663 622 ich
1694 563 1848 623 entgegen
1886 565 1988 625 gehn!

1320 667 1402 727 Der
1433 671 1552 731 Geist,
1583 673 1628 733 der
1659 672 1718 732 sich
1749 670 1823 730 groß
1854 671 1921 731 und
1952 676 2139 736 unsterblich
2171 682 2298 742 fühlet,

1274 739 1354 799 Den
1389 745 1637 805 Himmelsglut
1668 742 1719 802 der
1749 742 1846 802 Welt
1870 745 2031 805 entreißt,

1276 813 1375 873 Wird
1410 816 1495 876 nicht
1523 817 1615 877 durch
1649 816 1775 876 Schein
1809 816 1868 876 und
1902 819 2007 879 Spiel
2035 823 2094 883 und
2128 828 2274 888 Irrthum

1823 894 2042 954 abgekühlet,

1279 967 1346 1027 Für
1377 963 1475 1023 dich,
1499 960 1513 1020 o
1545 963 1749 1023 Wahrheit,
1773 967 1818 1027 ist
1842 969 1871 1029 er
1902 969 2023 1029 Geist!

1325 1070 1549 1130 Vertheidgen
1590 1070 1681 1130 dich?
1716 1073 1728 1133 —
1788 1078 1840 1138 Ja
1874 1082 1933 1142 auf
1960 1084 2012 1144 dem
2052 1087 2276 1147 Blutgerüste

1278 1142 1355 1202 Der
1388 1145 1511 1205 heilgen
1544 1148 1757 1208 Inquisition

1280 1223 1349 1283 Ich
1381 1219 1499 1279 schwör
1525 1219 1581 1279 es,
1600 1222 1807 1282 Wahrheit!
1833 1224 1901 1284 dir,
1927 1228 2014 1288 wenn
2052 1226 2089 1286 ich
2127 1229 2196 1289 auch
2228 1231 2302 1291 ster¬

1819 1297 1883 1357 ben
1920 1297 2032 1357 müßte
2062 1295 2078 1355 -

1281 1375 1361 1435 Sey
1391 1377 1456 1437 dies
1494 1375 1545 1435 die
1568 1377 1699 1437 Pflicht
1723 1378 1788 1438 und
1818 1377 1884 1437 dies
1921 1378 1972 1438 der
2002 1378 2112 1438 Lohn!

1324 1488 1417 1548 Doch
1451 1485 1530 1545 ach!
1557 1488 1576 1548 —
1650 1491 1716 1551 was
1750 1489 1836 1549 ists,
1864 1491 1923 1551 das
1950 1491 1996 1551 ich
2037 1492 2089 1552 dir
2123 1494 2196 1554 hier
2223 1491 2296 1551 ver¬

1818 1560 1980 1620 spreche?

1276 1626 1315 1686 Zu
1355 1626 1473 1686 sterben
1507 1625 1565 1685 auf
1599 1625 1652 1685 dem
1698 1628 1928 1688 Blutgerüst?
1955 1623 1968 1683 -

1821 1778 2036 1838 Schwäche,

1281 1848 1354 1908 Bis
1387 1852 1452 1912 mir
1477 1852 1550 1912 dein
1583 1852 1664 1912 Reiz
1698 1854 1835 1914 gewisser
1870 1855 1925 1915 ist!

1268 2022 1297 2082 zu
1334 2020 1559 2080 Halberstadt,
1583 2017 1756 2077 Minden,
1780 2017 1922 2077 Camin,
1947 2017 2119 2077 Wenden,
2149 2017 2297 2077 Schwe¬

1269 2065 1348 2125 rin,
1375 2065 1582 2125 Ratzeburg,
1603 2064 1832 2124 Ostfriesland
1869 2064 1932 2124 und
1965 2064 2092 2124 Mörs,
2129 2063 2224 2123 Graf
2257 2067 2283 2127 zu

1278 2158 1439 2218 henstein,
1467 2157 1704 2217 Tecklenburg,
1731 2160 1930 2220 Schwerin,
1963 2160 2108 2220 Lingen,
2136 2160 2281 2220 Bühren

1272 2206 1335 2266 und
1368 2205 1542 2265 Lehrdam,
1570 2208 1659 2268 Herr
1692 2208 1717 2268 zu
1755 2211 1983 2271 Ravenstein,
2011 2210 2058 2270 der
2085 2208 2190 2268 Lande
2223 2210 2297 2270 Ro¬

1280 2255 1371 2315 stock,
1399 2255 1598 2315 Stargard,
1626 2255 1847 2315 Lauenburg,
1886 2257 2037 2317 Bütow,
2075 2259 2177 2319 Arlay
2221 2261 2280 2321 und

1273 2300 1391 2360 Breda
1419 2303 1462 2363 rc.
1478 2305 1521 2365 rc.
1549 2303 1625 2363 thun
1647 2306 1722 2366 kund
1755 2309 1814 2369 und
1842 2309 1933 2369 fügen
1962 2309 2080 2369 hiemit
2102 2310 2129 2370 zu
2157 2309 2291 2369 wissen:

1267 2354 1420 2414 demnach
1448 2348 1524 2408 Wir
1552 2353 1606 2413 von
1640 2355 1771 2415 Anfang
1794 2357 1925 2417 unserer
1948 2360 2139 2420 Regierung
2173 2363 2211 2423 an
2244 2360 2298 2420 be¬

1275 2402 1399 2462 ständig
1428 2403 1478 2463 für
1502 2402 1546 2462 die
1570 2405 1774 2465 Wohlfahrt
1792 2410 1933 2470 Unserer
1962 2414 2212 2474 Unterthanen,
2241 2414 2296 2474 in¬

1274 2452 1459 2512 sonderheit
1481 2449 1533 2509 vor
1555 2453 1602 2513 den
1629 2455 1830 2515 Wachsthum
1868 2461 1952 2521 derer
1969 2461 2211 2521 Commercien,
2233 2461 2286 2521 auf

282 2506 363 2566 Wir
389 2510 633 2570 Friedrich,
652 2506 714 2566 von
740 2503 864 2563 Gottes
890 2506 1034 2566 Gnaden
1066 2503 1178 2563 König
1210 2500 1240 2560 in
1286 2503 1341 2563 das
1361 2503 1680 2563 landesväterlichste
1700 2509 1843 2569 gesorget
1862 2512 1987 2572 haben,
2013 2512 2081 2572 auch
2107 2511 2175 2571 noch
2201 2509 2275 2569 aller

1274 2602 1334 2662 nur
1370 2602 1521 2662 mögliche
1552 2606 1877 2666 Bequemlichkeiten
1908 2608 1968 2668 und
1994 2607 2287 2667 Encouragemens

1272 2799 1347 2859 aber
1377 2801 1438 2861 aus
1474 2802 1529 2862 dem
1570 2805 1670 2865 Wege
1701 2806 1878 2866 geraumet
1898 2802 2019 2862 werden
2050 2802 2196 2862 mögen:
2222 2808 2282 2868 und

1267 2848 1344 2908 Wir
1373 2852 1455 2912 dann
1495 2852 1595 2912 haben
1634 2855 1868 2915 wahrnehmen
1902 2850 2046 2910 müssen,
2069 2852 2124 2912 daß
2164 2855 2279 2915 Unsere

1274 2900 1541 2960 commercirende
1567 2909 1789 2969 Unterthanen
1820 2904 1949 2964 bishero
1976 2903 2047 2963 noch
2073 2906 2160 2966 nicht
2176 2906 2289 2966 inner=

2198 2960 2281 3020 halb
