2479 3508
602 1656 720 1716 12tes
755 1661 898 1721 Stück.
959 1664 1162 1724 Montag,
1197 1667 1256 1727 den
1308 1670 1383 1730 11.
1411 1669 1605 1729 Februar,
1640 1672 1783 1732 1765.

517 1736 822 1796 Magdeburg.

173 1837 468 1897 gekommen:
495 1833 595 1893 "Der
617 1842 896 1902 liebenswürdige
918 1846 1071 1906 Mensch,
1098 1846 1171 1906 oder

157 1872 230 1932 "die
259 1885 361 1945 Kunst
384 1882 434 1942 sich
463 1884 514 1944 den
543 1887 650 1947 Leuten
680 1888 844 1948 angenehm
884 1890 945 1950 und
980 1894 1110 1954 gefällig
1134 1893 1161 1953 zu

155 1929 331 1989 machen.
407 1928 487 1988 Der
508 1931 649 1991 deutsche
669 1934 865 1994 Uebersetzer
897 1939 1048 1999 verlangt
1068 1940 1163 2000 nichte

151 1981 296 2041 weiter,
324 1978 372 2038 als
394 1978 496 2038 wegen
529 1984 620 2044 seiner
653 1984 744 2044 guten
772 1984 879 2044 Wahl
902 1987 1020 2047 einigen
1053 1987 1171 2047 Dank,

155 2031 217 2091 und
238 2028 326 2088 wenn
357 2027 414 2087 wir
440 2028 486 2088 ihm
534 2031 694 2091 denselben
731 2031 782 2091 vor
814 2033 855 2093 ein
892 2034 917 2094 so
944 2034 1062 2094 kleines
1094 2034 1166 2094 Sy¬

148 2079 297 2139 stemchen
342 2078 413 2138 auch
453 2082 542 2142 nicht
565 2084 725 2144 öffentlich
759 2085 914 2145 abstatten
954 2085 1092 2145 wollen:

151 2130 269 2190 würde
297 2127 345 2187 ihn
378 2129 448 2189 doch
481 2129 540 2189 das
573 2135 795 2195 Publikum,
828 2137 957 2197 welches
990 2136 1082 2196 durch
1115 2139 1157 2199 sei

146 2181 201 2241 nen
230 2177 369 2237 Beyfall
397 2176 480 2236 schon
515 2178 564 2238 die
593 2181 693 2241 dritte
722 2187 861 2247 Auflage
889 2190 1039 2250 desselben
1073 2190 1168 2250 noth¬

151 2231 278 2291 wendig
306 2228 472 2288 gemacht,
495 2229 638 2289 darüber
667 2234 805 2294 schadlos
839 2237 966 2297 halten.
1017 2239 1071 2299 Ob
1105 2239 1160 2299 wir

153 2281 244 2341 gleich
288 2277 429 2337 gestehen
467 2274 613 2334 müssen,
651 2279 706 2339 daß
743 2283 792 2343 der
823 2288 1019 2348 Uebersetzer
1057 2288 1161 2348 einige
1199 2288 1493 2348 allerliebsten
1531 2285 1752 2345 Geschlechtes
1777 2282 1807 2342 zu
1832 2279 1997 2339 arbeiten.
2054 2279 2133 2339 Die
2158 2282 2207 2342 ge¬

155 2330 287 2390 Stellen
319 2327 419 2387 etwas
440 2324 582 2384 weniger
609 2327 693 2387 hätte
720 2336 984 2396 vernachläßigen
1021 2336 1168 2396 können:

155 2380 181 2440 so
208 2378 329 2438 werden
361 2375 418 2435 wir
440 2375 487 2435 ihm
530 2376 662 2436 dennoch
694 2381 815 2441 allezeit
847 2387 915 2447 eine
937 2387 1158 2447 Verbeugung

153 2426 250 2486 dafür
283 2424 440 2484 machen,
473 2423 527 2483 daß
560 2426 592 2486 er
620 2426 722 2486 diesen
766 2434 891 2494 artigen
930 2436 1157 2496 französischen

146 2474 477 2534 Missionarius
509 2473 622 2533 unsern
649 2477 863 2537 Landsleuten
895 2485 1082 2545 zugedacht,
1099 2485 1162 2545 und

148 2527 275 2587 hoffen,
292 2524 347 2584 daß
376 2524 476 2584 dieser
499 2521 587 2581 durch
616 2524 716 2584 seine,
733 2527 788 2587 auf
806 2530 872 2590 eine
895 2532 1017 2592 genaue
1040 2533 1168 2593 Kennt¬

141 2578 194 2638 niß
225 2578 272 2638 des
297 2575 446 2635 Herzens
476 2572 535 2632 und
561 2572 614 2632 der
638 2572 758 2632 Sitten
782 2579 985 2639 gegründete
1010 2584 1170 2644 Bekeh¬

146 2629 472 2689 rungsmittel,
497 2623 644 2683 manchen
675 2623 781 2683 steifen
811 2627 900 2687 Stax
925 2634 983 2694 und
1008 2635 1155 2695 manchen

153 2679 309 2739 geputzten
348 2676 466 2736 Gecken
499 2672 787 2732 herumholen
819 2679 983 2739 werde.
1034 2682 1158 2742 Unsere

142 2730 326 2790 Leserinnen
358 2726 479 2786 können
505 2721 606 2781 diesen
638 2724 937 2784 liebenswürdigen
969 2730 1141 2790 Menschen

148 2778 203 2838 der
235 2778 290 2838 bey
328 2778 383 2838 den
421 2774 594 2834 Männern
632 2775 842 2835 vermuthlich
880 2777 936 2837 zum
986 2784 1159 2844 Märtirer

148 2829 280 2889 würde,
308 2828 370 2888 auf
392 2828 488 2888 unser
510 2826 607 2886 Wort
628 2824 719 2884 sicher
747 2827 774 2887 in
810 2829 879 2889 ihre
907 2833 1053 2893 gnädige
1074 2833 1164 2893 Pro=

1202 1745 1318 1805 tektion
1356 1746 1516 1806 nehmen.
1566 1745 1608 1805 Er
1640 1745 1719 1805 wird
1751 1743 1837 1803 ihrer
1862 1745 2003 1805 Toilette
2028 1745 2164 1805 allemal
2189 1740 2213 1800 so

161 1790 267 1850 Huf
281 1792 293 1852 4
327 1790 433 1850 Bogen
468 1786 494 1846 in
521 1787 580 1847 8vo
601 1793 640 1853 ist
660 1793 686 1853 in
714 1795 866 1855 Hechtels
887 1797 1013 1857 Verlag
1033 1801 1173 1861 heraus=
1207 1796 1279 1856 viel
1293 1796 1386 1856 Ehre
1414 1796 1566 1856 machen,
1593 1796 1639 1856 als
1673 1796 1719 1856 ein
1753 1795 1899 1855 Schäfer
1933 1793 1986 1853 von
2020 1796 2205 1856 Porcellain

1200 1843 1291 1903 ihrer
1313 1843 1546 1903 Haarblume;
1573 1843 1648 1903 denn
1681 1840 1735 1900 sein
1762 1842 1930 1902 Verfasser
1952 1843 2124 1903 verlangt,
2152 1845 2206 1905 daß

1197 1888 1229 1948 er
1251 1891 1386 1951 zugleich
1414 1890 1457 1950 ein
1490 1891 1636 1951 artiger,
1664 1890 1842 1950 höflicher,
1865 1888 2022 1948 gesitteter
2049 1889 2114 1949 und
2142 1891 2212 1951 ga¬

1195 1939 1345 1999 lanter
1378 1937 1507 1997 Mensch
1541 1938 1605 1998 seyn
1633 1936 1708 1996 soll,
1736 1937 1794 1997 und
1822 1936 1892 1996 was
1915 1936 2027 1996 wollen
2055 1936 2092 1996 sie
2120 1937 2211 1997 wohl

1196 1987 1307 2047 mehr.
1356 1987 1552 2047 Hiernächst
1579 1984 1679 2044 stehen
1717 1984 1774 2044 wir
1802 1984 1929 2044 davor,
1956 1982 2013 2042 daß
2046 1982 2098 2042 der
2126 1985 2215 2045 Ver¬

1197 2031 1288 2091 fasser
1316 2033 1385 2093 nach
1413 2031 1461 2091 der
1483 2033 1563 2093 sonst
1586 2031 1817 2091 gewöhnlichen
1850 2028 2017 2088 verhaßten
2045 2031 2212 2091 Männer¬

1196 2084 1308 2144 weise,
1338 2083 1548 2143 ohngeachtet
1577 2079 1605 2139 er
1634 2079 1679 2139 die
1714 2081 1793 2141 beste
1817 2079 2038 2139 Gelegenheit
2067 2080 2089 2140 in
2119 2083 2209 2143 Hän¬

1197 2136 1246 2196 den
1286 2136 1363 2196 hat,
1409 2133 1463 2193 das
1497 2131 1770 2191 Frauenzimmer
1798 2130 1864 2190 doch
1904 2128 1987 2188 nicht
2009 2130 2070 2190 mit
2104 2133 2187 2193 einem

1200 2186 1358 2246 Wörtgen
1387 2184 1545 2244 angreift,
1569 2184 1642 2244 oder
1665 2183 1716 2243 sich
1745 2184 1863 2244 einmal
1887 2181 2028 2241 einfallen
2057 2184 2141 2244 läßt,
2164 2186 2197 2246 an

1200 2237 1251 2297 der
1291 2236 1635 2296 Liebenswürdigkeit
1670 2234 1771 2294 dieses
1811 2231 1895 2291 schon
1941 2232 2014 2292 von
2060 2234 2206 2294 Natur

1195 2336 1332 2396 schickten
1366 2336 1487 2396 Hände
1521 2335 1571 2395 der
1594 2333 1749 2393 Schönen
1788 2330 1910 2390 werden
1944 2330 2004 2390 nur
2038 2330 2082 2390 die
2110 2330 2203 2390 halbe

1197 2387 1315 2447 Arbeit
1339 2384 1468 2444 haben,
1502 2384 1561 2444 aus
1594 2384 1643 2444 dem
1693 2381 1992 2441 liebenswürdigen
2030 2378 2198 2438 Menschen

1194 2435 1236 2495 ein
1274 2435 1353 2495 recht
1385 2435 1650 2495 unterhaltendes
1688 2429 1947 2489 Spielzeugchen
1985 2426 2016 2486 zu
2054 2426 2207 2486 machen,

1197 2483 1391 2543 vermittelst
1414 2485 1500 2545 dessen
1533 2482 1565 2542 sie
1593 2483 1614 2543 in
1647 2482 1695 2542 der
1717 2479 1950 2539 gewöhnlichen
1983 2473 2091 2533 Muße
2113 2476 2199 2536 ihrer

1195 2530 1467 2590 Morgenstunde
1490 2532 1528 2592 ein
1556 2530 1717 2590 Weilchen
1756 2527 1867 2587 länger
1896 2523 1923 2583 in
1957 2521 2040 2581 ihrer
2068 2526 2200 2586 Salope

1195 2581 1261 2641 mit
1284 2581 1477 2641 Vergnügen
1505 2582 1709 2642 wollüstlen,
1732 2575 1792 2635 und
1820 2572 1864 2632 die
1887 2570 2041 2630 Männer
2064 2575 2118 2635 aus
2152 2575 2201 2635 der

1192 2632 1347 2692 gestrigen
1377 2629 1585 2689 Gesellschaft
1603 2628 1746 2688 taxiren,
1776 2623 1833 2683 und
1857 2621 1903 2681 ein
1933 2623 2053 2683 bischen
2083 2626 2192 2686 lästern

1193 2682 1334 2742 können.
1382 2679 1458 2739 Bey
1483 2678 1577 2738 ihnen
1607 2675 1742 2735 möchten
1772 2670 1831 2730 wir
1849 2670 1908 2730 also
1938 2672 2032 2732 wohl
2056 2676 2109 2736 bey
2133 2676 2203 2736 Zeie

1190 2731 1240 2791 ten
1269 2728 1421 2788 anfragen
1450 2727 1591 2787 müssen,
1620 2724 1682 2784 wie
1706 2724 1733 2784 es
1762 2722 1824 2782 mit
1847 2724 1897 2784 der
1921 2724 2084 2784 künftigen
2119 2727 2203 2787 vier¬

1194 2781 1244 2841 ten
1270 2778 1407 2838 Auflage
1427 2775 1570 2835 gehalten
1596 2772 1721 2832 werden
1747 2772 1815 2832 soll.
1891 2777 2010 2837 Kostet
2036 2775 2060 2835 in
2092 2775 2204 2835 vorbe=

1197 2831 1328 2891 meldten
1361 2826 1567 2886 Kanterschen
1593 2826 1900 2886 Buchhandlungen
1926 2826 1938 2886 9
1964 2829 2020 2889 gr.

2140 2924 2214 2984 Be=
