2479 3508
222 312 488 372 Handelsstadt,
522 312 622 372 worin
661 312 711 372 die
739 312 861 372 Preise
895 312 983 372 derer
1011 312 1239 372 Lebensmitte

230 366 283 426 des
311 363 516 423 funfzehnten
560 363 619 423 und
652 363 869 423 sechszehnten
902 360 1162 420 Jahrhunderts
1200 359 1259 419 an¬

230 413 374 473 gemerkt
391 413 480 473 sind,
508 413 563 473 so,
586 411 640 471 daß
669 413 741 473 man
769 410 818 470 sich
847 412 896 472 bey
924 410 1168 470 Vergleichung
1197 410 1257 470 mit

233 461 346 521 unsern
372 461 474 521 Zeiten
506 461 686 521 unmöglich
712 461 763 521 des
789 461 928 521 Lachens
959 461 1124 521 enthalten
1155 461 1258 521 kann.

230 511 385 571 Damals
407 509 524 569 schickte
552 512 590 572 ein
624 514 730 574 König
769 509 824 569 von
853 512 985 572 Pohlen
1019 511 1119 571 seinen
1153 509 1263 569 Prin¬

234 561 288 621 zen
316 561 377 621 auf
399 563 542 623 Reisen,
571 563 631 623 und
654 563 709 623 gab
737 562 792 622 ihm
831 560 891 620 100
926 563 1030 623 Mark
1053 560 1129 620 mit.
1174 554 1257 614 Der

238 612 315 672 gute
336 611 444 671 Prinz
465 611 588 671 brachte
620 610 691 670 noch
723 610 759 670 20
790 610 888 670 davon
924 610 1042 670 wieder
1074 609 1104 669 zu
1131 607 1259 667 Hause.

239 661 307 721 Und
336 658 358 718 in
392 661 442 721 den
471 662 584 722 kleinen
618 660 782 720 Schriften
816 661 867 721 des
896 661 991 721 Hrn.
1014 661 1048 721 v.
1065 661 1166 721 Loen
1201 656 1262 716 fin¬

245 713 293 773 det
315 712 380 772 man
413 712 559 772 ähnliche
581 712 776 772 Beyspiele.

289 763 354 823 Ich
379 763 500 823 fürchte
531 760 590 820 fast
615 760 644 820 in
676 760 730 820 den
761 762 875 822 Fehler
906 757 996 817 eines
1027 754 1256 814 Wahrsagers

235 818 267 878 zu
300 812 425 872 fallen,
453 813 540 873 wenn
579 810 622 870 ich
655 810 725 870 noch
759 808 922 868 anführen
961 807 1096 867 wollte,
1125 805 1179 865 daß
1212 802 1260 862 die

238 861 402 921 nunmehr
429 861 599 921 allgemein
631 861 817 921 herschende
839 858 1040 918 Viehseuche
1062 855 1119 915 von
1157 855 1241 915 einem

242 912 384 972 heimlich
411 912 627 972 ansteckenden
660 909 818 969 Miasma
851 908 903 968 der
925 909 1009 969 Erde
1036 903 1194 963 herrühre
1210 898 1226 958 ¬

240 953 291 1013 Da
323 962 421 1022 unsre
448 962 556 1022 Väter
583 960 781 1020 dergleichen
818 958 889 1018 kaum
943 959 1004 1019 alle
1031 956 1072 1016 30
1109 956 1181 1016 oder
1213 954 1249 1014 40

252 1011 358 1071 Jahre
387 1011 584 1071 bemerken,
613 1010 640 1070 so
669 1010 815 1070 schleicht
838 1009 900 1069 das
923 1007 1024 1067 Uebel
1053 1004 1120 1064 jetzt
1148 1003 1210 1063 alle
1233 1001 1249 1061 8

240 1061 310 1121 oder
338 1064 348 1124 4
382 1061 490 1121 Jahre
513 1061 649 1121 herum.
677 1059 747 1119 Und
775 1058 807 1118 ob
836 1058 916 1118 nicht
939 1057 982 1117 die
1010 1053 1124 1113 Aerzte
1152 1052 1173 1112 in
1207 1049 1255 1109 den

237 1112 398 1172 Naturen
426 1109 479 1169 der
501 1109 673 1169 Menschen
701 1109 770 1169 eben
803 1106 830 1166 so
852 1106 932 1166 viele
955 1100 1251 1160 Metamorphosen

236 1160 507 1220 wahrnehmen,
533 1157 593 1217 und
629 1157 659 1217 zu
690 1157 785 1217 neuen
821 1154 1042 1214 Krankheiten
1078 1151 1158 1211 neue
1189 1147 1264 1207 Na¬

244 1206 314 1266 men
350 1207 456 1267 suchen
492 1205 638 1265 müssen,
669 1204 786 1264 gehört
816 1204 869 1264 für
893 1204 945 1264 ihr
975 1201 1163 1261 Tribunal,
1205 1197 1240 1257 um

240 1255 274 1315 es
305 1255 335 1315 zu
361 1252 580 1312 entscheiden.

291 1300 377 1360 Was
405 1302 458 1362 das
480 1297 686 1357 Wachsthum
736 1297 785 1357 des
812 1297 1018 1357 moralischen
1052 1294 1257 1354 Verderbens

247 1354 342 1414 unter
371 1351 422 1411 den
462 1351 637 1411 Menschen
672 1350 808 1410 betrift:
831 1348 859 1408 so
893 1350 961 1410 mag
995 1351 1068 1411 ich,
1092 1348 1148 1408 zur
1177 1347 1261 1407 Ehre

244 1403 300 1463 der
323 1404 532 1464 Menschheit
561 1403 646 1463 nicht
675 1402 885 1462 bestimmen,
919 1402 1049 1462 welchen
1084 1399 1174 1459 Grad
1209 1399 1259 1459 der

243 1455 384 1515 Wärme
418 1457 491 1517 oder
526 1456 621 1516 Kälte
650 1455 706 1515 auf
735 1455 785 1515 den
814 1454 1067 1514 Wettergläsern
1107 1449 1158 1509 der
1181 1449 1259 1509 Sit¬

236 1509 400 1569 tenlehrer
427 1509 453 1569 es
480 1506 565 1566 schon
592 1506 745 1566 bestiegen
778 1506 873 1566 haben
911 1503 1000 1563 mag.
1028 1503 1107 1563 Das
1134 1500 1170 1560 ist
1187 1497 1255 1557 aber

240 1558 377 1618 gewiß,
404 1555 456 1615 daß
489 1557 578 1617 wenn
616 1552 694 1612 diese
721 1551 980 1611 Verderbnisse,
1007 1551 1054 1611 die
1081 1548 1266 1608 Unwissen¬

236 1604 308 1664 heit
329 1605 376 1665 des
408 1602 533 1662 Pöbels
559 1601 616 1661 und
653 1599 699 1659 die
726 1599 970 1659 Ruchlosigkeit
997 1593 1085 1653 derer
1111 1593 1272 1653 Verstän¬

237 1652 324 1712 digen
356 1649 428 1709 noch
455 1649 599 1709 steigen,
631 1646 703 1706 man
740 1643 838 1703 gewiß
870 1643 931 1703 aus
963 1643 1159 1703 schlimmern
1196 1637 1263 1697 En¬

242 1702 305 1762 keln
332 1700 406 1760 auch
428 1697 607 1757 schlimmre
629 1694 734 1754 Zeiten
762 1691 941 1751 befürchten
973 1691 1099 1751 müßte.

293 1748 364 1808 Die
386 1745 623 1805 Vermischung
650 1742 701 1802 des
727 1742 840 1802 Guten
872 1742 928 1802 und
960 1739 1011 1799 des
1037 1739 1176 1799 Bösen,
1213 1733 1259 1793 die

237 1802 309 1862 nach
348 1796 403 1856 der
431 1796 553 1856 ewigen
587 1790 759 1850 Zulaßung
782 1792 920 1852 GOttes
954 1787 1153 1847 fortwähren
1192 1783 1264 1843 soll,

246 1847 450 1907 vermindert
473 1843 516 1903 die
539 1843 699 1903 Hofnung
727 1840 837 1900 beßrer
854 1842 959 1902 Zeiten
987 1840 1041 1900 gar
1064 1838 1152 1898 sehr;
1180 1834 1252 1894 Und

237 1900 329 1960 wann
363 1900 438 1960 auch
472 1894 520 1954 die
548 1894 722 1954 Vernunft
744 1892 831 1952 schon
870 1890 1049 1950 einsiehet,
1083 1889 1136 1949 daß
1175 1885 1256 1945 diese

238 1949 356 2009 Erde,
379 1950 429 2010 als
464 1948 502 2008 ein
543 1945 644 2005 Theil
673 1945 841 2005 zufälliger
865 1945 1016 2005 Ursachen
1051 1940 1242 2000 untergehen

235 2002 365 2062 werde:
395 1999 422 2059 so
446 1999 588 2059 urtheilt
612 1998 651 2058 sie
681 1998 760 2058 ganz
789 1998 908 2058 billig,
937 1994 994 2054 daß
1023 1993 1120 2053 dieser
1144 1991 1262 2051 Unter¬

237 2051 314 2111 gang
342 2050 414 2110 eher
437 2049 525 2109 durch
564 2048 630 2108 eine
653 2047 929 2107 Stuffenmäßige
952 2045 1129 2105 Abnahme
1157 2040 1245 2100 ihrer

233 2100 378 2160 Kräfte,
399 2100 451 2160 als
472 2100 565 2160 durch
597 2098 643 2158 ein
670 2097 826 2157 Wunder
857 2097 909 2157 der
930 2096 1159 2156 Vernichtung
1190 2091 1247 2151 vor

239 2152 288 2212 sich
315 2150 407 2210 gehen
440 2148 559 2208 werde.
609 2145 678 2205 Und
706 2145 749 2205 wo
777 2145 814 2205 ist
831 2145 901 2205 jene
923 2145 1097 2205 Abnahme
1119 2145 1189 2205 eher
1211 2141 1243 2201 zu

238 2199 373 2259 finden,
400 2195 446 2255 als
472 2194 503 2254 zu
535 2193 644 2253 unsern
671 2192 811 2252 Zeiten?

280 2245 437 2305 Indessen
470 2243 540 2303 muß
568 2243 638 2303 man
671 2242 741 2302 auch
775 2240 824 2300 die
846 2240 1090 2300 Bedingungen
1128 2237 1253 2297 anfüh¬

231 2299 318 2359 ten,
339 2297 436 2357 unter
468 2294 601 2354 welchen
638 2291 684 2351 die
710 2291 890 2351 Vernunft
916 2289 1009 2349 beßre
1035 2290 1143 2350 Zeiten
1185 2287 1251 2347 ver¬

229 2348 363 2408 muthen
395 2342 534 2402 könnte:

285 2396 389 2456 Wenn
423 2396 468 2456 die
490 2391 645 2451 Religion
674 2390 734 2450 und
762 2389 812 2449 die
829 2387 1000 2447 praktische
1023 2387 1156 2447 Tugend
1184 2384 1256 2444 der¬

231 2446 326 2506 selben
358 2446 569 2506 allgemeiner
591 2437 728 2497 würde:
756 2437 781 2497 so
809 2437 924 2497 könnte
946 2438 993 2498 die
1010 2436 1152 2496 göttliche
1169 2432 1253 2492 Vor¬

228 2497 374 2557 sehung,
401 2497 449 2557 die
472 2496 531 2556 alle
553 2492 645 2552 unsre
668 2490 851 2550 Schicksale
873 2488 955 2548 ganz
977 2488 1068 2548 allein
1096 2487 1166 2547 nach
1194 2484 1253 2544 un¬

223 2546 285 2606 srer
320 2545 537 2605 Aufführung
571 2545 662 2605 gegen
708 2542 759 2602 die
789 2539 947 2599 Religion
982 2536 1136 2596 abwägt,
1165 2536 1239 2596 noch

228 2596 378 2656 manchen
414 2596 710 2656 Verwirrungen,
731 2590 977 2650 Unordnungen
1018 2587 1078 2647 und
1119 2586 1239 2646 Uebeln

230 2642 397 2702 abhelfen.
447 2643 593 2703 Tugend
626 2643 669 2703 ist
702 2641 750 2701 die
783 2641 1000 2701 Gesundheit
1033 2638 1087 2698 der
1121 2635 1250 2695 Seele.

230 2693 301 2753 Und
329 2688 594 2748 Menschenliebe
622 2688 665 2748 die
694 2688 902 2748 Gesundheit
925 2690 974 2750 der
997 2687 1140 2747 Völker.
1162 2682 1245 2742 Wie

225 2742 307 2802 weit
330 2739 468 2799 erstreckt
496 2739 546 2799 sich
579 2737 634 2797 das
668 2739 795 2799 Gebiet
824 2741 878 2801 der
906 2733 1249 2793 Dienstgefälligkeit,

228 2793 288 2853 und
322 2790 455 2850 wieviel
483 2786 599 2846 könnte
628 2787 671 2847 ein
705 2790 838 2850 Mensch
877 2792 932 2852 zur
961 2787 1149 2847 Abhelfung
1188 2784 1237 2844 des

222 2844 368 2904 Elendes
401 2840 497 2900 seiner
530 2836 671 2896 Brüder
704 2841 909 2901 beytragen,
932 2841 1023 2901 wenn
1056 2838 1088 2898 er
1121 2835 1244 2895 wollte,

230 2896 285 2956 Ein
316 2893 507 2953 berühmter
532 2888 833 2948 Gottesgelehrter,
853 2893 926 2953 mich
958 2894 1062 2954 deucht
1088 2888 1247 2948 Baum=

1291 312 1440 372 garten
1474 315 1540 375 sagt
1557 315 1751 375 irgendwo:
1796 318 1896 378 "Der
1919 318 2052 378 Glaube
2081 318 2130 378 der
2153 318 2308 378 Religion

1289 354 1396 414 „hilft
1425 363 1452 423 in
1493 363 1549 423 der
1584 367 1844 427 gegenwärtigen
1890 369 2003 429 Welt:
2038 369 2111 429 Die
2140 369 2321 429 Heiligkeit

1291 410 1398 470 "hilft
1415 410 1437 470 in
1466 413 1516 473 der
1545 416 1771 476 zukünftigen.
1851 418 1918 478 Ich
1941 417 2048 477 wollte
2071 416 2144 476 aber
2179 419 2246 479 eher
2275 418 2319 478 sa¬

1291 461 1373 521 gen:
1399 461 1517 521 Durch
1544 464 1595 524 den
1627 466 1781 526 Glauben
1808 464 1859 524 der
1881 469 2030 529 Religion
2062 467 2226 527 gewinnen
2253 467 2314 527 wir

1294 509 1345 569 die
1368 512 1515 572 künftige
1538 513 1645 573 Welt,
1663 517 1719 577 und
1748 515 1799 575 die
1822 515 2134 575 Rechtschaffenheit
2157 521 2213 581 und
2236 520 2320 580 Ord¬

1294 559 1376 619 nung
1413 562 1521 622 macht
1548 563 1610 623 uns
1647 566 1693 626 die
1724 563 1973 623 gegenwärtige
2000 568 2098 628 Welt
2130 570 2321 630 erträglich.

1294 606 1374 666 Viel
1397 608 1500 668 Elend
1522 613 1658 673 entsteht
1680 613 1739 673 aus
1767 612 1815 672 dem
1859 613 1989 673 falschen
2017 616 2234 676 Vorurtheil,
2256 619 2310 679 daß

1300 656 1342 716 ein
1370 658 1450 718 jeder
1478 661 1537 721 nur
1559 664 1612 724 für
1634 664 1682 724 sich
1710 663 1817 723 sorgen
1845 664 1958 724 müsse.
1996 664 2152 724 Dadurch
2180 670 2314 730 verliert

1294 704 1349 764 die
1377 705 1481 765 Seele
1510 710 1564 770 der
1593 714 1730 774 Tugend
1764 712 1791 772 so
1830 712 1896 772 viel
1919 714 2001 774 feine
2035 716 2316 776 Gelegenheiten,

1291 754 1342 814 den
1374 758 1623 818 Patriotismus
1651 763 1868 823 auszuüben,
1895 763 1941 823 als
1968 763 2004 823 sie
2031 766 2197 826 gewinnen
2229 767 2317 827 wür¬

1298 807 1356 867 de,
1381 804 1468 864 wenn
1510 810 1580 870 man
1622 815 1681 875 das
1717 816 1828 876 Wohl
1859 816 1976 876 andrer
2013 816 2065 876 für
2101 816 2159 876 das
2195 819 2318 879 Seini¬

1296 857 1333 917 ge
1360 855 1474 915 hielte.

1350 915 1465 975 Sonst
1482 916 1559 976 kann
1587 920 1658 980 man
1686 924 1758 984 noch
1786 927 1852 987 eine
1875 928 1974 988 andre
1996 930 2073 990 gute
2096 930 2244 990 Aussicht
2262 929 2311 989 für

1298 964 1346 1024 die
1374 966 1607 1026 Verbesserung
1641 973 1732 1033 derer
1755 977 1858 1037 Zeiten
1897 978 2016 1038 daraus
2049 978 2234 1038 herleiten,
2256 981 2315 1041 daß

1297 1012 1387 1072 durch
1419 1013 1540 1073 allerley
1568 1019 1716 1079 nützliche
1743 1026 1965 1086 Erfindungen
2003 1028 2060 1088 und
2088 1028 2241 1088 Angaben
2284 1031 2310 1091 zu

1296 1061 1534 1121 ökonomischen
1566 1070 1841 1130 Verbesserungen
1873 1076 1920 1136 die
1947 1076 2064 1136 Cultur
2091 1076 2137 1136 der
2165 1079 2249 1139 Erde
2271 1078 2323 1138 be¬

1299 1112 1420 1172 fördert
1448 1112 1569 1172 werden
1607 1121 1739 1181 könnte.
1787 1124 1845 1184 Da
1883 1124 1935 1184 die
1962 1127 2078 1187 Natur
2116 1127 2206 1187 durch
2238 1127 2312 1187 ihre

1297 1160 1441 1220 einfache
1468 1164 1632 1224 Producte
1654 1168 1726 1228 ihre
1747 1169 1845 1229 große
1866 1172 2067 1232 Oekonomie
2094 1175 2145 1235 zum
2187 1177 2305 1237 Nutzen

1300 1207 1363 1267 und
1385 1210 1580 1270 Vergnügen
1602 1213 1686 1273 nicht
1703 1217 1856 1277 bestreiten
1883 1219 1983 1279 kann:
2010 1219 2036 1279 so
2063 1222 2100 1282 ist
2116 1222 2174 1282 nun
2206 1225 2317 1285 gleich¬

1299 1260 1346 1320 sam
1389 1258 1425 1318 ein
1458 1261 1558 1321 jeder,
1580 1262 1627 1322 der
1654 1266 1850 1326 Vorschläge
1877 1267 1929 1327 zur
1951 1270 2306 1330 Landesverbesserung

1297 1309 1395 1369 thut,
1440 1312 1484 1372 ein
1524 1315 1734 1375 allgemeiner
1762 1318 1840 1378 Arzt
1868 1317 1917 1377 der
1946 1318 2084 1378 Natur.

2153 1321 2198 1381 Er
2232 1324 2317 1384 sucht

1301 1363 1387 1423 ihren
1411 1366 1550 1426 Wunsch
1574 1368 1667 1428 durch
1697 1371 1818 1431 allerley
1848 1372 2115 1432 Compositionen
2145 1372 2232 1432 derer
2255 1375 2318 1435 ein=

1304 1416 1405 1476 fachen
1435 1416 1553 1476 Dinge
1578 1419 1803 1479 aufzuhelfen.

1348 1476 1455 1536 Wenn
1483 1478 1543 1538 nun
1570 1479 1629 1539 alle
1663 1479 1755 1539 solche
1782 1484 2053 1544 Preisaufgaben
2092 1488 2178 1548 durch
2212 1488 2319 1548 obrig¬

1301 1524 1436 1584 keitliche
1462 1524 1603 1584 Befehle
1624 1527 1724 1587 genau
1750 1530 1936 1590 untersucht
1957 1533 2012 1593 und
2038 1536 2093 1596 von
2124 1539 2305 1599 jedermann

1297 1571 1322 1631 in
1354 1569 1539 1629 Ausübung
1565 1572 1715 1632 gebracht
1736 1575 1896 1635 würden:
1922 1578 1952 1638 so
1979 1578 2015 1638 ist
2046 1582 2138 1642 leicht
2165 1585 2190 1645 zu
2227 1587 2319 1647 glau¬

1295 1619 1380 1679 ben,
1406 1618 1462 1678 daß
1488 1619 1640 1679 manchen
1666 1622 1864 1682 natürlichen
1901 1625 2063 1685 Mängeln
2094 1628 2180 1688 derer
2206 1633 2307 1693 Zeiten

1299 1664 1505 1724 aufgeholfen
1536 1667 1656 1727 werden
1692 1670 1823 1730 könnte.
1849 1668 1863 1728 —
1924 1674 2065 1734 Kommt
2091 1679 2227 1739 alsdenn
2268 1682 2307 1742 ein

1299 1715 1513 1775 vieljähriger
1537 1713 1650 1773 Friede
1673 1722 1769 1782 dazu,
1798 1721 1848 1781 der
1872 1723 1968 1783 Muth
1997 1727 2104 1787 giebt,
2128 1730 2189 1790 und
2218 1733 2320 1793 Men¬

1304 1766 1380 1826 schen
1410 1763 1491 1823 spart

1590 1765 1674 1825 wird
1707 1769 1759 1829 der
1786 1772 1886 1832 Luxus
1919 1774 1982 1834 und
2014 1778 2205 1838 Aufwand,
2232 1784 2311 1844 diese

1302 1814 1555 1874 Schwindsucht
1573 1817 1622 1877 der
1640 1819 1794 1879 Bürger,
1806 1822 2005 1882 abgeschaft:
2033 1826 2060 1886 so
2088 1830 2204 1890 können
2232 1831 2303 1891 noch

1299 1866 1473 1926 diejenigen
1508 1870 1630 1930 Länder
1665 1873 1810 1933 blühen,
1840 1877 1886 1937 die
1916 1879 2032 1939 bisher
2062 1881 2142 1941 über
2172 1884 2316 1944 schlechte

1295 1921 1399 1981 Zeiten
1430 1921 1558 1981 klagen.

1344 1981 1395 2041 Es
1414 1984 1504 2044 wäre
1524 1987 1593 2047 noch
1619 1987 1651 2047 zu
1678 1987 1907 2047 untersuchen,
1940 1987 2004 2047 wie
2030 1987 2113 2047 weit
2139 1990 2190 2050 die
2216 1990 2318 2050 Reli¬

1290 2036 1360 2096 gion
1388 2034 1414 2094 in
1442 2034 1490 2094 dem
1534 2034 1627 2094 Felde
1649 2034 1746 2094 dieser
1774 2034 1898 2094 Fragen
1932 2034 2001 2094 ihre
2024 2037 2208 2097 Aussichten
2236 2040 2317 2100 aus¬

1295 2085 1393 2145 steckt.
1440 2082 1532 2142 Aber
1556 2079 1584 2139 es
1608 2081 1649 2141 ist
1678 2079 1747 2139 hier
1776 2080 1863 2140 nicht
1887 2082 1938 2142 der
1962 2083 2026 2143 Ort
2050 2085 2147 2145 dazu.
2195 2088 2304 2148 Wenn

1296 2130 1411 2190 gleich,
1447 2127 1510 2187 wie
1534 2128 1580 2188 ich
1615 2127 1672 2187 von
1708 2130 1823 2190 ganzem
1870 2133 1997 2193 Herzen
2033 2136 2212 2196 überzeugt
2241 2141 2310 2201 bin,

1292 2178 1344 2238 für
1374 2175 1425 2235 die
1461 2177 1611 2237 Religion
1653 2178 1769 2238 bessere
1798 2184 1909 2244 Zeiten
1945 2184 1973 2244 zu
2009 2184 2113 2244 hoffen
2154 2184 2241 2244 sind:
2276 2190 2305 2250 so

1291 2226 1399 2286 dürfen
1433 2226 1465 2286 sie
1493 2226 1520 2286 es
1548 2226 1612 2286 eben
1641 2226 1727 2286 nicht
1755 2230 1826 2290 auch
1859 2231 1913 2291 für
1941 2233 1995 2293 den
2028 2234 2208 2294 politischen
2247 2237 2306 2297 und

1291 2273 1465 2333 physischen
1500 2273 1635 2333 Zustand
1670 2278 1725 2338 der
1754 2282 1844 2342 Erde
1867 2282 1957 2342 seyn.
2003 2282 2133 2342 Warum
2173 2288 2308 2348 braucht

1293 2324 1363 2384 eben
1390 2324 1439 2384 die
1462 2324 1542 2384 Erde
1570 2324 1608 2384 ein
1641 2327 1809 2387 Paradies
1837 2333 1864 2393 zu
1892 2333 1984 2393 seyn,
2006 2336 2114 2396 damit
2137 2336 2180 2396 die
2208 2339 2316 2399 Heili¬

1288 2376 1347 2436 gen
1380 2374 1499 2434 darauf
1527 2375 1694 2435 wohnen?
1733 2381 1976 2441 Vermischung
2010 2384 2058 2444 des
2097 2387 2205 2447 Guten
2243 2390 2302 2450 und

1294 2423 1409 2483 Uebeln
1444 2423 1485 2483 ist
1509 2424 1560 2484 die
1578 2424 1671 2484 Diät
1701 2427 1752 2487 der
1782 2435 2037 2495 Gottseligkeit,
2067 2437 2113 2497 die
2142 2438 2195 2498 nie
2224 2440 2310 2500 ohne

1297 2473 1489 2533 Prüfungen
1522 2474 1586 2534 seyn
1612 2479 1714 2539 kann.

1344 2534 1499 2594 Indessen
1538 2536 1648 2596 mögen
1682 2541 1731 2601 die
1760 2542 1864 2602 Zeiten
1898 2545 1997 2605 besser
2031 2547 2103 2607 oder
2142 2547 2302 2607 schlechter

1290 2584 1443 2644 werden:
1470 2584 1496 2644 so
1523 2587 1622 2647 bleibt
1644 2590 1707 2650 doch
1734 2590 1781 2650 die
1802 2590 1886 2650 Erde
1913 2594 1960 2654 des
1987 2590 2129 2650 HErrn,
2146 2596 2208 2656 und
2230 2598 2309 2658 alle,

1287 2635 1335 2695 die
1357 2635 1405 2695 ihm
1449 2635 1649 2695 angehören,
1666 2642 1790 2702 werden
1823 2641 1866 2701 die
1894 2642 2088 2702 Fußstapfen
2116 2643 2213 2703 seines
2235 2645 2305 2705 Se¬

1280 2685 1363 2745 gens
1398 2684 1521 2744 daraus
1556 2688 1733 2748 erkennen.
1798 2693 1881 2753 Wir
1911 2691 2024 2751 wollen
2059 2693 2122 2753 nur
2148 2694 2221 2754 nach
2251 2697 2305 2757 der

1287 2730 1372 2790 Ehre
1400 2736 1561 2796 trachten,
1589 2736 1643 2796 daß
1676 2739 1735 2799 wir
1757 2741 1810 2801 auf
1833 2741 1886 2801 dem
1924 2741 2070 2801 Posten,
2087 2745 2135 2805 der
2163 2745 2221 2805 uns
2249 2751 2302 2811 auf

1282 2782 1336 2842 der
1358 2781 1444 2841 Erde
1466 2787 1677 2847 anvertrauet
1704 2792 1763 2852 ist,
1796 2791 1893 2851 unsre
1921 2790 2018 2850 Rolle
2046 2794 2191 2854 glücklich
2224 2798 2304 2858 spie¬

1278 2835 1359 2895 len;
1387 2835 1446 2895 und
1474 2838 1582 2898 unsern
1616 2839 1713 2899 Platz
1730 2841 1920 2901 ausfüllen.
1991 2842 2143 2902 Alsdenn
2177 2847 2295 2907 werden

1281 2886 1340 2946 wir
1365 2886 1418 2946 von
1449 2888 1503 2948 der
1528 2891 1618 2951 Zeit,
1648 2894 1678 2954 in
1721 2894 1853 2954 welcher
1884 2891 1944 2951 wir
1969 2894 2089 2954 leben,
2120 2897 2294 2957 dasjenige

2195 2951 2287 3011 sagen
