2479 3508
199 360 340 420 mittag,
364 356 416 416 ins
440 356 588 416 Königl.
606 355 735 415 Schloß
771 355 929 415 begeben,
960 355 1024 415 und
1055 357 1130 417 Se.
1155 357 1224 417 Kö¬

195 409 291 469 nigl.
309 405 405 465 Maj.
417 407 456 467 U.
473 407 512 467 A.
536 407 586 467 H.
604 405 654 465 sich
672 406 729 466 auf
752 404 802 464 den
825 406 939 466 Thron
962 407 1228 467 niedergelassen,

198 457 306 517 wurde
333 455 390 515 das
427 455 624 515 Resultatum
677 455 843 515 Senatus
875 456 1020 516 Consilii
1041 458 1129 518 durch
1161 457 1212 517 den

198 508 306 568 Herrn
338 503 492 563 Kierski,
519 504 844 564 Kronsecretarium,
870 508 1066 568 publiciret,
1098 507 1226 567 vermö¬

202 562 233 622 ge
260 557 393 617 welchem
436 557 548 617 etliche
570 557 867 617 Gesandschaften,
894 560 958 620 mit
980 557 1027 617 der
1049 557 1229 617 Nachricht

204 605 263 665 von
290 605 344 665 der
371 607 511 667 glücklich
540 607 739 667 vollendeten
772 608 929 668 Krönung
962 607 1038 667 Sr.
1054 607 1157 667 Maj.
1179 606 1227 666 be¬

210 658 347 718 stimmet
369 655 516 715 worden,
543 658 591 718 als
623 658 659 718 an
686 658 739 718 den
771 658 961 718 Römischen
983 657 1051 717 Hof
1067 655 1114 715 der
1131 655 1225 715 Fürst

210 706 433 766 Czartoriski,
455 706 704 766 Großtruchses
737 704 789 764 von
821 709 1002 769 Lithauen,
1029 706 1093 766 mit
1120 706 1204 766 einem

209 757 343 817 Gehalt
364 757 420 817 von
452 755 540 815 1500
571 757 721 817 Ducaten
758 754 814 814 vom
856 757 1052 817 Kronschatz
1079 754 1140 814 und
1161 754 1223 814 500

213 804 313 864 Duc.
335 806 387 866 vom
430 804 557 864 Schatz
584 807 636 867 des
669 804 917 864 Herzogthums
960 804 1146 864 Lithauen;
1189 804 1225 864 an

208 857 260 917 den
288 855 543 915 Petersburger
571 854 644 914 Hof
656 852 708 912 der
731 852 826 912 Graf
842 852 1109 912 Malachowski,
1125 853 1236 913 Kron¬

212 908 478 968 referendarius,
504 905 564 965 mit
585 903 670 963 einem
711 900 842 960 Gehalt
863 903 918 963 von
944 900 1029 960 1000
1055 903 1145 963 Duc.
1156 903 1211 963 vom

209 956 320 1016 Kron=
347 957 410 1017 und
442 954 505 1014 500
543 954 643 1014 Duc.
670 951 723 1011 vom
771 951 977 1011 lithquischen
1010 951 1152 1011 Schatz;
1190 953 1221 1013 an

213 1005 267 1065 den
305 1004 467 1064 Berliner
495 1003 570 1063 Hof
598 1001 651 1061 der
684 998 781 1058 Graf
804 1000 987 1060 Branicki,
1026 1001 1236 1061 Kronunter¬

210 1055 346 1115 truchses
374 1052 433 1112 und
461 1054 607 1114 Starost
635 1049 688 1109 von
722 1051 858 1111 Naliez,
885 1049 945 1109 mit
967 1049 1053 1109 einem
1103 1050 1238 1110 Gehalt

216 1106 275 1166 von
313 1103 377 1163 666
411 1101 502 1161 Duc.
524 1101 578 1161 vom
622 1100 729 1160 Kron=
746 1100 811 1160 und
838 1100 897 1160 334
930 1097 984 1157 vom
1022 1100 1227 1160 lithauischen

215 1154 353 1214 Schatz.
403 1153 452 1213 An
481 1149 530 1209 die
558 1148 829 1208 Ottomannische
851 1148 972 1208 Pforte
1001 1148 1039 1208 ist
1062 1149 1111 1209 der
1145 1151 1227 1211 schon

216 1204 335 1264 porhin
362 1198 545 1258 bestimmte
568 1196 746 1256 Resident,
769 1196 860 1256 Herr
882 1196 1168 1256 Alexandrowicz,
1185 1198 1233 1258 als

216 1250 443 1310 Abgesandter
469 1246 692 1306 accreditiret,
713 1243 778 1303 mit
799 1243 885 1303 einer
906 1245 1047 1305 Pension
1073 1246 1124 1306 von
1150 1246 1235 1306 1000

218 1298 319 1358 Duc.
340 1297 393 1357 vom
441 1294 553 1354 Kron=
569 1294 632 1354 und
659 1291 723 1351 500
760 1291 813 1351 vom
856 1294 1057 1354 lithauischen
1095 1295 1238 1355 Schatz;

226 1351 328 1411 ferner
361 1347 420 1407 sind
459 1344 507 1404 dem
562 1342 691 1402 Grafen
735 1345 947 1405 Rzewuski,
985 1345 1244 1405 Kronfeldcom¬

219 1399 379 1459 missario,
408 1398 540 1458 welcher
563 1393 612 1453 sich
635 1395 768 1455 wirklich
791 1396 834 1456 als
852 1399 1233 1459 Extraordinairenvoye

222 1452 281 1512 von
314 1452 362 1512 der
395 1448 795 1508 Generalconföderation
828 1449 860 1509 zu
893 1449 1104 1509 Petersburg
1137 1449 1239 1509 befin¬

214 1506 285 1566 det,
308 1503 368 1563 fals
397 1503 424 1563 er
452 1500 585 1560 daselbst
608 1500 674 1560 noch
713 1500 757 1560 ein
791 1499 884 1559 Jahr
924 1502 1106 1562 verbleiben
1146 1500 1240 1560 solte,

218 1557 312 1617 4000
343 1551 439 1611 Duc.
459 1551 515 1611 vom
566 1550 772 1610 lithauischen
808 1550 868 1610 und
899 1551 989 1611 2000
1030 1550 1085 1610 vom
1131 1549 1246 1609 Kron=

223 1604 315 1664 schatz
331 1599 531 1659 bestimmet.
584 1596 630 1656 Es
656 1598 692 1658 ist
713 1596 785 1656 auch
811 1596 986 1656 beschlossen
1013 1596 1095 1656 einen
1121 1596 1239 1656 bestän¬

217 1649 306 1709 digen
336 1646 529 1706 Residenten
559 1643 583 1703 in
618 1640 692 1700 Rom
727 1643 756 1703 zu
787 1643 915 1703 halten,
940 1642 1004 1702 und
1029 1641 1063 1701 da
1089 1643 1118 1703 zu
1143 1641 1232 1701 dessen

224 1694 467 1754 Unterhaltung
494 1691 542 1751 die
564 1691 685 1751 Herren
717 1688 886 1748 Bischöfe,
914 1690 972 1750 wie
999 1688 1024 1748 es
1051 1691 1110 1751 von
1137 1689 1231 1749 ihnen

222 1745 393 1805 verlanget
419 1742 571 1802 worden,
597 1737 702 1797 nichts
728 1739 900 1799 beytragen
937 1739 1078 1799 wolten,
1114 1739 1139 1799 so
1175 1739 1235 1799 sind

227 1793 402 1853 demselben
430 1790 562 1850 jährlich
600 1786 663 1846 400
707 1787 839 1847 Ducat.
861 1787 913 1847 vom
956 1788 1068 1848 Kron=
1090 1787 1148 1847 und
1175 1787 1238 1847 200

221 1847 279 1907 vom
322 1840 524 1900 lithauischen
557 1837 684 1897 Schatz
700 1837 934 1897 zugestanden.
999 1837 1110 1897 Heute
1132 1835 1243 1895 wurde

227 1898 275 1958 der
300 1893 511 1953 Geburtstag
542 1890 614 1950 Sr.
633 1890 772 1950 Königl.
797 1891 894 1951 Maj.
913 1891 954 1951 U.
973 1891 1015 1951 A.
1028 1891 1076 1951 H.
1089 1891 1118 1951 en
1143 1888 1240 1948 Galla

231 1950 282 2010 bey
312 1948 398 2008 Hofe
416 1942 612 2002 begangen,
642 1941 681 2001 um
723 1940 740 2000 7
770 1942 838 2002 Uhr
874 1940 1041 2000 Morgens
1065 1942 1232 2002 geschahen

229 1999 294 2059 100
328 1996 615 2056 Kanonenschüsse
643 1993 698 2053 von
737 1993 786 2053 der
820 1996 1090 2056 Kronartillerie.
1168 1993 1245 2053 Se.

234 2049 330 2109 Maj.
364 2046 511 2106 speiseten
545 2046 573 2106 zu
613 2043 766 2103 Mittage
795 2043 851 2103 bey
891 2045 964 2105 Sr.
993 2046 1145 2106 Durchl.
1168 2043 1224 2103 dem

224 2095 359 2155 Fürsten
398 2097 565 2157 Primas,
599 2097 734 2157 welcher
762 2094 978 2154 übermorgen
1017 2097 1087 2157 nach
1120 2095 1250 2155 Skier¬

229 2146 364 2206 niewiez
385 2145 541 2205 abreiset,
562 2144 617 2204 des
653 2145 784 2205 Abends
820 2145 936 2205 wurde
962 2144 1017 2204 bey
1053 2145 1143 2205 Hofe
1174 2145 1244 2205 eine

233 2198 323 2258 Oper
343 2190 590 2250 representiret,
631 2191 685 2251 auf
711 2192 847 2252 welcher
873 2193 928 2253 der
954 2193 1114 2253 bekannte
1145 2191 1245 2251 Riese

229 2243 324 2303 Gilli
345 2240 395 2300 den
426 2240 587 2300 Goliath,
618 2237 678 2297 und
704 2239 744 2299 ein
775 2238 885 2298 Zwerg
917 2239 966 2299 den
997 2238 1113 2298 David
1139 2238 1249 2298 vorge¬

228 2296 341 2356 stellet.
391 2288 526 2348 Endlich
554 2286 668 2346 wurde
690 2286 787 2346 dieses
815 2288 874 2348 mit
897 2288 983 2348 einem
1022 2288 1141 2348 kleinen
1168 2288 1238 2348 doch

223 2342 412 2402 künstlichen
441 2339 636 2399 Feuerwerk
653 2336 859 2396 beschlossen.
916 2338 966 2398 Am
1017 2336 1239 2396 verwichenen

235 2396 405 2456 Mittwoch
434 2390 576 2450 begaben
605 2387 655 2447 sich
680 2387 730 2447 die
748 2387 856 2447 Herrn
885 2387 1089 2447 Marschälle
1113 2387 1164 2447 von
1198 2389 1249 2449 der

232 2446 337 2506 Kron=
365 2445 426 2505 und
460 2440 671 2500 lithauischen
716 2436 978 2496 Conföderation
1023 2437 1111 2497 nebst
1151 2437 1240 2497 ihren

232 2497 357 2557 Räthen
392 2494 420 2554 in
460 2491 517 2551 das
546 2485 956 2545 Bernhardinerkloster,
997 2487 1093 2547 allwo
1128 2486 1168 2546 sie
1197 2488 1248 2548 die

239 2544 352 2604 Sache
374 2544 428 2604 des
456 2541 705 2601 Curländischen
738 2536 1057 2596 Gevollmächtigten
1085 2539 1139 2599 von
1166 2539 1231 2599 Heu

236 2594 325 2654 king,
352 2593 478 2653 welcher
505 2593 552 2653 sich
585 2592 685 2652 wider
707 2588 759 2648 den
791 2587 918 2647 Grafen
945 2588 1076 2648 Biron,
1103 2589 1150 2649 als
1171 2590 1245 2650 aufs

238 2642 317 2702 neue
349 2641 545 2701 eingesetzten
582 2642 708 2702 Herzog
741 2637 799 2697 von
836 2638 984 2698 Curland
1022 2641 1254 2701 manifestiret,

233 2689 489 2749 vorgenommen
525 2688 585 2748 und
621 2691 721 2751 dahin
747 2688 968 2748 gesprochen,
1004 2688 1064 2748 daß
1105 2691 1245 2751 besagter

237 2741 323 2801 Herr
345 2738 496 2798 Heuking
524 2738 566 2798 ein
594 2738 685 2798 Jahr
719 2739 778 2799 und
811 2739 826 2799 6
859 2736 1000 2796 Wochen
1038 2739 1064 2799 im
1114 2741 1227 2801 Thurm

231 2790 339 2850 sitzen,
361 2787 426 2847 und
448 2784 573 2844 besagte
606 2787 861 2847 Manifestation
899 2790 986 2850 durch
1024 2790 1078 2850 den
1111 2793 1252 2853 Scharf¬

234 2842 347 2902 richter
374 2835 570 2895 verbrennet
591 2833 710 2893 werden
742 2839 834 2899 solte,
861 2841 990 2901 welches
1016 2841 1135 2901 letztere
1161 2841 1254 2901 wirk¬

233 2892 289 2952 lich
315 2894 346 2954 am
391 2887 614 2947 vergangenen
646 2886 791 2946 Montag
817 2894 982 2954 vollzogen
1015 2894 1160 2954 worden.
1199 2894 1243 2954 Jn

1264 358 1311 418 der
1341 357 1582 417 abgewichenen
1612 357 1730 417 Woche
1754 357 1872 417 erhielt
1902 357 1978 417 Se.
2003 357 2149 417 Königl.
2174 358 2279 418 Maj.

1257 407 1303 467 ein
1334 404 1650 464 Antwortschrieben
1677 406 1733 466 auf
1755 407 1826 467 dero
1854 407 1972 467 Brief,
1999 407 2102 467 wegen
2133 407 2273 467 glücklich

1261 455 1468 515 vollbrachter
1495 455 1617 515 Wahl,
1639 455 1702 515 vom
1750 456 1883 516 Könige
1915 458 2128 518 Stanislao,
2160 458 2287 518 Herzo¬

1260 508 1312 568 gen
1345 504 1398 564 von
1430 503 1646 563 Lothringen,
1673 504 1805 564 welches
1838 506 1864 566 in
1907 509 2092 569 glücklichen
2129 508 2282 568 Ausdrü¬

1257 557 1320 617 cken
1352 556 1541 616 bestanden.
1595 554 1652 614 Ein
1684 554 1816 614 gleiches
1849 554 2027 614 Schreiben
2065 559 2165 619 haben
2202 560 2270 620 auch

1265 607 1331 667 Se.
1354 604 1453 664 Maj.
1481 604 1536 664 vom
1587 602 1808 662 Churfürsten
1842 601 1903 661 von
1937 604 2075 664 Bayern
2115 607 2281 667 erhalten.

1267 655 1333 715 Die
1356 653 1516 713 Rußische
1544 652 1705 712 Truppen
1739 652 1855 712 welche
1878 651 1927 711 sich
1961 654 2094 714 bishero
2122 658 2155 718 zu
2189 658 2283 718 Lom¬

1265 706 1314 766 ma
1342 706 1402 766 und
1430 706 1546 766 andern
1574 703 1750 763 Gegenden
1784 702 1833 762 bey
1862 700 2032 760 Warschau
2055 709 2281 769 aufgehalten,

1274 755 1329 815 sind
1351 754 1490 814 wirklich
1523 754 1606 814 schon
1640 757 1711 817 nach
1740 753 1833 813 poln.
1850 753 2005 813 Preußen
2028 757 2282 817 aufgebrochen.

1534 804 1702 864 Wilda,
1737 804 1795 864 den
1837 801 1900 861 18.
1929 803 2021 863 Jan.

1315 854 1422 914 Kraft
1440 855 1490 915 der
1514 855 1769 915 Universalien,
1792 851 1837 911 die
1860 852 1939 912 Sr.
1957 852 2098 912 Königl.
2122 852 2285 912 Majestät

1270 906 1366 966 haben
1394 903 1523 963 ergehen
1551 904 1674 964 laßen,
1702 905 1739 965 ist
1761 903 1788 963 es
1815 903 1999 963 nunmehro
2026 905 2193 965 festgesetzt
2226 906 2280 966 für

1270 951 1317 1011 die
1339 951 1465 1011 Briefe
1492 951 1518 1011 in
1556 953 1608 1013 dem
1656 954 1772 1014 ganzen
1805 954 2015 1014 Herzogthum
2059 957 2211 1017 Lithauen
2249 957 2275 1017 zu

1261 1001 1391 1061 zahlen,
1408 998 1539 1058 welches
1567 1001 1637 1061 noch
1665 1004 1714 1064 nie
1736 1004 1955 1064 gebräuchlich
1983 1004 2146 1064 gewesen.
2179 1007 2288 1067 Nach¬

1269 1047 1320 1107 dem
1362 1046 1387 1106 in
1418 1048 1547 1108 voriger
1568 1052 1687 1112 Woche
1718 1057 1733 1117 2
1770 1055 1867 1115 Russ.
1889 1055 2281 1115 Cavallerieregimenter

1270 1097 1334 1157 hier
1361 1097 1664 1157 durchmarschiret,
1691 1105 1718 1165 so
1745 1106 1778 1166 ist
1800 1106 1918 1166 endlich
1940 1106 2010 1166 auch
2049 1106 2102 1166 der
2130 1106 2210 1166 Rest
2233 1106 2286 1166 un¬

1269 1146 1349 1206 serer
1377 1145 1507 1205 hiesigen
1540 1151 1719 1211 Besatzung
1747 1154 2001 1214 aufgebrochen,
2030 1157 2088 1217 und
2116 1157 2176 1217 wir
2198 1154 2279 1214 leben

1270 1196 1397 1256 vorjetzt
1413 1196 1498 1256 ganz
1520 1197 1642 1257 ruhig,
1664 1199 1748 1259 ohne
1770 1201 1939 1261 Garnison
1967 1204 1998 1264 zu
2025 1207 2147 1267 haben.
2195 1205 2290 1265 Weil

1274 1245 1318 1305 sich
1349 1243 1419 1303 noch
1444 1244 1529 1304 nicht
1550 1243 1605 1303 alle
1625 1246 1811 1306 Magnaten
1836 1249 1861 1309 in
1887 1248 2022 1308 Grodno
2053 1255 2288 1315 eingefunden,

1272 1296 1298 1356 so
1325 1292 1361 1352 ist
1383 1293 1430 1353 die
1446 1294 1768 1354 Schatzcommission
1801 1297 1848 1357 bis
1875 1299 1932 1359 zum
1970 1298 2065 1358 ersten
2092 1303 2192 1363 März
2213 1303 2292 1363 aus=

1268 1345 1378 1405 gesetzt
1402 1345 1552 1405 worden.
1605 1345 1679 1405 Die
1703 1348 1987 1408 Königsbergsche
2011 1348 2097 1408 Post
2115 1351 2155 1411 ist
2173 1351 2196 1411 in
2226 1353 2289 1413 die=

1274 1403 1314 1463 ser
1338 1399 1459 1459 Woche
1483 1402 1541 1462 gar
1565 1401 1645 1461 nicht
1664 1399 1919 1459 angekommen.

1486 1453 1806 1513 Königsberg,
1836 1453 1894 1513 den
1930 1455 1993 1515 28.
2023 1455 2115 1515 Jan.

1317 1497 1446 1557 Vorige
1469 1502 1588 1562 Woche
1610 1500 1647 1560 ist
1670 1503 1783 1563 allhier
1806 1501 1854 1561 der
1876 1505 2191 1565 Generaladjutant
2213 1503 2294 1563 Kai¬

1280 1548 1320 1608 ser
1341 1545 1444 1605 Peter
1465 1548 1531 1608 III,
1552 1548 1640 1608 Herr
1661 1551 1717 1611 von
1748 1548 1938 1608 Gudowitz,
1965 1553 2026 1613 und
2062 1556 2113 1616 der
2145 1555 2283 1615 Rußisch

1275 1593 1476 1653 Kaiserliche
1497 1596 1646 1656 Obriste,
1668 1599 1760 1659 Herr
1782 1599 1838 1659 von
1870 1599 2035 1659 Guriew,
2061 1602 2086 1662 in
2113 1605 2164 1665 der
2185 1605 2298 1665 Nacht

1274 1643 1569 1703 durchgegangen.

1596 1790 1991 1850 AVERTISSEMENT.

1330 1833 1404 1893 Bey
1440 1837 1492 1897 dem
1539 1840 1701 1900 Verleger
1737 1843 1835 1903 dieser
1865 1844 2004 1904 Zeitung
2033 1843 2073 1903 ist
2103 1846 2131 1906 zu
2167 1848 2299 1908 haben:

1282 1887 1357 1947 Des
1387 1891 1491 1951 Herrn
1521 1893 1684 1953 d'Argens
1714 1894 1847 1954 jüdische
1871 1897 2011 1957 Briefe,
2035 1898 2104 1958 3ter
2128 1897 2249 1957 Theil,
2267 1900 2307 1960 8.

1283 1942 1396 2002 Berlin
1425 1945 1516 2005 764,
1539 1945 1556 2005 2
1579 1945 1618 2005 fl.
1664 1945 1749 2005 Der
1773 1948 1920 2008 fluchtige
1955 1949 2011 2009 und
2040 1948 2160 2008 wieder
2177 1947 2302 2007 zurück¬

1286 1996 1434 2056 gekehrte
1462 1996 1583 2056 Mönch
1611 1995 1666 2055 vom
1711 1997 1820 2057 Berge
1843 1999 1969 2059 Athos,
2003 2000 2058 2060 gr.
2075 2002 2113 2062 8,
2136 1997 2284 2057 Breslau

1291 2043 1373 2103 764,
1396 2046 1412 2106 1
1440 2049 1479 2109 fl.
1540 2046 1739 2106 Gottsched,
1756 2046 1800 2106 ein
1828 2046 2060 2106 Trauérspiel,
2099 2049 2144 2109 8,
2177 2049 2221 2109 12
2249 2046 2304 2106 gr.

1282 2094 1361 2154 Das
1390 2097 1497 2157 falsche
1526 2097 1730 2157 Vertrauen,
1754 2094 1798 2154 ein
1827 2097 2048 2157 Schauspiel,
2072 2100 2128 2160 gr.
2140 2098 2173 2158 8,
2191 2097 2230 2157 15
2248 2096 2303 2156 gr.

1335 2189 1411 2249 Der
1433 2190 1613 2250 Pferdarzt
1635 2190 1848 2250 Robertson,
1876 2194 1924 2254 der
1946 2196 1995 2256 sich
2023 2194 2142 2254 bereits
2176 2193 2186 2253 6
2225 2193 2311 2253 Wo¬

1284 2237 1350 2297 chen
1378 2237 1400 2297 in
1434 2238 1645 2298 Königsberg
1674 2243 1908 2303 aufgehalten,
1931 2245 2003 2305 auch
2031 2243 2109 2303 viele
2132 2243 2298 2303 glückliche

1282 2288 1526 2348 Operationes,
1549 2291 1760 2351 Wallachen,
1788 2294 1929 2354 Hebung
1957 2294 2011 2354 des
2038 2294 2304 2354 Stein=Kropf¬

1287 2339 1345 2399 und
1377 2341 1732 2401 Stoll=Schwamms,
1759 2345 1859 2405 sowol
1876 2342 1902 2402 in
1929 2342 1976 2402 der
1998 2342 2114 2402 Stadt
2130 2345 2173 2405 als
2194 2346 2310 2406 außer=

1283 2390 1356 2450 halb
1390 2390 1549 2450 derselben
1583 2394 1753 2454 geendigt.
1828 2393 2037 2453 Imgleichen
2066 2395 2128 2455 mit
2163 2399 2304 2459 Beyfall

1287 2437 1367 2497 viele
1395 2442 1519 2502 Pferde
1547 2443 1721 2503 englesirt,
1754 2442 1835 2502 wird
1869 2442 1938 2502 noch
1977 2443 2058 2503 diese
2086 2446 2210 2506 Woche
2238 2448 2291 2508 von

1288 2490 1356 2550 hier
1378 2491 1514 2551 abreisen
1542 2494 1605 2554 und
1632 2493 1689 2553 auf
1706 2491 1774 2551 eine
1796 2493 1885 2553 kurze
1907 2494 1975 2554 Zeit
1991 2494 2060 2554 nach
2087 2497 2302 2557 Morungen,

1285 2540 1336 2600 von
1368 2542 1398 2602 da
1430 2542 1497 2602 nach
1528 2542 1761 2602 Marienburg
1793 2541 1849 2601 und
1875 2545 1994 2605 endlich
2026 2545 2082 2605 auf
2109 2547 2155 2607 die
2181 2548 2305 2608 Frank¬

1283 2593 1386 2653 furter
1409 2593 1517 2653 Messe
1540 2593 1659 2653 gehen.
1709 2593 1785 2653 Die
1802 2593 1878 2653 etwa
1906 2596 1955 2656 bey
1983 2593 2031 2653 ihm
2076 2595 2146 2655 noch
2174 2594 2239 2654 was
2267 2596 2293 2656 zu

1283 2643 1383 2703 suchen
1416 2643 1543 2703 haben,
1565 2642 1686 2702 können
1720 2641 1767 2701 sich
1794 2642 1846 2702 bey
1874 2643 1959 2703 ihm,
1986 2643 2151 2703 entweder
2172 2644 2241 2704 noch
2268 2648 2294 2708 in

1288 2694 1503 2754 Königsberg
1531 2694 1601 2754 oder
1628 2691 1660 2751 an
1693 2694 1882 2754 bemeldeten
1915 2694 2049 2754 Oertern
2083 2694 2228 2754 melden.

1291 2813 1384 2873 Diese
1407 2810 1545 2870 Gelehrte
1568 2808 1622 2868 und
1645 2808 1805 2868 Politische
1827 2811 1954 2871 Zeitung
1982 2811 2048 2871 wird
2076 2814 2120 2874 des
2148 2817 2302 2877 Montags

1403 2852 1458 2912 und
1487 2852 1635 2912 Freytags
1655 2852 1855 2912 Vormittags
1879 2852 1911 2912 um
1954 2852 1977 2912 10
2005 2855 2065 2915 Uhr
2085 2855 2107 2915 in
2131 2857 2177 2917 dem

1484 2897 1674 2957 Kanterschen
1706 2897 1881 2957 Buchladen
1908 2900 2113 2960 ausgegeben.
