2479 3508
984 285 1455 416 Beylage.
298 379 2271 521 Da heut zu Tage die meiste Recensionen als Disputationen angesehen werden, wider die man
173 489 2276 597 noch opponiren und respondiren kann; so wollen wir dieser uns eingesandten Vertheidigung von Herrn
170 560 2274 659 D. Töllnern, um so weniger einen Platz bey unserer Zeitung versagen, da dieses zu einen neuen
178 638 1844 753 Beweise von unserer Unpartheylichkeit und Liebe zur Wahrheit ausschlagen kann.
824 858 1640 984 Frankfurt an der Oder.
167 968 2258 1109 J. G. Töllners Erklärung in Ansehung seiner in der Königsbergschen gelehrten und
170 1067 2274 1206 politischen Zeitung Nro. 1. und 2. angezeigten wahren Gründe, warum GOtt die Offen=
549 1172 1892 1308 barung nicht mit augenscheinlichern Beweisen versehn hat.
199 1413 1211 1486 Sprachgebrauch auf die Uebereinstimmung
186 1476 1211 1549 mit dem durch öffentliches Ansehn bestätigten Lehrbe,
181 1541 1203 1635 griffe einer Kirche eingeschränkt worden: so könnte
188 1606 1206 1674 ich nicht gewissenhaft und ohne Verletzung der Red
175 1674 1209 1763 lichkeit für einen Lehrer in der lutherischen Kirche
181 1745 1211 1824 gehalten seyn wollen, oder mich der Zubereitung an¬
186 1813 1211 1894 gehender Lehrer für dieselbe unterziehen, wenn ich
183 1871 1206 1944 mich in meiner theologischen Erkentniß von dem
178 1986 1209 2072 mir daher schmerzhaft seyn müssen, mich eines Man¬
186 2067 1209 2151 gels der Orthodorie, und so gar der Gewohnheit,
183 2137 1206 2208 mich von derselben zu entfernen, angeklagt zu sehn.
178 2195 1209 2276 Und es ist mir um so schmerzhafter, als ich den
183 2266 1209 2355 Lehrbegrif der evangelisch-lutherischen Kirche, so
181 2336 1214 2412 weit solcher wirklich bestimmet, und Lehrbegrif die¬
186 2394 1211 2485 ser Kirche ist, mit völliger Ueberzeugung für schrift¬
183 2465 1109 2569 mäßig, und also wahrhaftig orthodor erkenne.
178 2650 1206 2724 gen von demselben werden meine Grundsätze vom
186 2718 1209 2797 Abendmahle des Herren und von der Ewigkeit der
178 2786 2255 2854 Höllenstrafen angeführt. Allein in Ansehung der Gegentheil sowohl mit philosophischen als theologi¬
186 2852 1206 2954 erstern wird mein Tractat vom Abendmahle
243 1303 2271 1426 a der Begrif der Orthodorie durch den des Herren für mich reden, in welchem ich ei¬
1224 1413 2258 1478 ne wahrhafte Gegenwart des Leibes und Blutes
1235 1470 2255 1570 Christi in dieser heiligen Handlung behauptet und
1230 1536 2255 1619 erwiesen, auch solche mit der an die menschliche
1227 1606 2266 1701 Natur des Erlösers mitgetheilten Algegenwart un¬
1237 1682 2263 1758 terstützt; und nur theils dasjenige, was damit von
1232 1742 2258 1821 der lutherischen Kirche vorgestellt wird, deutlich zu
1232 1816 2263 1884 machen und also allen Misdeutungen zu entziehen,
1237 1876 2268 1946 und als eine höchst annehmungswürdige Lehre dar¬
186 1931 2263 2020 Lehrbegriffe dieser Kirche entfernen solte. Es hat zustellen gesucht; theils aber die darüber zwischen
1232 2007 2258 2075 beiden evangelischen Kirchen vorhandne Uneinigkeit
1237 2064 2255 2140 für eine solche erklärt habe, welche in der zweckmäßi
1227 2130 2255 2211 gen Anwendung dieses Gnadenmittels nichts verän¬
1230 2190 2266 2274 dre, und daher als eine bloße theologische Uneinig,
1235 2271 2255 2342 keit keine Trennung hätte hervorbringen sollen:
1232 2328 2253 2410 welches auch viele orthodoxe Gottesgelehrten vor
1235 2394 2260 2465 mir gelehrt haben. Was aber die Ewigkeit der
1222 2454 2253 2535 Höllenstrafen betrift: so bin ich mir nicht bewust,
1227 2514 2258 2601 wie ich einigen Argwohn der Verwerfung derselben
222 2564 2255 2671 Als Proben meiner bereits bekannten Abweichun= von mir veranlaßt haben dürfte: da ich solche nicht
1227 2653 2258 2726 nur in meinem Grundrisse der dogmatischen
1230 2721 2253 2805 Theologie erweise und vertheidige; sondern das
1224 2852 2255 2959 schen Gründen streitend befinde. Ich gestehe, daß
