2479 3508
643 1609 766 1669 19tes
798 1610 944 1670 Stück.
1007 1611 1201 1671 Freytag,
1233 1608 1294 1668 den
1342 1608 1387 1668 8.
1419 1608 1566 1668 März,
1598 1608 1744 1668 1765.

383 1694 494 1754 Ueber
537 1694 606 1754 eine
649 1694 844 1754 gefährliche
880 1694 949 1754 Art

483 1831 854 1891 Medisanee.

172 1992 248 2052 Du
281 1988 344 2048 viel
364 1987 472 2047 Werth
504 1987 561 2047 auf
581 1987 676 2047 seinen
709 1987 797 2047 guten
824 1984 957 2044 Namen
990 1984 1110 2044 setzen,
1137 1982 1174 2042 ist

153 2040 413 2100 allemal,
437 2038 465 2098 in
495 2039 616 2099 soferne
640 2037 709 2097 eine
733 2034 970 2094 Schwachheit
994 2033 1040 2093 der
1064 2032 1178 2092 Eigen¬

153 2088 256 2148 liebe,
284 2088 332 2148 als
360 2088 409 2148 der
431 2088 507 2148 gute
530 2089 644 2149 Name
667 2088 803 2148 oftmals
831 2088 884 2148 auf
907 2087 961 2147 dem
1000 2082 1179 2142 unwissen¬

154 2134 210 2194 den
239 2138 371 2198 Urtheil
388 2139 514 2199 einiger
538 2139 755 2199 Zeitgenossen
784 2139 927 2199 beruht,
956 2137 1019 2197 und
1054 2134 1116 2194 uns
1145 2133 1173 2193 in

162 2184 213 2244 den
248 2186 409 2246 Verdacht
427 2186 507 2246 setzt,
531 2189 588 2249 daß
617 2187 674 2247 wir
698 2188 749 2248 die
773 2187 951 2247 Vorwürfe
969 2187 1078 2247 unsers
1107 2184 1176 2244 Ge=
1206 2181 1240 2241 in
1264 2181 1372 2241 Engel
1396 2181 1447 2241 des
1471 2177 1568 2237 Lichts
1604 2175 1793 2235 verkleidete
1823 2172 1960 2232 Satane
1990 2172 2070 2232 sind.
2122 2170 2208 2230 Man

152 2231 282 2291 wissens
308 2233 397 2293 durch
424 2231 543 2291 fremde
570 2234 726 2294 Lobreden
753 2239 977 2299 überschreyen
1009 2237 1144 2297 wollen.

211 2278 282 2338 Und
310 2279 381 2339 doch
410 2282 520 2342 würde
548 2281 575 2341 es
609 2283 680 2343 auch
714 2286 758 2346 ein
792 2288 1007 2348 gefährlicher
1030 2288 1168 2348 Stoicis

156 2323 231 2383 mus
259 2324 357 2384 seyn,
385 2327 472 2387 wenn
511 2330 581 2390 man
615 2332 696 2392 alles
729 2337 887 2397 mögliche
910 2336 1002 2396 Böse
1029 2336 1089 2396 von
1123 2336 1176 2396 sich

164 2372 256 2432 sagen
285 2375 388 2435 ließe,
413 2375 499 2435 ohne
523 2375 551 2435 es
586 2378 673 2438 durch
714 2382 759 2442 die
783 2389 898 2449 That,
922 2390 974 2450 als
1009 2388 1095 2448 durch
1130 2387 1176 2447 die

158 2422 272 2482 edelste
295 2421 535 2481 Rachbegierde
558 2426 590 2486 zu
618 2430 830 2490 widerlegen.

205 2467 305 2527 Unser
339 2468 417 2528 gute
451 2471 569 2531 Name
603 2473 658 2533 hat
693 2476 726 2536 zu
760 2481 826 2541 viel
849 2485 983 2545 Einfluß
1017 2484 1045 2544 in
1085 2485 1179 2545 unser

171 2520 272 2580 Glück
300 2521 359 2581 und
381 2518 407 2578 in
435 2520 542 2580 unsern
575 2521 705 2581 Credit.
732 2527 802 2587 Die
824 2533 915 2593 Welt
937 2533 969 2593 ist
991 2536 1115 2596 einmal
1137 2536 1179 2596 so.

166 2571 244 2631 Sie
257 2572 328 2632 will
342 2569 531 2629 methodisch
558 2572 701 2632 betrogen
735 2576 825 2636 seyn.
845 2580 916 2640 Sie
943 2584 1027 2644 traut
1048 2584 1158 2644 unserm

164 2620 272 2680 eignen
305 2620 511 2680 Bekenntniß
544 2619 594 2679 von
627 2620 736 2680 unsrer
763 2629 1013 2689 Aufrichtigkeit
1040 2633 1122 2693 nicht
1149 2634 1174 2694 so

169 2670 262 2730 sehr,
285 2672 334 2732 als
368 2672 422 2732 dem
462 2670 616 2730 Urtheil,
650 2670 715 2730 was
749 2675 853 2735 andre
882 2679 936 2739 von
975 2680 1035 2740 uns
1064 2682 1185 2742 fällen,

169 2716 204 2776 ob
235 2718 270 2778 sie
289 2721 379 2781 gleich
409 2722 506 2782 gewiß
536 2721 608 2781 noch
645 2721 734 2781 mehr
766 2724 855 2784 darin
886 2729 970 2789 irren
1007 2731 1181 2791 können,

158 2766 209 2826 als
238 2766 301 2826 wir
324 2769 432 2829 selbst.

213 2814 324 2874 Wenn
354 2819 430 2879 aber
449 2820 578 2880 jemand
608 2818 697 2878 durch
733 2817 856 2877 allerley
886 2826 1174 2886 Verleumdungen

168 2872 198 2932 so
223 2870 364 2930 glücklich
389 2871 444 2931 ist,
469 2873 597 2933 denen,
623 2870 671 2930 die
696 2870 757 2930 das
776 2870 972 2930 Gewerbe,
997 2876 1052 2936 das
1077 2880 1181 2940 Com=
1212 2878 1292 2938 allen
1348 2870 1550 2930 Corollariis
1600 2864 1617 2924 —
1686 2867 1888 2927 Scholien,
1925 2870 2096 2930 Registern
2159 2864 2219 2924 und

1216 1691 1329 1751 merz,
1358 1688 1413 1748 und
1448 1685 1499 1745 die
1522 1685 1754 1745 Freundschaft
1783 1682 1844 1742 mit
1873 1682 1934 1742 uns
1963 1679 2099 1739 bindet,
2122 1679 2229 1739 einzu¬

1203 1742 1336 1802 bilden,
1363 1738 1421 1798 daß
1449 1736 1507 1796 wir
1535 1736 1588 1796 dem
1632 1736 1717 1796 Falle
1744 1733 1829 1793 nahe
1851 1733 1942 1793 sind,
1975 1732 2033 1792 daß
2061 1730 2130 1790 man
2157 1730 2221 1790 uns

1205 1795 1239 1855 zu
1270 1790 1335 1850 viel
1351 1790 1477 1850 trauet,
1493 1787 1553 1847 und
1579 1784 1634 1844 daß
1660 1784 1720 1844 wir
1740 1782 1902 1842 entweder
1927 1778 2078 1838 betrügen
2104 1778 2215 1838 wollen

1207 1836 1280 1896 oder
1315 1836 1469 1896 betrügen
1510 1832 1664 1892 müssen:
1699 1831 1727 1891 so
1762 1831 1802 1891 ist
1837 1828 1864 1888 es
1905 1825 1956 1885 die
1986 1828 2111 1888 Pflicht
2134 1826 2225 1886 eines

1206 1882 1501 1942 Schriftstellers,
1534 1883 1614 1943 diese
1637 1879 1836 1939 gefährliche
1858 1880 1917 1940 Art
1939 1876 1992 1936 von
2025 1877 2218 1937 Medisanc¬

1197 1933 1439 1993 aufzudecken.

1254 1978 1341 2038 Dies
1368 1978 1445 2038 kann
1476 1978 1543 2038 man
1569 1977 1657 2037 nicht
1678 1973 1770 2033 besser
1792 1973 1900 2033 thun,
1937 1972 1982 2032 als
2014 1971 2101 2031 wenn
2143 1972 2210 2032 man

1202 2028 1313 2088 zeigt,
1335 2026 1392 2086 daß
1419 2025 1514 2085 solche
1536 2023 1785 2083 Verleumder,
1812 2020 1864 2080 bey
1891 2018 1976 2078 ihrer
1998 2020 2214 2080 angemaßten

1205 2077 1331 2137 Gabe,
1358 2076 1411 2136 von
1443 2073 1553 2133 andern
1586 2072 1617 2132 zu
1644 2070 1833 2130 weissagen,
1855 2067 1955 2127 kleine
1976 2067 2129 2127 Geister,
2151 2070 2213 2130 und

1210 2130 1262 2190 bey
1289 2127 1373 2187 ihrer
1395 2127 1631 2187 angerühmten
1663 2121 1853 2181 Begierde,
1880 2120 1979 2180 andre
2006 2118 2037 2178 zu
2069 2121 2227 2181 warnen,

1623 2224 1726 2284 Bald
1749 2223 1829 2283 wird
1846 2220 1873 2280 es
1901 2223 1960 2283 mit
1977 2223 2085 2283 unserm
2119 2223 2226 2283 Nach¬

1209 2234 1323 2294 flistert
1342 2230 1390 2290 sich
1415 2229 1463 2289 ins
1495 2226 1561 2286 Ohr

1224 2282 1289 2342 bar
1323 2282 1378 2342 aus
1412 2279 1512 2339 seyn!
1546 2273 1595 2333 Er
1629 2275 1706 2335 kann
1740 2275 1790 2335 sich
1823 2273 1911 2333 nicht
1935 2273 2028 2333 mehr
2062 2273 2195 2333 halten!

1210 2330 1294 2390 Eine
1316 2330 1410 2390 solche
1432 2329 1584 2389 Sprache
1611 2325 1647 2385 ist
1664 2324 1763 2384 etwas
1795 2324 1911 2384 mehr,
1938 2321 1985 2381 als
2006 2321 2074 2381 eine
2101 2321 2217 2381 Mücke

1202 2382 1328 2442 tödten,
1354 2378 1424 2438 oder
1450 2378 1531 2438 einem
1573 2378 1765 2438 Raubthier
1786 2371 1978 2431 auflauren.
2030 2368 2106 2428 Sie
2126 2369 2227 2429 greift

1210 2432 1280 2492 Leib
1307 2429 1371 2489 und
1394 2429 1529 2489 Seele,
1551 2426 1632 2486 Gut
1649 2423 1713 2483 und
1740 2423 1832 2483 Ehre
1865 2420 1951 2480 eines
1984 2417 2210 2477 vernünftigen

1210 2479 1385 2539 Menschen
1417 2476 1474 2536 an.
1521 2474 1634 2534 Frägt
1661 2475 1733 2535 man
1770 2470 1847 2530 denn
1878 2467 1950 2527 nach
1988 2464 2034 2524 dem
2076 2467 2220 2527 Grunde

1211 2532 1307 2592 dieses
1335 2527 1519 2587 Urtheils:
1552 2524 1579 2584 so
1601 2524 1671 2584 sagt
1693 2523 1791 2583 man:
1829 2520 1856 2580 ja
1883 2515 1953 2575 man
1981 2514 2057 2574 hält
2073 2514 2121 2574 die
2149 2515 2224 2575 Fol¬

1205 2583 1259 2643 gen
1292 2579 1433 2639 gewisser
1466 2573 1808 2633 Unternehmungen,
1846 2565 1922 2625 oder
1955 2561 2025 2621 eine
2058 2566 2215 2626 gastfreye

1204 2627 1443 2687 Wirthschaft,
1478 2626 1553 2686 oder
1577 2625 1659 2685 einen
1688 2616 1898 2676 gefährlichen
1928 2612 2050 2672 Feind,
2086 2617 2137 2677 den
2167 2617 2219 2677 der

1212 2679 1365 2739 Nachbar
1390 2675 1472 2735 hat,
1497 2673 1550 2733 für
1574 2673 1597 2733 so
1622 2667 1799 2727 schädlich,
1829 2661 1888 2721 daß
1919 2661 1948 2721 er
1984 2664 2143 2724 durchaus
2180 2670 2214 2730 an

1213 2730 1310 2790 seinem
1354 2724 1468 2784 ganzen
1496 2718 1615 2778 Glücke
1637 2715 1789 2775 Schaden
1822 2712 1958 2772 nehmen
1985 2718 2077 2778 muß.

1262 2775 1412 2835 Dieses,
1434 2771 1528 2831 unter
1562 2766 1628 2826 vier
1651 2766 1756 2826 Augen
1795 2769 2078 2829 ausgesprochen,
2107 2766 2229 2826 breitet

1219 2829 1267 2889 sich
1305 2823 1375 2883 bald
1413 2820 1505 2880 durch
1544 2817 1608 2877 vier
1647 2815 1705 2875 und
1734 2817 1879 2877 zwanzig
1907 2819 2020 2879 Ohren
2059 2817 2145 2877 aus,
2167 2816 2231 2876 mit

2093 2915 2234 2975 Druck¬
