2479 3508
662 1642 1786 1750 31tes Stück. Freitag, den 19. April, 1765.
367 1748 1006 1825 Königsberg und Leipzig.
234 1796 1211 1871 Die Hartungschen Erben und Joh. Dan. Zeise
185 1863 1209 1914 haben verlegt: ”Jo. Christoph. Wulff Med. Doct.
185 1912 1209 1961 Flora Borussica denuo efflorescens auctior, cum fi¬
182 1948 1204 2025 guris, 8vo, 1765. 19½/ Bogen nebst ½ Bogen
200 2004 1204 2063 "Kupfer". Der geschickte Herr Verfasser liefert uns
192 2056 1209 2115 hier 1219 Untergattungen der Kräuter und Ge¬
198 2084 2251 2156 wachse unseres Preußenlandes. Er folget des Lud. That zu verwundern, wie dieses schöne Werk dem
195 2140 2240 2202 Gerardi Florae Gallo-Provinciali in seiner Methode, Herrn Verfasser habe können unbekannt bleiben, da
195 2199 2251 2258 und in Benennung derer Klassen, deren er 55 an= er die Kenntniß der Geschichte der Natur und dahin
192 2258 1206 2320 führet. Hierauf zeiget er die Geschlechter an nach
192 2310 1216 2361 des unsterblichen Ritters von Linne seinen Generi¬
182 2343 1214 2415 bus Plantarum, und zugleich führt er auch die Sei=
198 2402 1214 2471 ten an, in Ant. Gouan Horto Regio Monspeliensi,
195 2435 2253 2500 darnach stehet die Linnäische Definition aus desselben den. Wäre dieses Werk dem Herrn Verfasser nicht
195 2492 1216 2566 Speciebus Plantarum, wie auch des Bauhini Be=
200 2548 1214 2618 nennung in dessen Pinax, nebst dem Namen der
213 2589 1224 2656 Pflanze aus Lösels Flora Borussica; zuletzt findet
200 2651 1224 2713 man den Ort, wo es wächset, ja hin und wieder liest
205 2697 1222 2766 man auch andere Benennungen der Pflanze, so wohl
205 2751 1224 2805 aus ältern als neuern Kräuterverständigen. In der
203 2787 1232 2856 Vorrede werden die Kränterkenner, welche unsere
208 2846 1234 2915 preußische Pflanzen beschrieben haben, in einer chro¬
203 2892 1242 2979 nologischen Ordnung hergezählet: allein es ist zu be=
1222 1740 2256 1832 dauren, daß der neueste derselben, der um die Na¬
1232 1804 2258 1881 turgeschichte überhaupt unsterblich verdiente Danzi¬
1229 1840 2248 1922 ger Patricius, Herr Gottfried Reyger, ist ausge¬
1227 1891 2251 1968 lassen worden; der schon im vorigen Jahre in Dan¬
1229 1945 2243 2017 zig bey Wedeln in Zvo ein Tentamen Florae Ge¬
1224 1989 2248 2058 danensis herausgegeben hat, welches vor vielen Bü¬
1227 2032 2245 2107 chern dieser Art große Vorzüge hat. Es ist in der
1229 2245 2251 2307 einschlagender Werke zu seinem Hauptgegenstande
1232 2294 2248 2366 gemachet, da er so nahe an Danzig wohnet, und da
1232 2340 2245 2412 des gelehrten Herrn Patricii Buch bereits in der
1239 2387 2253 2458 Göttingischen gelehrten Zeitung ist angezeiget wor¬
1239 2489 2248 2559 unbekannt geblieben, so håtte er seine Floram daraus
1232 2538 2253 2605 nicht nur um ein beträchtliches vermehren können,
1250 2587 2256 2661 sondern es hätten vielleicht auch die Ordnung der
1247 2636 2256 2715 Pflanzen, die ganz Linnäisch ist, und die schönen,
1239 2679 2263 2759 recht methodischen weitläuftigen Beschreibungen Ge¬
1245 2738 2266 2820 legenheit geben können, zu einer besseren Anordnung
1250 2795 2266 2859 der Pflanzen, und zu einer größeren Vollkommen¬
1260 2836 2263 2913 heir derer Definitionen derselben. Nach der Vor¬
1260 2882 2263 2987 rede folget ein Verzeichniß einiger Schriftsteller, wel
