2479 3508
226 342 400 402 gedrückt:
429 342 476 402 wo
500 344 574 404 alles
604 342 667 402 klar
691 342 755 402 ist:
779 342 813 402 da
837 342 877 402 ist
901 342 958 402 kein
988 342 1156 402 Glaube,
1180 342 1238 402 und

237 388 306 448 eine
329 389 556 449 Offenbarung
583 392 653 452 muß
681 390 924 450 Dunkelheiten
952 392 1076 452 haben,
1104 392 1163 452 und
1191 392 1239 452 den

234 437 402 497 Gehorsam
447 440 495 500 des
523 442 691 502 Menschen
724 441 778 501 auf
801 442 854 502 das
882 443 969 503 eigne
986 443 1132 503 Zeugniß
1154 438 1252 498 GOt¬

232 484 280 544 tes
313 488 345 548 zu
378 488 518 548 prüfen.

584 489 637 549 Ob
675 491 748 551 aber
776 488 871 548 dieser
903 489 1041 549 Beweis
1079 491 1131 551 des
1158 489 1248 549 Hrn.

237 536 441 596 Töllners
480 539 557 599 allen
586 539 685 599 Lesern
713 542 845 602 gefallen
874 540 979 600 wird,
1007 539 1095 599 wenn
1123 539 1161 599 sie
1184 539 1255 599 ihn,

236 585 308 645 nach
339 586 431 646 denen
458 588 483 648 in
520 588 571 648 den
607 589 736 649 vorigen
767 589 968 649 Abschnitten
1005 588 1241 648 vorgetragnen

240 634 356 694 Sätzen
389 637 533 697 prüfen,
560 638 618 698 und
645 637 682 697 ob
709 640 794 700 nicht
810 640 869 700 von
896 639 1045 699 manchen
1077 637 1263 697 mittelmä=

237 685 329 745 ßigen
357 687 460 747 Lesern
494 685 607 745 anjetzt
630 688 695 748 noch
728 688 842 748 größre
865 688 1050 748 Vorwürfe
1078 685 1175 745 gegen
1208 684 1257 744 die

242 736 458 796 Einrichtung
485 736 622 796 GOttes
644 739 792 799 gemacht
809 736 929 796 werden
962 736 1110 796 dörften;
1137 736 1247 796 wollen

235 782 296 842 wir
318 784 400 844 nicht
422 786 634 846 entscheiden.
687 786 743 846 So
770 786 837 846 viel
853 785 925 845 wird
957 784 998 844 ein
1024 784 1112 844 jeder
1134 784 1258 844 sagen:

242 831 316 891 Der
348 833 416 893 Hr.
443 834 548 894 Verf.
575 836 642 896 sagt
670 837 759 897 das,
780 834 848 894 was
880 834 980 894 andre
1002 834 1091 894 Leute
1123 834 1260 894 denken,

240 882 299 942 und
321 882 380 942 aus
413 885 760 945 Gewissenhaftigkeit
782 885 803 945 in
837 885 885 945 sich
912 882 1113 942 vergraben.
1167 882 1259 942 Sei¬

236 930 273 990 ne
300 935 459 995 Denkart
475 933 512 993 ist
534 935 666 995 indessen
699 934 719 994 so
747 933 959 993 angenehm,
991 935 1087 995 leicht
1114 933 1177 993 und
1209 932 1262 992 be¬

242 984 432 1044 zaubernd,
459 984 516 1044 und
554 984 638 1044 seine
660 983 865 1043 Schreibart
898 984 998 1044 besitzt
1030 984 1056 1044 so
1083 984 1156 1044 viel
1173 984 1262 1044 Gra¬

240 1034 330 1094 zien,
357 1032 415 1092 daß
447 1034 515 1094 man
553 1034 611 1094 das
638 1031 728 1091 Buch
755 1031 834 1091 nicht
861 1031 935 1091 eher
967 1033 1126 1093 weglegen
1163 1031 1258 1091 wird,

242 1082 289 1142 als
327 1082 374 1142 bis
411 1082 479 1142 man
518 1082 549 1142 es
581 1085 665 1145 ganz
692 1082 908 1142 durchgelesen
946 1082 1020 1142 hat.
1084 1082 1199 1142 Kostet
1226 1079 1252 1139 in

240 1133 294 1193 der
338 1133 549 1193 Kanterschen
593 1133 864 1193 Buchhandlung
908 1133 1048 1193 allhier,
1081 1133 1140 1193 wie
1184 1133 1254 1193 auch

243 1183 271 1243 in
306 1184 424 1244 Elbing
464 1184 526 1244 und
561 1184 673 1244 Mitau
714 1184 730 1244 1
765 1184 798 1244 fl.
827 1186 837 1246 9
878 1184 928 1244 gr.

650 1279 846 1339 Berlin.

292 1328 458 1388 „Briefe,
487 1333 536 1393 die
559 1332 681 1392 neueste
704 1335 877 1395 Litteratur
900 1331 1094 1391 betreffend.
1140 1329 1262 1389 Neun¬

247 1383 401 1443 „zehnter
437 1387 561 1447 Theil,
585 1387 644 1447 bey
680 1387 845 1447 Nicolai,
875 1387 999 1447 1764,
1024 1384 1064 1444 12
1089 1384 1230 1444 Bogen.

241 1435 362 1495 Dieser
387 1437 462 1497 neue
486 1437 591 1497 Theil
609 1437 743 1497 enthält
755 1437 901 1497 anfangs
931 1437 1018 1497 zwar
1054 1434 1153 1494 kleine
1183 1434 1263 1494 ganz

241 1488 433 1548 eingerückte
456 1488 603 1548 Stücke:
644 1485 809 1545 "Zweifel
832 1488 911 1548 über
940 1485 990 1545 die
1014 1484 1252 1544 Bestimmung

243 1530 318 1590 des
343 1536 540 1596 Menschen,
566 1536 626 1596 und
657 1534 783 1594 Orakel
804 1536 879 1596 über
904 1535 954 1595 die
975 1533 1232 1593 Bestimmung.

240 1582 353 1642 Beyde
380 1582 503 1642 Stücke
525 1583 586 1643 sind
613 1581 700 1641 durch
737 1581 829 1641 Hrn.
856 1581 1124 1641 Spaldings
1156 1578 1249 1638 Buch

243 1631 299 1691 von
332 1631 382 1691 der
407 1631 564 1691 neulichen
598 1628 746 1688 Materie
770 1627 942 1687 veranlaßt
962 1625 1110 1685 worden.
1167 1625 1250 1685 Man

245 1679 325 1739 wird
345 1679 396 1739 sich
427 1679 558 1739 allemal
579 1676 765 1736 wundern,
791 1673 851 1733 wie
877 1676 947 1736 man
973 1676 1029 1736 aus
1064 1673 1271 1733 philosophi¬

240 1727 320 1787 schen
351 1727 617 1787 Speculationen
648 1724 693 1784 die
719 1721 845 1781 Frage:
871 1721 946 1781 quid
971 1721 1097 1781 sumus,
1118 1721 1142 1781 et
1163 1718 1258 1778 quid¬

242 1775 297 1835 nam
343 1775 464 1835 victuri
485 1775 687 1835 gignimus?
718 1772 778 1832 hat
794 1772 930 1832 auflösen
961 1772 1092 1832 wollen,
1108 1769 1163 1829 und
1184 1766 1269 1826 war=

239 1825 321 1885 um,
343 1825 378 1885 da
405 1825 487 1885 schon
519 1825 565 1885 die
586 1821 716 1881 Sonne
737 1822 877 1882 scheint,
904 1819 975 1879 noch
1002 1819 1121 1879 immer
1142 1819 1183 1879 ein
1215 1817 1266 1877 ge¬

239 1874 379 1934 machtes
407 1873 504 1933 Feuer
532 1873 613 1933 einer
640 1868 776 1928 fremden
809 1872 917 1932 Fackel
939 1870 1031 1930 neben
1059 1867 1107 1927 ihr
1135 1868 1183 1928 her
1211 1866 1264 1926 an¬

231 1925 367 1985 gesteckt
389 1924 498 1984 wird?
537 1921 585 1981 die
619 1922 722 1982 etwas
755 1921 957 1981 Modartige
985 1921 1153 1981 geblümte
1176 1918 1268 1978 Aus¬

241 1978 389 2038 führung
417 1975 527 2035 beider
555 1975 682 2035 Stücke
716 1972 820 2032 dörfte
855 1972 920 2032 uns
954 1972 992 2032 am
1042 1969 1136 2029 Ende
1170 1969 1257 2029 wohl

240 2025 309 2085 noch
342 2025 413 2085 eben
446 2027 472 2087 in
511 2025 565 2085 der
587 2025 798 2085 Dunkelheit
826 2025 944 2085 laßen,
972 2023 1075 2083 worin
1113 2023 1172 2083 wir
1200 2023 1259 2083 erst

236 2076 376 2136 waren,
408 2078 605 2138 wenigstens
635 2076 695 2136 hat
721 2076 792 2136 man
828 2076 913 2136 das,
949 2075 1019 2135 was
1050 2073 1151 2133 beyde
1177 2072 1262 2132 Ver¬

237 2127 332 2187 fasser
353 2127 475 2187 sagen,
496 2127 580 2187 schon
613 2127 755 2187 errathen
787 2124 930 2184 können.
957 2119 998 2179 --
1041 2121 1115 2181 Der
1142 2122 1252 2182 288ste

240 2172 370 2232 Brief
398 2175 528 2235 enthält
556 2172 627 2232 eine
649 2175 893 2235 Beurtheilung
933 2169 1008 2229 "der
1030 2171 1247 2231 Altdorfschen

261 2223 466 2283 Bibliothek
494 2223 547 2283 der
580 2220 709 2280 schönen
747 2220 1044 2280 Wissenschaften,
1109 2219 1162 2279 die
1196 2217 1260 2277 mit

239 2275 313 2335 allem
356 2272 477 2332 Recht,
510 2270 535 2330 in
573 2269 631 2329 das
663 2270 844 2330 Städtlein
876 2267 1014 2327 Altdorf
1041 2267 1104 2327 mit
1126 2264 1258 2324 Protest

245 2324 308 2384 und
340 2324 440 2384 vielen
472 2321 636 2381 frommen
673 2318 825 2378 kritischen
868 2318 1180 2378 Segenswünschen
1212 2313 1264 2373 zu¬

237 2372 459 2432 rückgeschickt
487 2372 633 2432 werden.
683 2369 758 2429 Die
786 2366 953 2426 folgenden
992 2369 1095 2429 zwey
1139 2364 1263 2424 Brie¬

240 2420 271 2480 fe
293 2424 404 2484 zanken
437 2423 510 2483 über
538 2422 585 2482 die
607 2417 771 2477 Schrift:
799 2417 1042 2477 "Betrachtung
1064 2417 1112 2477 der
1134 2415 1266 2475 Schön¬

232 2463 326 2523 *heit
360 2470 388 2530 in
439 2470 534 2530 denen
579 2470 864 2530 Wissenschaften.
949 2467 1021 2527 Die
1061 2465 1262 2525 vorgebliche

241 2518 421 2578 ästhetische
450 2521 726 2581 Gründlichkeit,
750 2520 800 2580 die
823 2518 845 2578 in
885 2518 981 2578 dieser
1004 2518 1145 2578 Schrift
1168 2515 1258 2575 herr¬

235 2569 314 2629 schen
349 2570 440 2630 will,
464 2572 503 2632 ist
521 2572 548 2632 in
578 2572 663 2632 ihrer
692 2569 806 2629 Blöße
835 2569 880 2629 als
909 2569 1023 2629 Unsinn
1064 2566 1263 2626 aufgedeckt.

240 2617 315 2677 Der
343 2620 456 2680 291ste
479 2620 537 2680 und
570 2620 770 2680 folgende
798 2617 933 2677 Brief
960 2617 1046 2677 reden
1080 2614 1133 2674 von
1172 2611 1247 2671 "den

1085 2664 1177 2724 Man
1216 2661 1264 2721 ta-

261 2667 520 2727 Zerstreuungen
559 2669 612 2729 auf
635 2667 747 2727 Kosten
786 2667 834 2727 der
873 2664 1007 2724 Natur.

242 2717 310 2777 delt
343 2715 395 2775 den
427 2715 516 2775 Plan
554 2714 606 2774 des
633 2715 849 2775 Verfassers,
881 2718 944 2778 und
976 2715 1060 2775 seine
1087 2712 1256 2772 Vorrede,

240 2769 300 2829 und
326 2765 401 2825 weil
417 2766 487 2826 man
518 2765 675 2825 durchaus
701 2766 766 2826 auch
797 2766 923 2826 einmal
944 2766 1131 2826 andächteln
1162 2760 1252 2820 will:

243 2818 270 2878 so
293 2815 392 2875 findet
414 2814 486 2874 man
514 2811 563 2871 die
586 2812 729 2872 Scherze
746 2813 773 2873 in
807 2817 900 2877 dieser
923 2814 1060 2874 Schrift
1089 2814 1248 2874 durchaus

240 2864 484 2924 unanständig;
511 2861 628 2921 gerade
649 2864 697 2924 als
713 2861 798 2921 wenn
830 2864 877 2924 der
899 2865 984 2925 Witz
1000 2864 1064 2924 und
1085 2866 1127 2926 die
1149 2861 1255 2921 Mun¬

247 2918 341 2978 erkeit
366 2918 419 2978 nur
444 2918 532 2978 allein
569 2915 615 2975 für
646 2915 806 2975 Romane
831 2918 889 2978 und
914 2921 1097 2981 Liederchen
1129 2915 1258 2975 gepach=

1283 340 1327 400 tet
1351 337 1452 397 wäre.
1504 336 1611 396 Wenn
1652 339 1696 399 die
1720 340 1889 400 Verfasser
1913 342 1986 402 aber
2015 342 2071 402 gar
2100 339 2213 399 falsche
2242 339 2298 399 und

1290 386 1559 446 niederträchtige
1590 389 1771 449 Gedanken
1808 389 1864 449 von
1901 389 1953 449 dem
2000 389 2097 449 Leben
2130 389 2186 449 des
2217 389 2315 449 Erlö¬

1291 437 1354 497 sers
1386 434 1491 494 darein
1529 435 1628 495 finden
1671 439 1808 499 wollen:
1846 437 1877 497 so
1909 439 1983 499 muß
2010 440 2088 500 diese
2110 438 2300 498 Streiferey

1293 485 1378 545 derer
1417 482 1622 542 Briefsteller
1655 486 1687 546 in
1720 490 1778 550 das
1811 485 1881 545 Feld
1914 485 1968 545 der
2006 490 2189 550 Theologie
2217 488 2308 548 aller¬

1291 536 1385 596 dings
1418 533 1576 593 mitleidig
1603 538 1697 598 seyn;
1729 539 1786 599 und
1814 539 1882 599 man
1914 536 2014 596 dörfte
2035 540 2130 600 ihnen
2168 539 2225 599 nur
2257 539 2304 599 die

1292 580 1535 640 Schriftstellen
1562 583 1620 643 aus
1652 584 1704 644 der
1726 589 1852 649 Bibel,
1885 586 1937 646 die
1964 587 2011 647 ein
2044 586 2164 646 kleiner
2187 589 2312 649 Schul¬

1293 634 1395 694 knabe
1417 631 1498 691 schon
1525 634 1627 694 weis,
1650 637 1876 697 aufschlagen,
1898 637 1995 697 worin
2028 637 2087 697 das
2109 637 2206 697 Leben
2234 631 2314 691 JE¬

1295 685 1317 745 su
1346 680 1407 740 auf
1425 679 1560 739 Erden,
1583 682 1639 742 auf
1662 685 1707 745 die
1730 686 1910 746 kläglichste
1933 688 2012 748 Art,
2040 685 2091 745 als
2114 686 2158 746 ein
2187 685 2311 745 büßen¬

1291 731 1347 791 des
1373 730 1434 790 und
1461 731 1712 791 gnugthuendes
1739 736 1831 796 Leben
1862 736 2052 796 beschrieben
2084 736 2186 796 wird:
2213 736 2243 796 z.
2264 736 2310 796 E.

1286 781 1376 841 wenn
1413 778 1445 838 es
1477 778 1594 838 heißt:
1627 778 1674 838 Er
1702 784 1792 844 hatte
1819 785 1925 845 nicht,
1952 786 2000 846 wo
2032 786 2063 846 er
2096 786 2154 846 sein
2187 785 2309 845 Haupt

1293 828 1459 888 hinlegte:
1498 825 1546 885 Er
1568 825 1643 885 lebte
1670 827 1724 887 von
1751 834 1940 894 Allmosen:
1973 831 2021 891 Er
2049 837 2210 897 hungerte
2243 837 2302 897 und

1292 880 1450 940 durstete:
1477 871 1524 931 Er
1551 875 1673 935 brachte
1700 879 1805 939 etliche
1827 882 1963 942 Wochen
1996 882 2022 942 in
2060 885 2107 945 der
2134 885 2313 945 fürchterli¬

1287 928 1360 988 chen
1393 927 1508 987 Wüste
1535 924 1594 984 zu,
1626 926 1678 986 wo
1711 927 1757 987 ihn
1795 927 1843 987 der
1875 933 1991 993 Satan
2023 936 2213 996 versuchte,
2246 935 2303 995 und

1297 978 1346 1038 ihm
1385 978 1461 1038 alles
1490 975 1655 1035 schrecklich
1688 975 1748 1035 seyn
1782 978 1908 1038 mußte.
1953 981 2002 1041 Er
2031 984 2085 1044 hat
2113 984 2140 1044 in
2168 984 2217 1044 den
2251 984 2317 1044 Ta¬

1295 1030 1345 1090 gen
1386 1025 1488 1085 seines
1511 1025 1692 1085 Fleisches,
1727 1025 1789 1085 das
1818 1025 1874 1085 ist,
1903 1028 1931 1088 in
1966 1030 2067 1090 seinem
2113 1034 2232 1094 ganzen
2267 1034 2317 1094 Le¬

1294 1076 1383 1136 ben,
1405 1073 1521 1133 Gebet
1548 1073 1611 1133 und
1643 1073 1764 1133 Flehen
1802 1073 1864 1133 mit
1891 1076 2007 1136 starkem
2055 1082 2213 1142 Geschrey
2246 1082 2303 1142 und

1305 1125 1454 1185 Thränen
1496 1121 1666 1181 geopfert:
1698 1121 1729 1181 so
1766 1124 1889 1184 werden
1927 1127 1978 1187 die
2004 1132 2231 1192 Kunstrichter
2263 1132 2309 1192 die

1297 1174 1482 1234 Falschheit
1517 1172 1609 1232 ihres
1656 1172 1835 1232 Einwurfs
1876 1175 1980 1235 wider
2021 1177 2066 1237 die
2114 1184 2205 1244 47ste
2247 1181 2310 1241 und

1293 1225 1386 1285 48ste
1409 1225 1514 1285 Seite
1537 1222 1586 1282 des
1614 1222 1725 1282 Buchs
1753 1222 1820 1282 sehr
1842 1222 1930 1282 leicht
1959 1227 2130 1287 einsehen,
2159 1230 2219 1290 und
2253 1231 2302 1291 den

1292 1273 1462 1333 Verfasser
1500 1273 1547 1333 als
1585 1273 1696 1333 richtig
1729 1273 1866 1333 denkend
1910 1276 2154 1336 vertheidigen.
2234 1276 2313 1336 Wir

1300 1327 1477 1387 wünschten
1521 1324 1692 1384 indessen,
1732 1326 1787 1386 daß
1832 1324 1859 1384 er
1899 1324 1948 1384 die
1981 1324 2181 1384 Richtigkeit
2214 1327 2313 1387 seiner

1303 1381 1471 1441 Gedanken
1504 1378 1606 1438 wider
1634 1378 1715 1438 diese
1748 1377 1926 1437 Einwürfe
1954 1376 2024 1436 noch
2057 1377 2148 1437 mehr
2177 1378 2322 1438 verthei¬

1293 1431 1408 1491 digte,
1437 1431 1497 1491 und
1525 1431 1553 1491 da
1581 1430 1614 1490 er
1637 1428 1680 1488 sich
1708 1428 1791 1488 schon
1825 1428 1885 1488 auf
1908 1428 2052 1488 ”Kosten
2091 1428 2140 1488 der
2163 1430 2278 1490 Natur

1296 1479 1469 1539 zerstreuet
1496 1479 1582 1539 hat;
1604 1479 1631 1539 so
1669 1479 1787 1539 könnte
1821 1476 1852 1536 es
1885 1478 1933 1538 ihm
1983 1479 2074 1539 leicht
2102 1480 2231 1540 fallen,
2253 1479 2301 1539 sich

1290 1527 1359 1587 auch
1399 1527 1484 1587 "auf
1504 1524 1618 1584 Kosten
1658 1524 1707 1584 der
1743 1524 1887 1584 neuesten
1927 1527 2215 1587 Litteraturbriefe
2251 1530 2304 1590 von

1299 1572 1422 1632 "seiner
1464 1572 1710 1632 Zerstreuung"
1757 1573 1793 1633 zu
1846 1574 1994 1634 erholen.
2067 1575 2149 1635 Der
2191 1578 2309 1638 293ste

1301 1619 1433 1679 Brief
1460 1617 1634 1677 beurtheilt
1656 1616 1703 1676 die
1735 1617 1914 1677 "poetische
1936 1619 2169 1679 Bibliothek."
2228 1623 2322 1683 Die¬

1304 1669 1341 1729 ses
1369 1667 1493 1727 Buch,
1526 1666 1661 1726 welches
1694 1667 1796 1727 gewiß
1830 1667 1878 1727 die
1905 1667 2029 1727 Geißel
2063 1670 2148 1730 ihrer
2182 1675 2311 1735 Satyre

1300 1717 1383 1777 håtte
1404 1717 1503 1777 reizen
1530 1715 1686 1775 konnen,
1713 1717 1790 1777 wird
1817 1718 1884 1778 doch
1911 1718 1994 1778 nicht
2016 1718 2093 1778 etwa
2125 1721 2261 1781 deshalb
2287 1727 2313 1787 so

1300 1766 1469 1826 säuberlich
1496 1765 1692 1825 behandelt,
1714 1766 1788 1826 weil
1810 1767 1857 1827 die
1873 1769 2043 1829 Verfasser
2064 1772 2117 1832 der
2139 1775 2308 1835 poetischen

1301 1814 1501 1874 Bibliothek
1523 1814 1570 1874 sich
1597 1816 1623 1876 so
1650 1815 1718 1875 oft,
1745 1817 1819 1877 statt
1835 1817 1925 1877 ihrer
1952 1819 2057 1879 eignen
2084 1819 2226 1879 Urtheile
2258 1822 2315 1882 auf

1301 1864 1350 1924 die
1367 1867 1516 1927 Urtheile
1572 1865 1632 1925 aus
1666 1865 1715 1925 den
1744 1867 1882 1927 Briefen
1916 1870 1992 1930 über
2020 1871 2070 1931 die
2104 1873 2275 1933 Litteratur

1300 1918 1462 1978 berufen?
1490 1916 1608 1976 Sonst
1631 1918 1728 1978 findet
1750 1918 1815 1978 man
1843 1921 1869 1981 in
1902 1921 1950 1981 der
1978 1923 2080 1983 Kritik
2108 1924 2211 1984 einige
2233 1927 2319 1987 lehr=

1296 1969 1394 2029 reiche
1424 1969 1709 2029 Bemerkungen,
1749 1969 1797 2029 die
1828 1971 2000 2031 besonders
2040 1972 2093 2032 den
2133 1975 2310 2035 Character

1299 2020 1348 2080 des
1384 2022 1651 2082 Hagedorns
1687 2017 1747 2077 und
1783 2020 1990 2080 Gellerts
2026 2020 2217 2080 erläutern,
2248 2024 2308 2084 und

1300 2070 1366 2130 sehr
1389 2067 1493 2127 richtig
1521 2064 1786 2124 characteristisch
1814 2064 1891 2124 sind.
1953 2067 2013 2127 So
2041 2067 2134 2127 heißt
2157 2070 2184 2130 es
2218 2070 2250 2130 z.
2268 2074 2311 2134 E.

1300 2116 1353 2176 von
1392 2117 1597 2177 Gellerts
1625 2112 1770 2172 Fabeln:
1798 2112 1905 2172 Wenn
1934 2115 2003 2175 man
2031 2115 2111 2175 viele
2134 2120 2236 2180 seiner
2253 2123 2317 2183 Fa¬

1300 2165 1364 2225 beln
1392 2163 1483 2223 liest,
1506 2163 1624 2223 glaubt
1641 2163 1712 2223 man
1739 2163 1809 2223 eher
1837 2163 1879 2223 ein
1907 2166 2135 2226 Lehrgedicht,
2163 2171 2211 2231 als
2244 2172 2313 2232 eine

1298 2214 1524 2274 Fontainische
1546 2211 1646 2271 Fabel
1669 2211 1696 2271 zu
1724 2212 1823 2272 lesen.
1878 2215 1950 2275 Die
1972 2217 2088 2277 294ste
2111 2217 2171 2277 und
2194 2223 2309 2283 295ste

1295 2261 1454 2321 Briese
1490 2259 1620 2319 stäupen
1662 2261 1714 2321 den
1756 2263 1810 2323 V.
1846 2263 1898 2323 des
1940 2264 2034 2324 faden
2082 2270 2312 2330 Romans:

1326 2309 1552 2369 Freywells
1580 2309 1736 2369 beglückte
1758 2312 1909 2372 Tugend,
1953 2318 2098 2378 betitelt.
2109 2317 2120 2377 —
2169 2321 2309 2381 Kömmt

1292 2360 1323 2420 es
1356 2360 1413 2420 uns
1441 2360 1467 2420 so
1489 2360 1573 2420 vor,
1601 2360 1670 2420 oder
1697 2362 1733 2422 ist
1755 2361 1781 2421 es
1809 2366 1967 2426 wirklich,
1995 2369 2048 2429 daß
2075 2369 2122 2429 die
2144 2370 2308 2430 Verfasser

1297 2411 1466 2471 allmählig
1493 2411 1588 2471 müde
1615 2411 1767 2471 werden,
1794 2417 2080 2477 Originalgeister
2107 2423 2312 2483 anzufallen,

1293 2459 1354 2519 und
1377 2461 1443 2521 ihre
1466 2458 1595 2518 Gabe,
1629 2459 1656 2519 in
1691 2465 1937 2525 Hauptwerken
1972 2470 2094 2530 Fehler
2123 2470 2151 2530 zu
2191 2473 2319 2533 finden,

1296 2510 1366 2570 nach
1396 2509 1457 2569 und
1483 2509 1553 2569 nach
1579 2509 1639 2569 mit
1660 2512 1710 2572 der
1731 2515 1933 2575 wohlfeilern
1964 2521 2085 2581 Gabe,
2110 2520 2165 2580 von
2197 2521 2317 2581 mittel¬

1300 2560 1448 2620 mäßigen
1475 2561 1539 2621 und
1571 2561 1623 2621 zum
1661 2564 1873 2624 Zeitvertreib
1905 2571 2123 2631 geschriebnen
2155 2569 2303 2629 Büchern

1290 2613 1320 2673 zu
1347 2608 1541 2668 urtheilen,
1562 2611 1787 2671 vertauschen.
1866 2619 1934 2679 Und
1966 2618 1997 2678 da
2029 2617 2086 2677 ists
2118 2619 2238 2679 leicht,
2265 2621 2306 2681 ein

1294 2658 1400 2718 Ritter
1426 2658 1456 2718 zu
1482 2658 1629 2718 werden.
1696 2660 1772 2720 Der
1793 2664 1976 2724 Ausspruch
2002 2664 2200 2724 Salomons
2226 2670 2307 2730 wird

1296 2707 1354 2767 also
1382 2709 1446 2769 auch
1469 2709 1555 2769 mehr
1577 2709 1598 2769 in
1621 2710 1745 2770 Absicht
1762 2713 1853 2773 dieser
1875 2715 2114 2775 fürchterlichen
2141 2721 2314 2781 Enacks=

1287 2757 1462 2817 kinder,
1489 2759 1545 2819 vor
1572 2760 1665 2820 denen
1702 2766 1908 2826 Cramer,
1935 2766 2173 2826 Klopstock,
2200 2772 2308 2832 Wie¬

1290 2808 1385 2868 land
1423 2808 1480 2868 und
1513 2811 1645 2871 Dusch
1677 2815 1852 2875 zitterten,
1885 2816 1974 2876 wahr
2012 2817 2171 2877 werden:
2219 2821 2298 2881 "daß

1315 2857 1392 2917 alles
1420 2858 1514 2918 Ding
1542 2860 1569 2920 zu
1603 2864 1675 2924 eitel
1692 2864 1753 2924 ist,
1781 2864 1842 2924 und
1870 2864 1908 2924 ein
1936 2864 2025 2924 Ende
2059 2867 2136 2927 hat,
2170 2870 2225 2930 auf
2248 2871 2308 2931 Er=

1300 2912 1391 2972 "den.
1468 2913 1554 2973 Auch
1587 2917 1668 2977 des,
1695 2918 1749 2978 das
1782 2918 1912 2978 hernach
1951 2918 2096 2978 kommt,
2124 2921 2204 2981 wird
2227 2924 2296 2984 man

2206 2972 2302 3032 nicht
