2479 3508
140 369 257 429 andern
282 371 374 431 lange
401 369 486 429 nicht
512 369 542 429 so
574 369 642 429 sehr
667 372 858 432 berühmten
890 372 1063 432 Männern
1101 371 1137 431 fin

129 414 203 474 den.
252 419 396 479 Möchte
419 418 487 478 doch
515 419 589 479 Hr.
611 424 825 484 Cramer,
857 423 894 483 da
922 422 954 482 er
976 420 1061 480 eigen
1093 419 1151 479 und

141 464 224 524 schön
252 467 368 527 denkt,
397 467 463 527 auch
492 469 691 529 wahrhaftig
720 473 781 533 rein
815 473 836 533 in
865 472 964 532 seiner
987 470 1081 530 Lehre
1110 470 1165 530 ist,

142 512 202 572 uns
237 515 305 575 bald
347 515 393 575 die
428 518 694 578 "Abhandlung
723 524 783 584 von
818 522 872 582 der
900 521 1151 581 Genugthuung

141 562 318 622 Christi"
348 573 526 633 schenken,
549 579 600 639 die
623 583 652 643 er
675 582 704 642 in
734 582 831 642 seiner
876 580 1075 640 Erklärung
1106 578 1149 638 des

138 616 299 676 Briefes
330 622 358 682 an
388 625 431 685 die
454 628 622 688 Hebräer"
668 633 873 693 versprochen
903 631 960 691 hat
976 631 990 691 —
1043 631 1151 691 Sonst

396 789 592 849 Berlin,
621 792 676 852 den
711 792 774 852 16.
803 788 907 848 Febr.

181 826 226 886 Am
272 833 362 893 13ten
395 837 491 897 dieses
524 840 620 900 haben
647 840 698 900 sich
725 840 801 900 Se.
815 840 963 900 Durchl.
996 837 1047 897 der
1074 835 1163 895 Erb=

133 879 226 939 prinz
260 882 315 942 von
354 888 519 948 Curland,
553 889 586 949 zu
620 891 696 951 Sr.
725 888 891 948 Majestät
919 888 974 948 dem
1019 888 1151 948 Könige
1191 885 1240 945 als
1268 888 1312 948 ein
1334 886 1606 946 allergnädigstes
1634 885 1805 945 Andenken
1828 882 1910 942 ihrer
1933 882 2076 942 getreuen
2099 882 2209 942 Dien¬

135 928 207 988 nach
241 933 396 993 Potsdam
442 937 603 997 begeben,
642 939 697 999 des
731 942 881 1002 Mittags
921 939 1048 999 speisten
1088 938 1154 998 Sie

135 976 190 1036 bey
219 979 291 1039 Sr.
319 984 419 1044 Maj.
447 985 502 1045 des
536 987 669 1047 Abends
704 990 798 1050 sahen
832 990 909 1050 Se.
932 989 1082 1049 Durchl.
1105 986 1154 1046 die

140 1028 251 1088 Opera
283 1034 467 1094 Comique,
495 1035 552 1095 und
584 1038 742 1098 soupirten
780 1040 901 1100 darauf
934 1040 959 1100 so
997 1038 1060 1098 wie
1081 1037 1155 1097 auch

129 1080 374 1140 Donnerstags
402 1082 455 1142 bey
484 1083 560 1143 Sr.
577 1085 679 1145 Maj.
756 1088 898 1148 Gestern
937 1088 990 1148 des
1018 1088 1148 1148 Abend¬

133 1124 203 1184 war
226 1130 324 1190 große
347 1131 439 1191 Cour
461 1132 521 1192 und
549 1133 697 1193 Soupee
725 1136 773 1196 bey
801 1139 894 1199 Ihro
927 1138 1080 1198 Majest.
1103 1136 1157 1196 der

128 1180 307 1240 Königin,
336 1181 450 1241 wobey
484 1181 533 1241 sich
566 1182 642 1242 auch
675 1181 757 1241 Se.
785 1184 938 1244 Durchl.
966 1187 1080 1247 welche
1114 1184 1151 1244 an

129 1223 199 1283 eben
230 1228 281 1288 dem
327 1228 418 1288 Tage
444 1228 499 1288 von
530 1229 682 1289 Potsdam
723 1232 1053 1292 zurückgekommen,
1069 1232 1155 1292 nebst

134 1273 206 1333 dero
238 1276 497 1336 Hofcavaliers,
524 1279 575 1339 dem
622 1279 809 1339 Freyherrn
851 1280 913 1340 von
945 1279 1157 1339 Klopmann,

137 1324 247 1384 Herrn
277 1324 332 1384 von
363 1324 569 1384 Bolschwing
599 1324 664 1384 und
695 1326 750 1386 dem
796 1327 1006 1387 Rittmeister
1037 1327 1147 1387 Herrn

137 1372 380 1432 Reichsgrafen
406 1372 488 1432 Fink
510 1369 567 1429 von
609 1369 831 1429 Finkenstein,
857 1372 1054 1432 einfunden.

344 1414 670 1474 Regenspurg,
697 1415 748 1475 den
784 1413 826 1473 4.
852 1413 950 1473 Febr.

192 1459 258 1519 Für
280 1461 329 1521 die
358 1461 600 1521 abgebrandten
639 1461 887 1521 Königsberger
921 1461 959 1521 ist
976 1461 1036 1521 auf
1065 1458 1136 1518 Vor

140 1512 237 1572 stellen
270 1509 319 1569 des
347 1510 493 1570 dortigen
532 1512 760 1572 Magistrats,
787 1512 841 1572 von
880 1511 928 1571 der
956 1512 1070 1572 Stadt
1092 1512 1156 1572 Re¬

135 1563 292 1623 genspurg
320 1562 357 1622 am
401 1563 597 1623 verwichnen
630 1566 831 1626 Sonntage,
858 1566 907 1626 den
940 1564 1038 1624 27ten
1066 1565 1152 1625 Jan.

136 1613 203 1673 eine
232 1613 425 1673 freywillige
448 1616 584 1676 Collecte
607 1614 629 1674 in
664 1616 715 1676 den
744 1618 874 1678 hiesigen
908 1616 1141 1676 evangelischen

128 1667 244 1727 dreyen
277 1667 410 1727 Kirchen
448 1669 661 1729 veranstaltet
693 1670 847 1730 worden,
880 1670 943 1730 und
981 1668 1045 1728 sind
1077 1670 1130 1730 dem

134 1718 343 1778 Vernehmen
378 1721 451 1781 nach
486 1721 536 1781 bey
577 1723 662 1783 1000
703 1724 832 1784 Gulden
867 1724 901 1784 zu
935 1723 1031 1783 diesem
1083 1718 1156 1778 Be=

134 1770 201 1830 huf
225 1772 463 1832 eingegangen.

187 1817 260 1877 Der
298 1822 710 1882 Churbrandenburgische
748 1822 937 1882 Minister,
981 1822 1147 1882 Freyherr

128 1867 189 1927 von
217 1870 362 1930 Plotho,
391 1870 441 1930 den
475 1870 547 1930 Se.
570 1872 715 1932 Königl.
744 1873 950 1933 Preußische
984 1870 1151 1930 Majestät

123 1916 183 1976 vor
213 1920 333 1980 einigen
373 1918 512 1978 Wochen
548 1918 608 1978 von
643 1918 713 1978 hier
753 1921 822 1981 nach
858 1918 977 1978 Berlin
1013 1918 1147 1978 berufen

132 1969 259 2029 haben,
281 1966 359 2026 wird
392 1966 439 2026 dem
482 1966 624 2026 Verlaut
646 1968 714 2028 nach
747 1968 804 2028 vor
826 1967 926 2027 seiner
959 1966 1149 2026 Rückkunft

128 2017 239 2077 hieher
268 2017 340 2077 nach
369 2017 457 2077 Wien
503 2020 625 2080 gehen,
649 2018 715 2078 und
749 2017 799 2077 bey
834 2017 911 2077 Sr.
940 2016 1040 2076 Maj.
1074 2014 1129 2074 dem

129 2067 237 2127 Röm.
266 2068 374 2128 König
409 2068 437 2128 zu
472 2070 540 2130 dero
580 2067 757 2127 Beylager
792 2064 814 2124 im
866 2066 1003 2126 Namen
1038 2064 1140 2124 seines

134 2121 286 2181 Königs,
315 2120 360 2180 die
389 2121 643 2181 Glückwünsche
666 2121 819 2181 ablegen.
870 2118 960 2178 Man
989 2115 1057 2175 hält
1069 2114 1125 2174 aud

128 2169 256 2229 dafür,
295 2171 351 2231 daß
396 2169 490 2229 dieser
525 2172 692 2232 Minister
720 2172 798 2232 über
832 2169 1049 2229 verschiedene
1089 2166 1139 2226 bey

132 2217 188 2277 dem
236 2220 432 2280 Reichstage
459 2220 707 2280 obschwebende
728 2223 789 2283 und
821 2223 883 2283 mit
910 2220 1049 2280 nächsten
1080 2220 1152 2280 vor¬

135 2269 322 2329 kommende
350 2269 499 2329 wichtige
527 2270 732 2330 Geschäfte,
776 2272 836 2332 mit
865 2272 963 2332 neuen
1002 2270 1151 2330 Verhal=
1180 2267 1334 2327 Nordsee
1362 2267 1511 2327 bedienen
1544 2267 1660 2327 möge.
1727 2267 1782 2327 In
1821 2267 1986 2327 Georgien
2020 2270 2086 2330 sind
2120 2273 2196 2333 über

133 2318 382 2378 tungsbefehlen
427 2318 578 2378 versehen
628 2321 790 2381 worden,
829 2323 894 2383 und
932 2321 986 2381 bey
1025 2321 1127 2381 seinem

128 2366 335 2426 Aufenthalt
352 2366 379 2426 zu
413 2363 505 2423 Wien
539 2369 604 2429 mit
621 2370 675 2430 dem
725 2372 796 2432 Hof
818 2375 960 2435 darüber
988 2372 1157 2432 Verabre¬

134 2416 220 2476 dung
251 2414 378 2474 pflegen
404 2411 526 2471 werde.

337 2461 651 2521 Niederelbe,
676 2466 728 2526 den
765 2470 806 2530 5.
830 2470 936 2530 Febr.

182 2509 303 2569 Briefe
337 2509 392 2569 von
426 2512 603 2572 Warschau
637 2513 692 2573 vom
742 2516 853 2576 26sten
887 2521 986 2581 Jan.
1003 2515 1147 2575 melden,

132 2561 190 2621 daß
217 2563 243 2623 in
275 2561 323 2621 der
350 2560 483 2620 Gegend
504 2561 626 2621 Chozim
664 2563 769 2623 20000
796 2569 918 2629 Türken
951 2569 1009 2629 und
1031 2566 1136 2626 30000

132 2614 301 2674 Tartarn,
328 2611 386 2671 und
418 2613 476 2673 auf
497 2611 550 2671 der
577 2614 677 2674 Seite
709 2614 766 2674 von
804 2618 952 2678 Oczakow
995 2617 1137 2677 100000

138 2662 279 2722 Tartarn
326 2661 416 2721 unter
445 2663 660 2723 Commando
695 2664 785 2724 ihres
820 2670 938 2730 Chans
979 2670 1148 2730 angekom¬

133 2710 203 2770 men
237 2712 302 2772 seyn
330 2713 445 2773 solten.

427 2760 559 2820 Kiel,
589 2760 649 2820 den
685 2763 727 2823 4.
751 2764 858 2824 Febr.

186 2802 281 2862 Ihro
306 2808 444 2868 Rußisch
481 2811 625 2871 Kaiserl.
656 2813 758 2873 Maj.
789 2814 891 2874 haben
940 2817 1060 2877 neulich
1096 2817 1144 2877 der

133 2855 219 2915 Frau
247 2861 503 2921 Forstmeisterin
541 2861 704 2921 Bastian,
722 2861 748 2921 zu
776 2863 923 2923 Dargun
940 2864 966 2924 im
1005 2867 1151 2927 Herzog¬

135 2906 214 2966 thum
263 2912 514 2972 Mecklenburg,
551 2916 667 2976 welche
698 2915 845 2975 vormals
876 2918 930 2978 bey
956 2918 1145 2978 allerhöchst

1193 369 1349 429 beklagen
1374 366 1433 426 wir
1458 366 1530 426 ihn,
1549 366 1602 426 daß
1634 366 1675 426 die
1700 367 1916 427 Leipziger
1948 364 2200 424 Theologen

1199 418 1279 478 seine
1301 416 1447 476 Predigt
1469 416 1522 476 vom
1572 415 1625 475 H.
1647 416 1890 476 Abendmal
1913 416 1988 476 irrig
2021 413 2117 473 haben
2151 413 2209 473 fin¬

1193 467 1245 527 den
1278 467 1415 527 wollen,
1447 464 1542 524 geben
1580 464 1654 524 aber
1676 466 1744 526 doch
1777 464 1881 524 unsern
1914 464 2014 524 Lesern
2052 463 2105 523 S.
2126 467 2189 527 143

1194 522 1258 582 45.
1286 518 1345 578 und
1373 516 1427 576 S.
1438 515 1497 575 55.
1520 515 1568 575 zur
1596 515 1715 575 fernern
1748 515 1992 575 Ueberlegung.
2042 516 2155 576 Kostet
2177 515 2198 575 in

1185 575 1308 635 Torber

1188 628 1229 688 15
1264 628 1311 688 gr.

1184 786 1367 846 deroselben
1409 786 1444 846 zu
1486 786 1699 846 Petersburg
1735 784 1788 844 als
1836 784 2137 844 Kammerjungfer
2167 784 2196 844 in

1187 837 1346 897 Diensten
1383 837 1578 897 gestanden,
1605 834 1645 894 ein
1677 832 1837 892 Geschenk
1863 831 1919 891 von
1951 831 2032 891 1000
2069 831 2197 891 Rubeln

1185 938 1250 998 ste,
1272 938 1482 998 übermachen
1515 936 1542 996 zu
1575 936 1688 996 lassen,
1710 933 1737 993 in
1770 933 1910 993 Gnaden
1938 933 2088 993 geruhet.

1481 987 1632 1047 Haag,
1655 984 1711 1044 den
1752 985 1790 1045 5.
1819 981 1920 1041 Febr.

1237 1029 1309 1089 Der
1341 1034 1506 1094 gewesene
1532 1031 1785 1091 Commendant
1812 1031 1863 1091 der
1895 1031 2008 1091 Stadt
2035 1028 2205 1088 Brémen,

1185 1082 1274 1142 Herr
1301 1082 1354 1142 von
1386 1084 1523 1144 Böhm,
1544 1082 1670 1142 jetziger
1698 1081 1956 1141 Generalmajor
1978 1078 2004 1138 in
2036 1079 2194 1139 Diensten

1186 1132 1261 1192 Sr.
1284 1133 1551 1193 Portugisischen
1585 1135 1682 1195 Maj.
1711 1133 1808 1193 gieng
1841 1127 1896 1187 vor
1929 1130 2054 1190 einigen
2093 1130 2201 1190 Tagen

1180 1184 1252 1244 hier
1284 1183 1377 1243 durch
1409 1186 1486 1246 nach
1518 1184 1673 1244 London,
1711 1183 1752 1243 um
1805 1180 1851 1240 sich
1888 1178 1945 1238 von
1987 1179 2059 1239 dort
2091 1178 2205 1238 weiter

1191 1231 1264 1291 nach
1291 1231 1427 1291 Lissabon
1460 1231 1491 1291 zu
1518 1231 1675 1291 begeben.
1750 1225 1812 1285 Ein
1839 1225 2002 1285 Expresser
2035 1228 2092 1288 von
2129 1228 2182 1288 dem

1182 1282 1298 1342 Herrn
1330 1282 1601 1342 Feldmarschall,
1638 1281 1764 1341 Grafen
1808 1278 1860 1338 von
1903 1276 2210 1336 Lippe=Schaum¬

1185 1326 1285 1386 burg,
1311 1327 1371 1387 hat
1392 1330 1462 1390 eben
1498 1330 1664 1390 denselben
1701 1330 1781 1390 Weg
1812 1327 2029 1387 genommen,
2054 1327 2114 1387 und
2150 1327 2205 1387 seit

1184 1369 1238 1429 dem
1283 1372 1460 1432 verlautet,
1485 1374 1544 1434 daß
1574 1372 1643 1432 Se.
1663 1372 1741 1432 Erl.
1762 1375 1850 1435 selbst
1875 1375 1919 1435 sich
1950 1375 1979 1435 zu
2009 1375 2097 1435 Ende
2117 1375 2205 1435 künf¬

1183 1413 1267 1473 tigen
1295 1418 1528 1478 Merzmonats
1557 1416 1626 1476 auch
1655 1419 1772 1479 wieder
1791 1419 1879 1479 dahin
1907 1420 2033 1480 erheben
2057 1422 2201 1482 werden.

1462 1463 1632 1523 Paris,
1665 1464 1723 1524 den
1756 1464 1797 1524 4.
1825 1464 1925 1524 Febr.

1224 1508 1304 1568 Der
1329 1512 1416 1572 Herr
1441 1512 1577 1572 Wilckes
1602 1512 1664 1572 hat
1690 1512 1738 1572 sich
1770 1515 1825 1575 nun
1857 1512 1906 1572 von
1938 1515 2005 1575 hier
2031 1515 2204 1575 wegbege=

1175 1561 1256 1621 ben,
1284 1562 1354 1622 man
1382 1563 1458 1623 weiß
1491 1563 1562 1623 aber
1590 1566 1676 1626 nicht
1698 1563 1828 1623 wohin.
1879 1567 1959 1627 Der
1987 1569 2074 1629 Herr
2107 1566 2199 1626 Nor¬

1179 1613 1277 1673 mand
1312 1616 1475 1676 d'Estiolle
1493 1617 1730 1677 Pompadour,
1743 1619 1801 1679 hat
1824 1619 1870 1679 sich
1900 1619 1928 1679 am
1975 1622 2080 1682 24sten
2109 1620 2201 1680 Jan.

1182 1667 1245 1727 mit
1272 1667 1356 1727 einer
1378 1670 1541 1730 Tänzerin
1568 1672 1626 1732 aus
1653 1672 1705 1732 der
1727 1673 1859 1733 Opera,
1886 1670 2002 1730 womit
2023 1673 2054 1733 er
2076 1673 2192 1733 bereits

1188 1721 1387 1781 verschiedne
1420 1722 1548 1782 Kinder
1582 1724 1748 1784 gezeuget,
1782 1724 1842 1784 mit
1870 1723 2114 1783 Einwilligung
2147 1724 2202 1784 sei¬

1182 1772 1240 1832 ner
1272 1772 1522 1832 Verwandten,
1549 1775 1575 1835 zu
1613 1775 1751 1835 Nevilly
1783 1773 1895 1833 trauen
1932 1775 2044 1835 lassen,
2071 1775 2134 1835 und
2166 1774 2192 1834 in

1185 1820 1241 1880 dem
1288 1822 1494 1882 Ehcontrakt
1520 1822 1623 1882 seiner
1654 1823 1777 1883 Frauen
1814 1820 1958 1880 400000
1994 1819 2102 1879 Livres
2134 1821 2200 1881 ver¬

1182 1870 1371 1930 schrieben,
1415 1871 1485 1931 auch
1518 1873 1571 1933 für
1610 1870 1739 1930 dieselbe
1783 1873 1826 1933 ein
1870 1871 1988 1931 kleines
2038 1874 2205 1934 Landgut,

1188 1918 1347 1978 Baillon,
1376 1918 1524 1978 gekauft.

1429 1968 1637 2028 London,
1672 1968 1723 2028 den
1764 1966 1828 2026 25.
1857 1970 1955 2030 Jan.

1226 2015 1276 2075 Jn
1311 2014 1623 2074 Neu=Schottland
1657 2014 1713 2074 hat
1731 2014 1799 2074 man
1839 2016 1946 2076 schöne
1970 2020 2196 2080 Kupferberg=

1180 2060 1277 2120 werke
1304 2061 1490 2121 gefunden,
1522 2063 1578 2123 und
1604 2061 1671 2121 man
1703 2061 1739 2121 ist
1766 2061 1796 2121 im
1838 2064 1972 2124 Begriff
1993 2065 2127 2125 dieselbe
2159 2070 2189 2130 zu

1176 2112 1309 2172 nutzen.
1354 2112 1437 2172 Das
1465 2112 1671 2172 Parlament
1693 2109 1949 2169 berathschlaget
1966 2115 2016 2175 sich
2044 2117 2205 2177 darüber,

1181 2163 1243 2223 wie
1272 2163 1339 2223 man
1379 2162 1424 2222 sich
1464 2162 1515 2222 der
1538 2163 1842 2223 Schottländischen
1878 2163 1995 2223 Inseln
2030 2166 2091 2226 mit
2115 2169 2199 2229 Vor¬

1171 2216 1257 2276 theil
1287 2214 1344 2274 zur
1380 2214 1570 2274 Aufnahme
1606 2217 1692 2277 einer
1727 2217 2034 2277 Häringsfischerey
2069 2220 2098 2280 in
2139 2222 2190 2282 des

1180 2315 1293 2375 17000
1325 2316 1459 2376 Bäume
1481 2315 1538 2375 von
1570 2318 1724 2378 Lagwood
1751 2316 1932 2376 gepflanzet
1954 2318 2109 2378 worden,
2146 2323 2192 2383 die

1180 2366 1355 2426 ungemein
1387 2366 1476 2426 wohl
1504 2366 1651 2426 treiben,
1678 2366 1704 2426 so
1737 2366 1794 2426 daß
1827 2366 1895 2426 man
1933 2367 2091 2427 Hofnung
2123 2371 2197 2431 hat,

1180 2416 1226 2476 die
1253 2414 1408 2474 Spanier
1440 2414 1527 2474 nicht
1554 2417 1667 2477 länger
1694 2417 1787 2477 mehr
1819 2415 1844 2475 zu
1881 2417 2104 2477 beschweren,
2130 2420 2187 2480 und

1188 2464 1233 2524 sich
1256 2464 1352 2524 dieses
1375 2464 1527 2524 köstlichen
1551 2467 1748 2527 Färbholzes
1777 2464 1827 2524 von
1856 2464 2048 2524 Brittischen
2071 2466 2189 2526 Grund

1185 2515 1248 2575 und
1280 2512 1397 2572 Boden
1434 2515 1582 2575 bedienen
1620 2515 1651 2575 zu
1683 2515 1831 2575 können.
1880 2512 1985 2572 Diese
2012 2512 2128 2572 Woche
2160 2517 2197 2577 ist

1185 2566 1227 2626 ein
1259 2563 1397 2623 Courier
1424 2563 1476 2623 von
1514 2565 1582 2625 hier
1609 2565 1683 2625 nach
1705 2563 1837 2623 Pohlen
1874 2563 2107 2623 abgegangen,
2134 2569 2197 2629 mit

1188 2616 1298 2676 solchen
1327 2614 1610 2674 Vorstellungen,
1633 2614 1682 2674 die
1711 2613 1782 2673 man
1816 2610 1894 2670 stark
1922 2614 2027 2674 genug
2061 2615 2088 2675 zu
2128 2620 2188 2680 seyn

1182 2667 1320 2727 glaubt,
1350 2664 1402 2724 den
1437 2664 1664 2724 Protestanten
1699 2658 1728 2718 in
1751 2658 1879 2718 Pohlen
1915 2660 1966 2720 die
1996 2664 2082 2724 freye
2106 2668 2204 2728 Reli¬

1182 2715 1397 2775 gionsübung
1426 2712 1484 2772 und
1514 2712 1613 2772 andre
1637 2709 1846 2769 Privilegien
1876 2715 2126 2775 auszuwirken.

1378 2760 1705 2820 Montpellier,
1732 2758 1782 2818 den
1823 2758 1886 2818 16.
1913 2768 2008 2828 Jan.

1233 2812 1303 2872 Der
1329 2811 1445 2871 hiesige
1465 2809 1606 2869 Landtag
1640 2806 1678 2866 ist
1704 2807 1729 2867 zu
1769 2815 1981 2875 allgemeiner
2007 2823 2200 2883 Zufrieden=

1178 2864 1252 2924 heit
1274 2861 1443 2921 geendiget
1465 2858 1614 2918 worden.
1669 2858 1778 2918 Unter
1806 2865 1860 2925 den
1901 2865 1942 2925 77
1977 2870 2180 2930 Mahlzeiten

1179 2918 1293 2978 welche
1324 2915 1376 2975 der
1400 2912 1490 2972 Graf
1522 2909 1612 2969 d'En
1644 2913 1841 2973 währender
1872 2924 1947 2984 Zeit
1971 2922 2137 2982 gegeben,
2161 2920 2198 2980 ist
