2479 3508
400 318 961 394 Leipzig, den 30. Merz.
222 365 1200 446 Es sind Nachrichten vorhanden, welche melden,
169 427 1192 496 daß die Demelee, welche Danzig mit dem neuen Kö¬
171 482 1201 537 nige in Polen und der Republik gehabt hat, gegen
175 530 1202 594 Erlegung von 5 bis 600000 Holländischen Ducaten
171 577 1197 653 assoupirt, und eine polnische Werbung von der Stadt
171 634 656 710 zugestanden worden sey.
400 678 982 754 Eisenach, vom 27. März.
219 717 1197 781 Heute Vormittags zwischen 8 und 9 Uhr, wur¬
166 771 1193 831 den wir in das gröste Schrecken gesetzet, als die
175 822 1200 896 Nachricht einlief, daß die Stadt Creutzburg in völli¬
166 878 1200 945 ger Flamme stünde. Jedermann, und auch die hiesi¬
166 932 1193 995 gen Landhusaren, suchten den Nothleidenden zu Hülfe
169 978 1193 1049 zu eilen. Nachmittags lief, mittelst eines von daher
169 1027 1188 1090 zurückkommenden Husaren, der Bericht ein, nach
166 1079 1193 1137 welchem ein mit seiner Mutter nun entlaufener Kna¬
166 1123 1197 1178 be mit einer losgeschossenen sogenannten Schlüssel¬
166 1175 1193 1228 büchse das Feuer veranlasset, welches vom Eisenacher
178 1224 1191 1285 Thore bey dem erschrecklichen Südwestwinde eiligst
169 1271 1199 1326 um sich gegriffen, zu beyden Seiten den Steinhof,
166 1320 1200 1371 den Markt und Plan, Kloster= und Pfarrgasse, und
168 1360 1199 1433 die halbe Langengasse, nebst dem schönen Glocken¬
166 1411 1186 1472 thurm und Kirche, Pfarr= und Schulhäusern, auch
171 1454 1184 1516 Rathhause, ohne die mindeste Rettung der Brief
177 1504 1188 1579 schaften, in die Asche geleget hätte, und nur wenige
166 1556 1191 1620 Häuser in der Pietschengasse, nebst der halben Lan¬
175 1603 1191 1677 gengasse, Herrschaftl. Schaafhof, und Harstallischen
178 1657 1188 1724 Gute, auch auf dem Berge liegenden Amthause,
171 1711 1201 1773 durch die auf die allenthalben herbeygeeilte Hülfe, er¬
171 1763 1201 1835 halten worden, auch eine Magd und Kind verbrannt
171 1816 1195 1870 und noch verschiedene Kinder vermisset wuͤrden. Das
175 1867 1193 1927 große Unglück, so diese arme Stadt betroffen, da das
178 1911 1195 1972 Feuer bey einem erstaunlichen Wind schleunig überhand
175 1968 1195 2032 genommen, so, daß niemand etwas zu retten im Stande
175 2001 1186 2074 gewesen, ist mit der Feder nicht zu beschreiben. Hoch¬
175 2058 1188 2123 fürstl. Obervormundschaftliche Regierung hat dahero
171 2110 1186 2174 besagten Tages noch die nöthige Veranstaltung getrof
175 2157 1193 2223 fen, und für die Verunglückten nicht nur einige Le¬
171 2211 1201 2272 bensmittel in hiesiger Stadt colligiren und durch be¬
180 2257 1197 2316 sondere Fuhren überbringen lassen, sondern auch de¬
171 2315 1201 2367 nen benachbarten Dorfschaften anbefohlen, denen ar¬
175 2364 1193 2423 men Kreutzbürgern mit ihrer Hülfe, durch hinläng¬
171 2411 1197 2471 liche Mannschaft und Weibspersonen, mit But¬
175 2463 1200 2518 ten und sonstigem Gesässe, indem daselbst alles mit
171 2513 1195 2563 verbrannt, zu Löschung der Brandstätten, und Con¬
183 2559 1170 2638 servirung der noch wenigen Häuser, beyzuspringen.
430 2606 959 2669 Maynz, den 31. Merz.
228 2659 1193 2718 Man verbreitet hier falsche Louis d'or-oder Louis
171 2692 1195 2781 Neufs aus Frankreich, imgleichen falsche große Kro¬
175 2755 1192 2821 nenthaler aus demselben Königreich. Aber die ersten
184 2812 1191 2883 sind an dem Wort Navarre und die andern an dem
166 2849 727 2941 Wort Nomine zu erkennen.
1278 326 2248 392 Schreiben des Hofraths und Stadtphysici, Hrn. D.
1342 387 2250 447 Klärich, von der magnetischen Kraft bey Zahn¬
1348 429 2155 487 schmerzen. Aus Göttingen, vom — März.
1273 485 2254 535 Obgleich schon im vorigen Jahre in verschiedenen
1229 536 2254 592 öffentlichen Blättern von der magnetischen Kraft, bey
1226 584 2255 646 Zahnschmerzen, Meldung geschehen ist; so habe ich
1223 634 2257 696 doch keine Versuche anstellen mögen. Denn ich tra¬
1226 683 2255 741 ge gar kein Bedenken, frey zu bekennen, daß ich an
1223 731 1976 789 der Wirkung gänzlich gezweifelt habe.
2027 731 2257 798 Nunmehro
1229 781 2250 843 aber ist es mir ein vorzügliches Vergnügen, daß ich
1229 836 2257 889 von der Richtigkeit einer mir sonst zweifelhaften Sa¬
1231 880 2254 949 che, welche an sich so nützlich als wichtig ist, auf eine
1229 930 2260 986 angenehme Art gewiß überzeuget worden bin. Man
1229 978 2250 1041 kann daher zuverläßig ein unpartheyisches Zeugniß
1229 1030 2254 1084 von mir erwarten. Ich habe seit 6 Wochen keine Ge¬
1223 1079 2257 1135 legenheit vorbeygehen laßen, Versuche mit der magne¬
1231 1130 2250 1180 tischen Kraft bey Zahnschmerzen, welche seit einiger
1231 1180 2254 1240 Zeit in hiesigen Gegenden sehr gewüͤthet haben, an¬
1237 1228 2254 1287 zustellen. Und ich habe die Wirkung des Magnets
1231 1280 2257 1333 bey 54 Personen hülfreich befunden. Die Zahnschmer=
1233 1327 2254 1384 zen, welche ich mit dem Magnete vertrieben habe, sind
1226 1376 2257 1421 von verschiedenen Arten gewesen. Bey einigen war
1223 1412 2254 1477 der Schmerz von hohlen Zähnen entstanden, bey an¬
1222 1467 2257 1523 dern von sogenannten Flüssen, und bey einem 6jähri¬
1226 1513 2255 1575 gen Mädchen von einem Zahne, welcher durchbrechen
1223 1566 2257 1620 wollte. Von allen diesen 54 Personen hat noch kei=
1229 1623 2254 1672 ner wieder über neue Schmerzen, als das Kind am
1233 1668 2257 1726 folgenden, und eine Frau nach dem achten Tage gekla¬
1240 1722 2257 1782 get, welche aber beyde, nach wiederholtem Anhalten
1229 1763 2257 1829 des Magnets, auch davon wieder glücklich befreyet
1233 1822 2257 1876 wurden. Ich habe angemerket, daß bey einigen alle
1229 1871 2259 1929 mögliche Hülfsmtttel, als Aderlässe, Laxiren, Fußbä¬
1231 1924 2257 1972 der, Blasenpflaster, der saure Vitriolspiritus, Nelken¬
1231 1969 2254 2019 öhl, Opium und dergleichen, zuvor ohne Hülfe waren
1229 2014 2250 2072 gebraucht worden, die doch zu meiner größten Ver¬
1229 2062 2248 2116 wunderung in einer Zeit von 3 bis 4 Minuten, und
1229 2112 2250 2172 nicht länger, durch das Anhalten des Magnets auf
1229 2164 2254 2222 dem leidenden Orte, von ihren Schmerzen befreyet
1229 2215 2250 2271 wurden. Die Kranken haben alle, bey dem Anhalten
1233 2264 2254 2330 des Magnets an den leidenden Theilen einerley wahr¬
1229 2317 2250 2378 genommen: als zuerst eine sehr kalte Empfindung,
1229 2371 2241 2423 und nicht lange hernach eine wallende Bewegung und
1231 2411 2248 2473 ein Klopfen. Wann das letztere entstand, so höͤrten
1228 2465 2250 2520 die Schmerzen alsobald auf. Die Stellung mit dem
1233 2512 2248 2570 Gesichte nach Norden, und das Anrüͤhren mit dem
1226 2561 2245 2620 Nordpole des Magnets, auch daß die Kranken sich
1231 2608 2241 2675 selbst den Magnet an den leidenden Theil anhalten,
1237 2660 2245 2723 sind bey den Versuchen allemal höchst nothwendig zu
1229 2713 2250 2768 beobachtende Umstände gewesen. Denn bey denen,
1229 2762 2250 2813 wo diese bemeldeten Stücke nicht genau waren beob¬
1226 2812 2250 2875 achtet worden, fand sich keine Linderung. Ich bedie=
1217 2860 2250 2927 ne mich daher bey den Versuchen eines Compasses,
2177 2916 2258 2982 da,
