2479 3508
199 342 325 402 Grods
355 342 539 402 verschicket
569 339 730 399 worden,
759 341 822 401 auf
852 339 909 399 den
950 342 1220 402 bevorstehenden

203 390 531 450 Relationslandtag
569 389 621 449 des
659 389 933 449 Samogitischen
971 392 1230 452 Fürstenthums

209 444 273 504 soll
295 440 343 500 sich
371 439 419 499 der
441 439 505 499 Hr.
522 439 614 499 Graf
637 437 690 497 von
718 440 902 500 Flemming
929 440 1107 500 gewesener
1135 441 1226 501 Groß

213 489 439 549 schatzmeister
465 485 523 545 von
549 488 701 548 Lithauen
734 489 922 549 bemühen,
949 493 986 553 um
1028 491 1080 551 von
1112 491 1232 551 dasigen

214 539 376 599 Ständen
409 538 461 598 zum
504 539 678 599 Starosten
710 539 810 599 dieses
837 540 1090 600 Fürstenthums
1117 542 1248 602 erwäh¬

210 589 252 649 let
274 589 300 649 zu
333 589 476 649 werden.
530 589 603 649 Die
625 592 811 652 Gemahlin
844 589 891 649 des
918 589 1109 649 abgesetzten
1142 589 1226 649 Woy

208 640 320 700 woden
352 640 406 700 von
438 637 550 697 Wilda
588 640 721 700 Fürsten
759 640 817 700 von
861 640 1069 700 Radziwill,
1107 641 1251 701 geborne

216 688 338 748 Gräfin
372 688 571 748 Rzewaszka
605 688 660 748 soll
677 691 877 751 entschlossen
906 691 994 751 seyn,
1028 691 1078 751 sich
1106 690 1161 750 von
1200 688 1250 748 ih¬

208 741 262 801 ren
296 739 448 799 Gemahl
471 739 503 799 zu
531 739 688 799 scheiden.
744 740 825 800 Des
853 739 983 799 Fürsten
1017 736 1245 796 Großkanzler

222 787 280 847 von
308 786 459 846 Lithauen
493 786 638 846 Durchl.
655 788 713 848 und
742 786 790 846 der
817 786 887 846 Hr.
904 789 1039 849 Bischof
1061 788 1115 848 von
1148 786 1244 846 Plock

215 837 316 897 haben
353 836 379 896 in
418 837 550 897 hiesigem
598 835 694 895 Grod
727 834 816 894 ihren
844 837 950 897 Receß
982 837 1040 897 von
1078 837 1131 897 der
1163 834 1253 894 Vor¬

224 888 434 948 mundschaft
462 885 537 945 über
571 885 624 945 die
657 885 770 945 Güter
803 885 949 945 besagten
994 885 1150 945 Fürstens
1189 885 1242 945 von

223 936 414 996 Radziwill
445 934 704 994 verlautbaret,
741 936 787 996 ein
829 936 963 996 gleiches
1000 936 1061 996 soll
1093 936 1165 996 auch
1202 936 1253 996 der

223 984 321 1044 Fürst
343 984 549 1044 Radziwill,
583 984 734 1044 Ordinat
763 984 817 1044 von
850 987 947 1047 Klock
975 986 1094 1046 gethan
1128 984 1258 1044 haben.

216 1034 291 1094 Die
325 1031 455 1091 Grafen
494 1031 700 1091 Rzewuski,
734 1034 918 1094 Fähndrich
952 1034 1011 1094 und
1044 1034 1120 1094 Pac
1137 1034 1240 1094 Unter

223 1084 364 1144 truchses
401 1082 456 1142 von
497 1082 654 1142 Lithauen
690 1081 756 1141 sind
787 1082 847 1142 vor
878 1082 1004 1142 etlichen
1040 1082 1152 1142 Tagen
1193 1082 1248 1142 von

229 1133 302 1193 hier
334 1133 370 1193 ad
403 1130 534 1190 propria
567 1130 735 1190 verreiset.
794 1130 1005 1190 Imgleichen
1047 1133 1147 1193 stehen
1185 1133 1258 1193 Sr.

223 1185 376 1245 Durchl.
411 1179 467 1239 der
502 1175 599 1235 Fürst
634 1181 776 1241 Primas
818 1178 845 1238 im
897 1181 1057 1241 Begriff,
1092 1182 1143 1242 sich
1183 1181 1251 1241 nach

235 1232 461 1292 Skierniewik
489 1230 515 1290 zu
548 1228 705 1288 begeben.
744 1230 808 1290 Als
830 1228 884 1288 der
906 1228 976 1288 Hr.
993 1231 1117 1291 Zaklcka
1145 1228 1247 1288 Stall

232 1284 356 1344 meister
400 1279 454 1339 des
492 1278 627 1338 Fürsten
666 1279 883 1339 Lubomirski
917 1279 1171 1339 Kronstrasnick
1204 1276 1236 1336 am

229 1332 451 1392 Thomasfest
479 1329 528 1389 als
561 1330 598 1390 an
637 1330 735 1390 seinem
779 1330 1018 1390 Namenstage
1046 1333 1154 1393 einige
1182 1332 1257 1392 gute

232 1387 383 1447 Freunde
406 1383 433 1443 in
461 1384 563 1444 seinem
607 1384 770 1444 Quartier
793 1384 1070 1444 aufgenommen,
1098 1384 1206 1444 wurde
1228 1384 1260 1444 er

225 1435 281 1495 von
315 1437 400 1497 einer
423 1437 547 1497 Wache
582 1435 632 1495 der
661 1435 910 1495 neuerrichteten
945 1437 1160 1497 Compagnie
1189 1437 1245 1497 des
1279 1435 1352 1495 chen
1381 1437 1466 1497 Hofe
1495 1437 1574 1497 viele
1597 1439 1710 1499 Jahre
1727 1437 1817 1497 durch
1846 1439 1891 1499 die
1926 1437 2118 1497 wichtigsten
2153 1434 2299 1494 Dienste

231 1488 328 1548 Hrn.
355 1488 509 1548 General
541 1487 726 1547 Ronnicker
758 1488 943 1548 attaquiret
970 1485 1031 1545 und
1068 1482 1258 1542 erschossen.

234 1631 472 1691 schallsgericht
494 1625 701 1685 übergeben,
728 1625 764 1685 um
813 1625 951 1685 daselbst
978 1625 1109 1685 peinlich
1142 1625 1242 1685 gerich

226 1679 276 1739 tet
307 1679 336 1739 zu
383 1676 535 1736 werden.
586 1674 743 1734 Nachdem
794 1670 855 1730 vor
891 1673 1002 1733 kurzen
1044 1674 1088 1734 ein
1135 1674 1266 1734 berüch¬

240 1729 342 1789 tigter
364 1722 608 1782 Kartenspieler
635 1721 791 1781 Namens
819 1721 960 1781 Natalis
988 1721 1036 1781 sich
1063 1721 1133 1781 hier
1161 1721 1263 1781 einge¬

239 1776 390 1836 sunden,
423 1772 487 1832 und
515 1771 628 1831 durchs
661 1769 774 1829 falsche
796 1772 968 1832 Spielen,
1001 1773 1136 1833 welches
1169 1772 1265 1832 offen¬

242 1825 333 1885 baret
356 1822 507 1882 worden,
534 1822 631 1882 vielen
670 1822 794 1882 Herren
832 1822 875 1882 ein
908 1822 1027 1882 großes
1055 1822 1141 1882 Geld
1168 1822 1265 1882 abge¬

241 1873 428 1933 nommen,
462 1870 489 1930 so
523 1870 561 1930 ist
589 1868 643 1928 ihm
694 1870 787 1930 dieses
821 1870 909 1930 Geld
943 1873 1030 1933 durch
1064 1873 1119 1933 das
1153 1874 1240 1934 Kron

240 1922 556 1982 marschallsgericht
573 1921 660 1981 nicht
682 1924 741 1984 nur
759 1924 982 1984 abgesprochen
1010 1924 1069 1984 und
1092 1927 1233 1987 abgenom

240 1978 345 2038 men,
367 1977 498 2037 sondern
531 1975 562 2035 er
589 1976 662 2036 auch
694 1977 784 2037 selbst
817 1975 874 2035 von
912 1976 964 2036 der
986 1978 1102 2038 Stadt
1129 1978 1266 2038 verwie¬

248 2028 318 2088 sen.
343 2028 413 2088 Auf
431 2025 548 2085 gleiche
572 2025 631 2085 Art
655 2028 713 2088 hat
732 2028 761 2088 er
785 2028 808 2088 in
838 2028 1044 2088 Petersburg
1074 2033 1127 2093 bey
1145 2031 1250 2091 30000

247 2076 396 2136 Ducaten
439 2074 475 2134 an
513 2076 561 2136 sich
598 2079 773 2139 gebracht,
795 2079 976 2139 deshalben
1019 2083 1050 2143 er
1088 2083 1157 2143 auch
1200 2082 1258 2142 vor

241 2127 367 2187 dannen
394 2127 594 2187 fortgejaget
615 2127 767 2187 worden.

529 2172 700 2232 Wilda,
729 2177 786 2237 den
821 2178 861 2238 4.
896 2178 987 2238 Jan.

288 2220 369 2280 Das
417 2220 469 2280 sich
504 2221 574 2281 hier
615 2223 808 2283 befindliche
850 2226 1060 2286 Commando
1096 2229 1264 2289 rußischer

250 2273 434 2333 Truppen,
451 2270 526 2330 wird
554 2270 700 2330 künftige
723 2273 842 2333 Woche
864 2273 977 2333 unsere
1006 2279 1124 2339 Stadt
1158 2276 1271 2336 verlas¬

249 2324 319 2384 sen,
330 2324 389 2384 und
411 2323 443 2383 an
471 2323 557 2383 deren
584 2321 659 2381 statt
676 2323 833 2383 formiren
860 2324 941 2384 schon
974 2327 1076 2387 einige
1093 2327 1270 2387 Regimen¬

244 2372 291 2432 ter
318 2375 376 2435 von
408 2372 460 2432 der
487 2372 609 2432 Armee
641 2372 773 2432 unseres
806 2374 1054 2434 Herzogthums
1086 2377 1133 2437 die
1160 2375 1271 2435 jetzige

243 2425 453 2485 Besatzung.
526 2420 604 2480 Die
632 2423 960 2483 Schatzcommißion
999 2426 1088 2486 unter
1122 2426 1266 2486 Aufsicht

244 2473 297 2533 des
330 2475 430 2535 neuen
468 2470 745 2530 Schatzmeisters
784 2471 836 2531 des
874 2473 980 2533 Herrn
1024 2476 1157 2536 Grafen
1205 2475 1263 2535 von

248 2524 482 2584 Brzostowsky
510 2524 591 2584 Exc.
608 2524 646 2584 ist
668 2521 766 2581 dieser
788 2524 897 2584 Tagen
930 2525 957 2585 in
1002 2527 1143 2587 Grodno
1176 2524 1274 2584 ange¬

250 2572 396 2632 gangen.
446 2573 538 2633 Man
566 2575 625 2635 wil
647 2575 777 2635 überall
800 2575 996 2635 versichern,
1023 2577 1078 2637 daß
1116 2578 1165 2638 der
1187 2575 1279 2635 Lieu¬

248 2620 367 2680 tenant
400 2620 584 2680 Ockerstadt
612 2624 666 2684 auf
689 2626 791 2686 seiner
814 2625 928 2685 Flucht
950 2625 982 2685 ist
1004 2626 1162 2686 gefangen
1195 2623 1276 2683 wor=

247 2670 332 2730 den;
358 2670 495 2730 nachdem
536 2670 566 2730 er
597 2673 697 2733 zuvor
723 2675 759 2735 an
790 2676 886 2736 denen
917 2676 1124 2736 ungarischen
1160 2673 1276 2733 Grän¬

250 2720 298 2780 zen
331 2717 412 2777 viele
435 2718 570 2778 unnütze
592 2721 684 2781 Leute
706 2724 1064 2784 zusammengebracht,
1098 2727 1124 2787 so
1157 2725 1216 2785 hat
1239 2724 1265 2784 er

250 2767 298 2827 die
320 2766 412 2826 Leute
445 2768 505 2828 auf
532 2767 581 2827 der
608 2771 803 2831 Landstraße
831 2775 1037 2835 überfallen,
1059 2775 1271 2835 geplündert,

248 2818 309 2878 und
343 2817 543 2877 verschiedne
572 2818 711 2878 adeliche
740 2822 835 2882 Höfe
858 2826 1092 2886 abgebrandt,
1126 2826 1176 2886 bis
1210 2825 1265 2885 daß

253 2867 372 2927 endlich
394 2864 421 2924 in
454 2867 546 2927 denen
579 2865 703 2925 Gütern
736 2870 785 2930 des
807 2871 915 2931 Herrn
954 2876 1007 2936 von
1046 2873 1263 2933 Lubomirsky

246 2916 297 2976 der
320 2917 480 2977 Bosheit
510 2915 607 2975 dieses
642 2918 814 2978 Rasenden
849 2923 894 2983 ein
935 2924 1008 2984 Ziel
1033 2924 1164 2984 gesetzet
1187 2924 1273 2984 wor¬

247 2968 330 3028 den,
351 2969 538 3029 nunmehro
565 2967 632 3027 muß
669 2966 699 3026 er
721 2969 798 3029 seine
825 2972 959 3032 gerechte
991 2974 1121 3034 Strafe
1147 2972 1277 3032 erwar¬

250 3019 327 3079 ten.
394 3022 466 3082 Aus
503 3020 635 3080 Minsk
666 3020 803 3080 erhalten
840 3022 900 3082 wir
925 3026 990 3086 eine
1027 3026 1123 3086 etwas
1154 3026 1268 3086 seltene

1272 342 1469 402 Nachricht,
1493 345 1543 405 die
1566 345 1639 405 aber
1668 342 1848 402 gegründet
1871 345 1921 405 ist.
1961 342 2045 402 Man
2080 339 2136 399 hat
2159 339 2288 399 nemlich

1265 394 1358 454 denen
1390 392 1514 452 dasigen
1546 395 1654 455 Juden
1687 392 1873 452 angesaget,
1900 392 1957 452 daß
1989 390 2050 450 auf
2077 387 2129 447 dem
2181 387 2300 447 gegen¬

1268 443 1428 503 wärtigen
1460 445 1723 505 Krönungstage
1749 443 1822 503 solte
1843 440 2034 500 festgesetzet
2060 437 2210 497 werden,
2242 437 2298 497 de¬

1268 492 1326 552 nen
1353 493 1464 553 Juden
1497 494 1549 554 den
1571 494 1698 554 Befehl
1714 493 1746 553 zu
1768 491 1884 551 geben,
1911 491 1958 551 sich
1985 491 2080 551 unter
2097 491 2144 551 dem
2182 486 2282 546 30sten

1269 541 1390 601 Jahr,
1413 541 1473 601 und
1501 544 1567 604 eine
1601 543 1711 603 Jüdin
1745 540 1833 600 nicht
1856 539 1916 599 vor
1950 541 1999 601 dem
2050 540 2154 600 25sten
2193 539 2292 599 Jahr

1276 594 1307 654 zu
1340 590 1603 650 verheyrathen;
1630 592 1751 652 dahero
1778 589 1814 649 sie
1836 588 1904 648 ihre
1926 586 2052 646 Kinder
2084 589 2136 649 von
2174 589 2295 649 sieben¬

1268 637 1317 697 ten
1344 639 1393 699 bis
1420 638 1469 698 zum
1513 643 1605 703 12ten
1644 642 1736 702 Jahr
1764 640 1823 700 alle
1845 640 1949 700 eiligst
1976 637 2210 697 verheyrathet
2243 639 2297 699 ha¬

1273 688 1352 748 ben,
1383 688 1473 748 unter
1499 691 1548 751 dem
1594 691 1785 751 Vorwande
1811 690 1841 750 es
1866 688 1956 748 könte
1977 691 2032 751 das
2058 688 2193 748 jüdische
2223 688 2293 748 Ge¬

1285 736 1405 796 schlecht
1434 736 1516 796 nicht
1539 741 1566 801 so
1589 742 1682 802 lange
1711 741 1799 801 ohne
1827 740 1899 800 Ehe
1927 739 2037 799 leben,
2065 739 2092 799 so
2127 738 2181 798 daß
2220 739 2286 799 auch

1274 786 1301 846 in
1330 784 1518 844 erwähnter
1541 788 1651 848 Stadt
1685 792 1706 852 in
1746 792 1762 852 8
1796 792 1906 852 Tagen
1946 790 2095 850 beynahe
2118 789 2156 849 80
2195 786 2289 846 Paar

1281 837 1342 897 sind
1374 837 1699 897 zusammengetraut
1725 840 1875 900 worden.
1927 842 2009 902 Auch
2041 840 2211 900 hierinnen
2247 837 2299 897 be¬

1282 885 1384 945 halten
1423 885 1482 945 wir
1510 885 1656 945 Christen
1690 888 1776 948 einen
1814 891 1944 951 Vorzug
1983 893 2036 953 für
2064 891 2118 951 dem
2162 888 2303 948 Juden¬

1281 936 1402 996 thum;
1429 933 1540 993 unsere
1573 936 1747 996 mehresten
1779 937 1911 997 Städte
1943 942 2038 1002 geben
2076 941 2139 1001 uns
2171 939 2287 999 hievon

1281 984 1337 1044 das
1369 984 1550 1044 deutlichste
1576 984 1741 1044 Zeugniß,
1762 987 1840 1047 denn
1877 989 1938 1049 wie
1970 990 2052 1050 viele
2079 987 2306 1047 unverheyra¬

1281 1034 1365 1094 thete
1387 1030 1663 1090 Frauenzimmer
1690 1036 1796 1096 finden
1828 1034 1886 1094 wir
1908 1037 1933 1097 in
1960 1040 2093 1100 selbigen
2125 1037 2226 1097 nicht,
2247 1034 2294 1094 die

1286 1082 1371 1142 nicht
1392 1080 1487 1140 allein
1514 1079 1567 1139 das
1595 1082 1790 1142 dreyßigste,
1818 1086 1944 1146 sondern
1982 1088 2099 1148 bereits
2121 1086 2200 1146 schon
2232 1085 2284 1145 zum

1287 1130 1524 1190 zweitenmahl
1547 1130 1597 1190 ihr
1620 1133 1727 1193 25stes
1755 1133 1851 1193 Jahs
1875 1135 1958 1195 ohne
1982 1138 2026 1198 die
2049 1137 2207 1197 geringste
2235 1136 2302 1196 An=

1281 1181 1428 1241 fechtung
1466 1181 1519 1241 vom
1562 1181 1747 1241 Ehestande
1774 1183 1800 1243 zu
1832 1184 2043 1244 empfinden,
2076 1187 2303 1247 zurücklegen.

1492 1231 1813 1291 Königsberg,
1842 1231 1897 1291 den
1938 1234 1999 1294 14.
2028 1234 2123 1294 Jan.

1329 1279 1448 1339 Unsern
1482 1280 1601 1340 letztern
1629 1282 1847 1342 Nachrichten
1875 1282 1934 1342 aus
1962 1282 2174 1342 Petersburg
2197 1282 2305 1342 zufol¬

1279 1335 1334 1395 ge,
1357 1333 1395 1393 ist
1418 1336 1552 1396 daselbst
1575 1334 1663 1394 unser
1686 1336 1853 1396 würdiger
1881 1333 2115 1393 Landsmann,
2138 1330 2187 1390 der
2210 1330 2299 1390 Herr

1287 1387 1541 1447 Geheimterath
1570 1387 1603 1447 v.
1627 1387 1819 1447 Goldbach,
1843 1387 1893 1447 der
1922 1387 1978 1447 dem
2024 1384 2120 1444 Ruß.
2149 1381 2312 1441 Kaiserli¬

1284 1485 1442 1545 geleistet,
1469 1482 1537 1542 noch
1570 1485 1628 1545 vor
1650 1485 1702 1545 dem
1745 1487 1871 1547 Schluß
1903 1488 1950 1548 des
1983 1488 2115 1548 vorigen
2152 1484 2305 1544 Jahres,

231 1539 323 1599 Man
359 1536 415 1596 hat
442 1536 503 1596 also
534 1533 631 1593 dabey
668 1533 683 1593 3
709 1534 868 1594 Officier,
899 1533 950 1593 die
982 1533 1079 1593 dabey
1110 1530 1243 1590 zugegen
1290 1530 1315 1590 in
1362 1530 1449 1590 einem
1496 1530 1630 1590 ruhigen
1666 1533 1758 1593 Alter
1795 1533 2077 1593 unverheyrathet
2103 1533 2308 1593 verstorben.

226 1584 399 1644 gewesen,
426 1581 621 1641 abgesetzet,
648 1578 705 1638 und
737 1578 784 1638 den
811 1579 884 1639 4ten
917 1578 948 1638 an
980 1578 1037 1638 das
1064 1578 1253 1638 Kronmar=
1286 1575 1338 1635 Es
1365 1578 1427 1638 war
1454 1578 1596 1638 derselbe
1618 1578 1659 1638 ein
1692 1578 1791 1638 Sohn
1823 1581 1875 1641 des
1902 1584 2081 1644 ehmaligen
2113 1581 2218 1641 Prof.
2245 1581 2308 1641 Hi¬

1291 1625 1450 1685 storiarum
1491 1624 1547 1684 auf
1568 1625 1701 1685 hiesiger
1723 1625 1820 1685 hohen
1851 1628 1979 1688 Schule
2000 1628 2061 1688 und
2088 1628 2293 1688 nachherigen

1289 1673 1601 1733 Consistorialraths
1628 1676 1686 1736 und
1713 1676 1877 1736 Pfarrern
1899 1679 1924 1739 in
1946 1678 1998 1738 der
2021 1676 2179 1736 Altstadt,
2195 1678 2300 1738 Herrn

1292 1721 1567 1781 Bartholomaus
1594 1724 1783 1784 Goldbach,
1816 1727 1913 1787 dessen
1946 1727 2156 1787 Epitaphium
2205 1727 2302 1787 dieser

1294 1775 1478 1835 Dankbare
1500 1773 1605 1833 Sohn
1642 1775 1742 1835 Anno
1769 1781 1879 1841 1751.
1906 1778 2058 1838 erneuren
2096 1778 2211 1838 lassen,
2238 1778 2301 1838 und

1291 1822 1344 1882 die
1365 1822 1497 1882 Kirche,
1524 1822 1555 1882 an
1588 1823 1640 1883 der
1668 1825 1720 1885 sein
1752 1828 1852 1888 Vater
1879 1828 2075 1888 gestanden,
2097 1828 2234 1888 reichlich
2261 1823 2302 1883 be¬

1294 1876 1431 1936 schenkt.
1474 1875 1521 1935 Er
1547 1876 1600 1936 hat
1631 1876 1685 1936 zum
1734 1879 1836 1939 Erben
1867 1882 1962 1942 seines
1981 1882 2204 1942 ansehnlichen
2228 1876 2312 1936 Ver=

1293 1927 1451 1987 mögens,
1468 1930 1554 1990 einen
1583 1927 1610 1987 in
1651 1930 1827 1990 Rußischen
1861 1936 2025 1996 Diensten
2061 1933 2111 1993 bey
2146 1930 2196 1990 der
2231 1927 2310 1987 Kai¬

1287 1981 1428 2041 serlichen
1461 1981 1636 2041 Akademie
1658 1984 1827 2044 stehenden
1855 1984 2105 2044 Königsberger
2133 1978 2312 2038 eingesetzt.

1291 2031 1454 2091 Rußland
1476 2031 1534 2091 hat
1555 2031 1650 2091 seinen
1687 2031 1899 2091 Verdiensten
1936 2031 2089 2091 jederzeit
2121 2028 2311 2088 Gerechtig¬

1291 2079 1356 2139 keit
1371 2079 1588 2139 widerfahren
1619 2079 1730 2139 lassen,
1755 2079 1821 2139 und
1847 2081 2003 2141 Preußen
2039 2079 2215 2139 bedauret,
2246 2076 2306 2136 daß

1297 2127 1379 2187 seine
1400 2127 1647 2187 ausnehmende
1679 2129 1957 2189 Geschicklichkeit
1984 2128 2071 2188 nicht
2097 2127 2195 2187 seinem
2242 2124 2314 2184 Va¬

1290 2175 1437 2235 terlande
1452 2175 1506 2235 zum
1540 2176 1658 2236 Nutzen
1683 2178 1850 2238 verwandt
1865 2181 1988 2241 werden
2013 2178 2150 2238 koͤnnen,
2165 2175 2218 2235 und
2238 2175 2316 2235 wei¬

1299 2226 1346 2286 net
1370 2224 1646 2284 demohngeachtet
1662 2229 1860 2289 patriotische
1884 2231 2033 2291 Thränen
2058 2227 2104 2287 auf
2121 2226 2176 2286 sein
2200 2226 2310 2286 Grab.

1614 2291 2006 2351 AVERTISSEMENT.

1343 2336 1423 2396 Bey
1458 2339 1510 2399 dem
1557 2339 1719 2399 Verleger
1754 2342 1846 2402 dieser
1876 2345 2014 2405 Zeitung
2044 2345 2084 2405 ist
2113 2342 2147 2402 zu
2183 2339 2310 2399 haben:

1296 2391 1347 2451 J.
1365 2390 1411 2450 E.
1430 2387 1545 2447 Albers
1568 2392 1818 2452 Beurtheilung
1847 2395 1899 2455 der
1923 2396 2045 2456 Klagen
2074 2393 2155 2453 über
2185 2393 2236 2453 die
2266 2393 2317 2453 ge¬

1297 2435 1503 2495 genwärtige
1525 2437 1671 2497 schlechte
1694 2443 1824 2503 Zeiten,
1846 2444 1895 2504 als
1923 2446 1987 2506 eine
2020 2443 2226 2503 Fortsetzung
2265 2443 2313 2503 der

1300 2488 1628 2548 Weitenkampfschen
1657 2492 1902 2552 Trostgründe,
1925 2496 1969 2556 8,
1993 2494 2221 2554 Braunschw.
2233 2492 2316 2552 764,

1340 2539 1378 2599 fl.
1443 2542 1642 2602 Algemeine
1669 2542 1855 2602 Geschichte
1881 2545 1932 2605 der
1965 2545 2022 2605 ost=
2042 2544 2106 2604 und
2139 2539 2324 2599 Westindi=

1300 2590 1382 2650 schen
1412 2592 1818 2652 Handlungsgesellschaft
1842 2596 1871 2656 in
1901 2596 2059 2656 Europa,
2089 2592 2165 2652 2ter
2195 2590 2318 2650 Theil,

1299 2642 1341 2702 4,
1366 2640 1464 2700 Halle
1483 2641 1568 2701 764,
1594 2645 1605 2705 9
1637 2645 1673 2705 fl.
1716 2644 1796 2704 Der
1821 2646 1986 2706 christliche
2011 2641 2115 2701 Graf,
2146 2641 2219 2701 8tes
2245 2641 2318 2701 St.

1305 2689 1382 2749 Frf.
1395 2690 1484 2750 764,
1503 2691 1521 2751 9
1545 2692 1599 2752 gr.
1655 2694 1714 2754 D.
1739 2694 1792 2754 Fr.
1811 2694 2010 2754 Atterburys
2041 2691 2160 2751 heilige
2185 2691 2317 2751 Reden,

1309 2737 1372 2797 aus
1401 2739 1454 2799 dem
1495 2742 1599 2802 Engl.
1617 2745 1668 2805 gr.
1681 2745 1721 2805 8,
1745 2747 1849 2807 Leipz.
1873 2746 1960 2806 764,
1984 2745 1994 2805 2
2030 2743 2070 2803 fl.

1359 2807 1450 2867 Diese
1467 2811 1628 2871 Zeitungen
1652 2814 1759 2874 werden
1791 2814 1937 2874 Montags
1961 2814 2014 2874 und
2038 2811 2184 2871 Freytags
2208 2814 2246 2874 um
2277 2814 2307 2874 10

1307 2852 1366 2912 Uhr
1392 2852 1588 2912 Vormittags
1619 2854 1639 2914 im
1680 2855 1871 2915 Kanterschen
1907 2852 2088 2912 Buchladen
2119 2855 2324 2915 ausgegeben.

1302 2893 1379 2953 Man
1405 2895 1523 2955 erbittet
1534 2897 1580 2957 sich
1602 2900 1647 2960 von
1669 2900 1715 2960 den
1736 2897 1849 2957 hiesigen
1875 2895 1947 2955 resp.
1953 2897 2128 2957 Liebhabern
2154 2897 2190 2957 die
2201 2900 2319 2960 Pränu=

1303 2936 1450 2996 tcration
1476 2939 1524 2999 auf
1535 2939 1593 2999 dies
1609 2942 1673 3002 erste
1693 2942 1826 3002 Qvärtal
1841 2941 1889 3001 mit
1915 2939 1924 2999 2
1939 2940 1973 3000 fl.
1989 2942 2052 3002 weil
2073 2942 2176 3002 selbige
2201 2943 2250 3003 nur
2275 2942 2313 3002 bie

1303 2980 1331 3040 zu
1351 2980 1432 3040 Ende
1457 2981 1504 3041 des
1519 2984 1672 3044 Jannacii
1683 2984 1894 3044 angenommen
1919 2984 2014 3044 wird,
2034 2985 2235 3045 Auswärtige
2255 2987 2322 3047 abe=

1303 3026 1436 3086 besieben
1453 3026 1497 3086 sich
1520 3026 1563 3086 bey
1587 3028 1631 3088 dem
1659 3029 1792 3089 Postamt
1809 3029 1881 3089 ihres
1904 3029 1976 3089 Orts
1999 3029 2020 3089 zu
2043 3029 2170 3089 welden.
