2479 3508
491 339 681 399 Berlin,
707 342 764 402 den
803 342 866 402 19.
898 342 987 402 Jan.

289 386 364 446 Bey
391 383 445 443 dem
483 389 754 449 Pomeiskeschen
781 389 1133 449 Dragonerregiment
1155 389 1192 449 ist
1209 389 1257 449 der

243 440 425 500 Fähnrich,
442 440 528 500 Herr
550 437 603 497 von
636 442 841 502 Portatius,
858 439 911 499 der
934 437 1062 497 zweite,
1095 438 1149 498 zum
1193 437 1262 497 Se¬

234 488 545 548 condlieutenant,
582 490 645 550 und
683 491 735 551 der
773 488 1046 548 Fahnenjunker,
1073 489 1162 549 Herr
1195 488 1252 548 von

246 539 597 599 Schimmelpfennig,
624 539 678 599 zum
716 539 873 599 Fähnrich
900 539 1084 599 avanciret.

487 587 742 647 Dresden,
782 588 835 648 den
869 589 906 649 3.
928 587 1020 647 Jan.

294 637 339 697 Am
385 634 487 694 26sten
522 634 612 694 Dec.
630 640 709 700 starb
738 639 823 699 Herr
846 637 982 697 Ismael
1006 637 1159 697 Mengs,
1182 634 1272 694 Pro¬

237 688 335 748 fessor
363 688 412 748 der
434 688 646 748 Churfürstl.
669 688 849 748 Akademie
887 687 936 747 der
970 685 1117 745 Künste,
1139 685 1166 745 im
1205 681 1275 741 An¬

246 739 344 799 fange
368 736 466 796 seines
495 736 599 796 76sten
629 739 779 799 Jahres.
826 736 906 796 Der
930 736 1045 796 hiesige
1063 733 1266 793 Hofschuster

246 789 420 849 verfertigt
442 786 496 846 seit
518 786 643 846 einiger
665 786 741 846 Zeit
764 786 861 846 lange
894 785 954 845 und
987 784 1089 844 starke
1123 783 1177 843 sich
1210 781 1275 841 bie¬

246 839 348 899 gende
370 837 505 897 Röhren
538 834 598 894 von
631 834 765 894 Papier
798 837 945 897 machee,
972 834 1085 894 welche
1118 831 1145 891 in
1173 831 1275 891 Anse¬

253 888 341 948 hung
369 888 418 948 der
441 885 561 945 Farben
596 885 650 945 des
673 887 843 947 Glanzes,
866 885 915 945 der
939 885 1065 945 Länge,
1088 882 1142 942 der
1165 880 1275 940 Stär¬

249 936 282 996 ke
294 939 356 999 und
385 934 435 994 des
459 936 634 996 Biegens,
658 936 714 996 den
743 936 958 996 gewachsenen
988 935 1157 995 spanischen
1181 930 1277 990 Röh¬

251 990 307 1050 ren
342 984 622 1044 gleichkommen.

539 1031 691 1091 Genf,
715 1031 767 1091 den
803 1031 867 1091 26.
897 1031 990 1091 Dec.

245 1134 317 1194 chen
360 1133 485 1193 laßen:
533 1127 616 1187 "Da
653 1126 694 1186 ich
731 1127 946 1187 vernommen
993 1124 1103 1184 habe,
1130 1124 1186 1184 daß
1224 1120 1286 1180 seit

247 1179 401 1239 "einigen
439 1176 571 1236 Jahren
610 1175 662 1235 die
695 1175 934 1235 Buchhändler
967 1172 1020 1232 der
1042 1172 1270 1232 auswärtigen

252 1225 409 1285 „Lande,
450 1225 546 1285 unter
577 1222 699 1282 meinem
755 1222 887 1282 Namen
923 1220 1095 1280 Schriften
1131 1219 1283 1279 drucken,

256 1266 315 1326 "an
348 1274 477 1334 welchen
505 1270 548 1330 ich
576 1273 656 1333 nicht
679 1273 727 1333 den
760 1272 939 1332 geringsten
972 1270 1069 1330 Theil
1091 1270 1188 1330 habe,
1210 1267 1269 1327 und

269 1324 338 1384 "die
356 1327 395 1387 ich
425 1324 511 1384 sogar
541 1324 685 1384 niemals
709 1322 853 1382 gelesen,
883 1321 911 1381 so
935 1322 980 1382 bin
1016 1321 1056 1381 ich
1092 1321 1282 1381 genöthiget

265 1366 316 1426 „zu
351 1378 518 1438 erklären,
553 1377 610 1437 daß
646 1375 685 1435 ich
726 1375 789 1435 mit
819 1375 922 1435 keinem
974 1375 1210 1435 Buchhändler
1246 1371 1268 1431 in

279 1427 422 1487 'Europa
445 1428 494 1488 die
511 1428 672 1488 geringste
695 1426 961 1486 Correspondenz
983 1428 1088 1488 habe,
1116 1425 1177 1485 und
1205 1425 1288 1485 daß,

261 1473 352 1533 „wer
385 1479 440 1539 sich
473 1476 597 1536 meines
631 1476 788 1536 Namens
821 1476 994 1536 bedienet,
1028 1476 1070 1536 ein
1109 1474 1277 1534 Falsarius

259 1522 344 1582 "ist,
367 1529 430 1589 und
459 1527 590 1587 verlaße
613 1524 652 1584 ich
682 1524 755 1584 mich
791 1524 847 1584 auf
877 1524 927 1584 die
951 1521 1190 1581 Obrigkeiten,
1220 1521 1270 1581 daß

283 1575 327 1635 sie
348 1573 537 1633 dergleichen
568 1569 818 1629 Schelmereyen
848 1572 988 1632 Einhalt
1009 1569 1083 1629 thun
1114 1569 1268 1629 werden."

1076 1616 1253 1676 Voltaire.

266 1624 391 1684 Schloß
413 1620 530 1680 Fernez
561 1618 603 1678 den
634 1616 699 1676 23.
715 1616 802 1676 Dec.
818 1617 934 1677 1764.

546 1672 718 1732 Paris,
755 1673 805 1733 den
842 1676 885 1736 4.
910 1673 1001 1733 Jan.

307 1727 379 1787 Die
403 1724 655 1784 Handschriften
695 1722 751 1782 aus
786 1721 841 1781 der
870 1724 1072 1784 Bibliothek
1095 1724 1145 1784 der
1174 1721 1285 1781 Jesui=

264 1782 308 1842 ten
342 1780 364 1840 im
409 1778 554 1838 Collegio
582 1772 733 1832 Ludwigs
761 1772 810 1832 des
833 1772 989 1832 Großen,
1018 1773 1079 1833 sind
1102 1772 1145 1832 für
1163 1769 1274 1829 19000

264 1829 382 1889 Livres
410 1827 442 1887 an
469 1825 523 1885 den
551 1822 788 1882 Buchhändler
816 1822 913 1882 Büre
941 1822 1097 1882 verkauft
1125 1822 1281 1882 worden;

261 1885 322 1945 und
356 1880 457 1940 dieser
491 1876 547 1936 hat
576 1876 614 1936 sie
649 1873 699 1933 für
733 1873 783 1933 den
811 1876 1019 1936 Pensionair
1042 1875 1092 1935 der
1120 1876 1277 1936 General

272 1933 411 1993 staaten,
441 1930 545 1990 Herrn
574 1925 778 1985 Meermann
808 1927 836 1987 im
877 1927 970 1987 Haag
994 1930 1144 1990 gekauft.

465 1978 790 2038 Montpellier,
823 1978 877 2038 den
915 1979 980 2039 21.
1002 1978 1093 2038 Dec.

320 2028 389 2088 Die
417 2030 651 2090 Neubegierde
673 2027 721 2087 für
743 2028 797 2088 den
830 2028 971 2088 Landtag
1010 2028 1063 2088 von
1096 2028 1286 2088 Languedoc

263 2079 305 2139 ist
327 2079 395 2139 noch
423 2079 565 2139 niemals
592 2076 613 2136 so
635 2079 767 2139 lebhaft
794 2076 926 2136 gewesen
969 2080 1016 2140 als
1048 2079 1149 2139 dieses
1176 2076 1287 2136 Jahr.

265 2130 355 2190 Man
387 2127 544 2187 rechnet,
576 2127 631 2187 daß
662 2127 702 2187 am
749 2127 850 2187 letzten
886 2127 977 2187 Tage
1009 2127 1156 2187 desselben
1192 2121 1288 2181 unsre

264 2178 382 2238 Stadt
407 2175 603 2235 wengistens
638 2172 752 2232 25000
791 2172 998 2232 Einwohner
1028 2175 1081 2235 der
1107 2172 1289 2232 umliegen=

266 2229 318 2289 den
351 2223 484 2283 Städte
511 2223 537 2283 in
581 2220 629 2280 sich
667 2222 789 2282 gehabt
817 2223 912 2283 habe.
962 2223 1153 2283 Quartiere
1176 2218 1282 2278 waren

273 2279 332 2339 für
354 2276 413 2336 kein
446 2270 532 2330 Geld
554 2270 645 2330 mehr
667 2268 699 2328 zu
732 2270 861 2330 haben,
894 2270 969 2330 man
1002 2270 1115 2330 mußte
1148 2267 1196 2327 sich
1229 2266 1288 2326 auf

271 2327 323 2387 den
355 2324 466 2384 bloßen
498 2318 620 2378 Gassen
647 2320 837 2380 aufhalten.
907 2320 1044 2380 Fenster
1072 2318 1203 2378 wurden
1230 2315 1288 2375 mit

273 2380 310 2440 36
343 2378 451 2438 Livres
479 2371 624 2431 bezahlt.
696 2367 787 2427 Bloß
815 2369 846 2429 an
874 2369 1041 2429 Schaafen
1069 2369 1199 2429 wurden
1226 2366 1280 2426 von

270 2429 321 2489 den
357 2426 519 2486 Metzgern
549 2422 606 2482 auf
624 2420 710 2480 1800
746 2417 850 2477 Stück
868 2422 1094 2482 geschlachtet,
1124 2420 1187 2480 und
1216 2416 1279 2476 doch

279 2475 350 2535 fand
378 2475 427 2535 sich
467 2473 527 2533 kein
567 2470 738 2530 Ueberfluß
771 2468 810 2528 an
844 2469 976 2529 Fleisch.
1055 2470 1126 2530 Die
1154 2467 1281 2527 ältesten

269 2521 387 2581 Greise
410 2521 512 2581 wissen
540 2521 588 2581 sich
616 2521 702 2581 eines
735 2519 848 2579 solchen
876 2521 1185 2581 Zusammenflusses
1218 2518 1277 2578 von

274 2575 449 2635 Menschen
477 2574 562 2634 nicht
579 2572 610 2632 zu
643 2569 813 2629 erinnern.

503 2623 764 2683 Soissons,
800 2622 850 2682 den
885 2623 941 2683 27.
971 2620 1060 2680 Dec.

349 2667 414 2727 Als
444 2665 497 2725 der
527 2670 740 2730 Controlleur
771 2672 824 2732 der
854 2670 1068 2730 zwanzigsten
1104 2667 1287 2727 Pfennige,

271 2721 360 2781 Herr
383 2715 488 2775 Alliot
516 2715 543 2775 de
572 2718 667 2778 Pau,
690 2721 739 2781 sich
762 2721 878 2781 neulich
901 2721 968 2781 nach
997 2721 1135 2781 besagtem
1180 2718 1269 2778 Kirch

282 2771 362 2831 spiel
380 2766 512 2826 begeben
542 2766 645 2826 hatte,
668 2767 702 2827 um
743 2772 875 2832 daselbst
899 2772 945 2832 die
969 2772 1066 2832 Rolle
1090 2769 1141 2829 der
1159 2769 1291 2829 gedach¬

268 2820 317 2880 ten
356 2816 497 2876 Auflage
530 2814 798 2874 aufzunehmen,
831 2821 859 2881 so
892 2823 968 2883 fand
995 2822 1028 2882 er
1056 2823 1192 2883 daselbst
1220 2817 1290 2877 eine

288 2867 370 2927 Frau
400 2865 453 2925 von
483 2864 547 2924 109
583 2864 729 2924 Jahren,
759 2867 871 2927 welche
901 2872 971 2932 nach
1007 2870 1060 2930 dem
1113 2867 1283 2927 Zeugnisse

272 2917 322 2977 der
357 2915 569 2975 Einwohner
615 2915 666 2975 des
707 2916 792 2976 Orts
827 2918 896 2978 jede
925 2921 1102 2981 Mahlzeit
1131 2921 1148 2981 4
1188 2919 1290 2979 grosse

275 2969 431 3029 Schüssel
459 2969 533 3029 voll
555 2966 739 3026 auszuessen
774 2970 896 3030 pflegt,
924 2974 978 3034 die
1007 2975 1074 3035 ihre
1109 2972 1285 3032 70jährige

1303 342 1441 402 Tochter
1466 342 1513 402 ihr
1538 342 1598 402 alle
1629 339 1725 399 Tage
1756 342 1919 402 aufträgt.
1980 342 2052 402 Auf
2077 342 2239 402 Anhalten
2270 342 2318 402 des

1300 392 1496 452 bemeldeten
1529 389 1635 449 Herrn
1662 389 1783 449 Alliot,
1805 390 1863 450 daß
1890 392 1937 452 die
1959 392 2071 452 Güter
2103 392 2204 452 dieser
2231 395 2331 455 Mut¬

1293 440 1344 500 ter
1371 442 1432 502 und
1459 438 1557 498 dieser
1578 437 1713 497 Tochter
1740 437 1796 497 von
1828 440 1900 500 allen
1932 443 2129 503 öffentlichen
2161 443 2315 503 Auflagen

1298 492 1361 552 frey
1394 488 1463 548 seyn
1506 486 1677 546 möchten,
1709 485 1773 545 hat
1800 487 1853 547 der
1886 491 2083 551 Jntendant
2111 493 2196 553 nicht
2228 491 2318 551 allein

1303 539 1408 599 hierin
1436 536 1636 596 gewilliget,
1663 535 1794 595 sondern
1827 536 1895 596 auch
1927 540 2000 600 noch
2033 541 2111 601 über
2133 542 2233 602 dieses
2260 545 2318 605 aus

1305 589 1405 649 seiner
1429 586 1535 646 eignen
1572 583 1690 643 Tasche
1708 583 1820 643 täglich
1856 583 1904 643 ein
1940 586 1963 646 so
1999 589 2224 649 ansehnliches
2260 592 2330 652 Ge¬

1305 635 1378 695 halt
1407 632 1611 692 herzugeben
1646 631 1880 691 versprochen,
1915 633 1971 693 daß
2011 637 2113 697 davon
2148 640 2250 700 sowol
2279 643 2330 703 die

1307 682 1457 742 Tochter,
1488 682 1533 742 als
1557 682 1609 742 die
1627 682 1917 742 unvergleichliche
1941 682 2144 742 Eßbegierde
2162 691 2214 751 der
2232 694 2330 754 Mut¬

1300 734 1350 794 ter
1373 733 1582 793 vollkommen
1611 732 1735 792 werden
1764 730 1939 790 gesättiget
1957 733 2081 793 werden
2110 739 2251 799 können.

1573 781 1780 841 London,
1816 783 1871 843 den
1912 784 1973 844 28.
1999 781 2089 841 Dec.

1363 825 1436 885 Vom
1482 828 1578 888 13ten
1612 826 1702 886 Dec.
1720 828 1810 888 1763
1839 828 1883 888 bis
1907 829 1963 889 den
1992 836 2087 896 11ten
2116 837 2206 897 Dec.
2218 837 2330 897 1764,

1314 880 1374 940 sind
1402 876 1429 936 in
1457 876 1557 936 dieser
1585 876 1784 936 Hauptstadt
1807 879 1967 939 gestorben
2002 885 2117 945 23202
2140 885 2334 945 Personen,

1312 927 1431 987 folglich
1459 927 1550 987 2941
1578 927 1719 987 weniger
1747 927 1789 987 als
1818 928 1844 988 in
1878 933 1926 993 dem
1970 933 2084 993 Jahre
2106 936 2236 996 zuvor;
2264 939 2323 999 und

1304 977 1421 1037 16801
1444 975 1567 1035 Kinder
1590 975 1724 1035 geboren
1752 979 1902 1039 worden.
1954 984 2031 1044 Der
2054 987 2183 1047 kürzlich
2211 989 2322 1049 allhier

1313 1023 1476 1083 gestorbne
1500 1022 1658 1082 Dichter,
1682 1025 1772 1085 Herr
1795 1031 1925 1091 Bloyd,
1948 1034 2010 1094 hat
2034 1037 2135 1097 seinen
2164 1037 2237 1097 Tod
2272 1037 2333 1097 kei¬

299 1082 384 1142 Hier
410 1082 465 1142 hat
484 1076 557 1136 Hr.
576 1081 631 1141 von
663 1079 810 1139 Voltaire
835 1079 1001 1139 folgendes
1032 1078 1173 1138 bekannt
1205 1073 1272 1133 ma=
1310 1073 1370 1133 ner
1402 1070 1518 1130 andern
1550 1076 1746 1136 Krankheit,
1772 1081 1820 1141 als
1852 1082 1900 1142 der
1926 1085 2116 1145 Betrübniß
2154 1085 2233 1145 über
2265 1088 2319 1148 den

1321 1119 1386 1179 Tod
1411 1121 1464 1181 des
1489 1123 1675 1183 berühmten
1700 1127 1881 1187 satyrischen
1911 1133 2092 1193 Dichters,
2111 1136 2219 1196 Herrn
2250 1137 2333 1197 Cur=

1315 1172 1388 1232 chill
1407 1169 1670 1229 zuzuschreiben.

1537 1222 1821 1282 Stockholm,
1851 1225 1908 1285 vom
1961 1228 1996 1288 1.
2026 1231 2118 1291 Jan.

1364 1270 1438 1330 Von
1470 1273 1698 1333 Hudickswall
1719 1273 1799 1333 wird
1826 1273 1915 1333 unter
1937 1273 1989 1333 dem
2032 1276 2127 1336 15ten
2149 1279 2329 1339 December

1314 1324 1534 1384 geschrieben,
1563 1324 1614 1384 daß
1643 1324 1665 1384 in
1705 1324 1846 1384 dortiger
1875 1324 2010 1384 Gegend
2034 1325 2096 1385 seit
2119 1327 2175 1387 dem
2221 1330 2333 1390 Som¬

1317 1377 1403 1437 mer,
1425 1375 1479 1435 die
1502 1378 1653 1438 Blattern
1687 1377 1762 1437 stark
1785 1378 1811 1438 im
1850 1378 2045 1438 Schwange
2068 1378 2225 1438 giengen,
2264 1381 2328 1441 und

1312 1427 1446 1487 nachdem
1491 1426 1541 1486 sich
1569 1428 1614 1488 die
1637 1425 1737 1485 Kälte
1760 1428 1978 1488 eingefunden
2006 1431 2112 1491 hätte,
2135 1431 2258 1491 stärker
2281 1433 2325 1493 als

1317 1475 1455 1535 vorher.
1503 1476 1608 1536 Unter
1633 1476 1752 1536 denen,
1776 1476 1828 1536 die
1853 1479 1909 1539 mit
1929 1479 1981 1539 dem
2020 1479 2115 1539 Leben
2149 1482 2254 1542 davon
2283 1482 2330 1542 ge¬

1313 1521 1454 1581 kommen
1485 1521 1611 1581 wären,
1647 1521 1752 1581 hätten
1788 1524 1874 1584 viele
1895 1526 1985 1586 trübe
2016 1527 2086 1587 oder
2112 1530 2192 1590 sonst
2213 1533 2334 1593 beschä¬

1317 1566 1400 1626 digte
1425 1569 1533 1629 Augen
1563 1567 1769 1627 bekommen,
1794 1569 1853 1629 und
1883 1572 1985 1632 einige
2010 1573 2113 1633 wären
2143 1578 2221 1638 ganz
2242 1581 2325 1641 blind

1318 1613 1513 1673 geworden.
1571 1616 1642 1676 Bey
1679 1616 1766 1676 einem
1813 1619 2179 1679 stockblindgewordnen
2211 1626 2334 1686 6jähri¬

1316 1663 1373 1723 gen
1411 1661 1547 1721 Kinde,
1569 1663 1605 1723 ist
1632 1664 1664 1724 an
1701 1664 1753 1724 der
1780 1667 1896 1727 Stelle
1917 1667 1969 1727 des
2008 1670 2091 1730 einen
2134 1673 2244 1733 Auges
2276 1677 2318 1737 ein

1321 1710 1474 1770 fungöses
1496 1712 1655 1772 Gewächs
1677 1715 1999 1775 herausgewachsen,
2021 1720 2153 1780 welches
2175 1723 2185 1783 2
2207 1724 2339 1784 Finger=

1317 1763 1403 1823 breit
1420 1763 1669 1823 herausstunde,
1675 1763 1777 1823 wobey
1800 1766 1853 1826 das
1876 1770 1973 1830 andre
1984 1772 2070 1832 Auge
2087 1775 2336 1835 eingetrocknet.

1578 1813 1744 1873 Wilda,
1786 1817 1842 1877 den
1884 1819 1946 1879 11.
1976 1822 2068 1882 Jan.

1361 1859 1483 1919 Dieser
1513 1865 1624 1925 Tagen
1660 1867 1729 1927 traf
1753 1870 1870 1930 allhier
1912 1871 1952 1931 ein
1993 1873 2204 1933 Commando
2234 1879 2338 1939 Russ.

1321 1915 1479 1975 Truppen
1516 1918 1589 1978 ein,
1616 1919 1732 1979 welche
1764 1921 1816 1981 von
1855 1921 2028 1981 Warschau
2066 1924 2239 1984 kommen,
2266 1928 2323 1988 und

1317 1966 1414 2026 heute
1441 1967 1527 2027 ihren
1571 1969 1701 2029 Marsch
1734 1971 1809 2031 nach
1842 1972 1891 2032 dem
1940 1972 2113 2032 Potockier
2140 1975 2254 2035 Kreise
2281 1975 2335 2035 ge¬

1318 2017 1471 2077 nommen
1498 2017 1619 2077 haben.
1673 2018 1751 2078 Sr.
1773 2017 1873 2077 Maj.
1895 2020 1947 2080 der
1974 2020 2080 2080 König
2112 2023 2212 2083 haben
2250 2023 2328 2083 Sich

1316 2067 1353 2127 p.
1369 2064 1475 2124 Pacta
1502 2064 1676 2124 Conventa
1709 2064 1756 2124 die
1783 2064 1920 2124 Königl.
1942 2067 2143 2127 Disposition
2181 2070 2254 2130 úber
2287 2073 2334 2133 die

1327 2109 1445 2169 Posten
1478 2112 1720 2172 vorbehalten,
1748 2111 1812 2171 und
1845 2112 1963 2172 dahero
1996 2115 2028 2175 an
2061 2115 2126 2175 alle
2153 2118 2336 2178 Woywod=

1321 2157 1449 2217 schaften
1481 2157 1527 2217 die
1548 2160 1776 2220 Verordnung
1802 2160 1931 2220 ergehen
1962 2166 2071 2226 laßen,
2097 2168 2184 2228 kraft
2201 2170 2329 2230 welcher

1320 2205 1495 2265 Dieselben
1530 2208 1768 2268 allergnädigst
1797 2214 2019 2274 anbefohlen,
2054 2216 2110 2276 daß
2139 2220 2326 2280 künftighin

1319 2255 1345 2315 in
1379 2255 1427 2315 dem
1465 2255 1579 2315 ganzen
1612 2261 1823 2321 Königreiche
1851 2264 1888 2324 ein
1921 2264 2078 2324 einfacher
2101 2265 2203 2325 Brief
2225 2271 2263 2331 12
2285 2273 2333 2333 gr.

1317 2304 1381 2364 und
1409 2306 1447 2366 ein
1474 2306 1561 2366 jedes
1589 2308 1659 2368 Loth
1686 2310 1827 2370 darüber
1849 2312 1909 2372 mit
1931 2314 1968 2374 12
1996 2318 2050 2378 gr.
2067 2318 2153 2378 sollen
2186 2321 2338 2381 bezahlet

1322 2355 1473 2415 werden.
1522 2356 1570 2416 Es
1598 2359 1658 2419 sind
1685 2359 1766 2419 schon
1799 2363 2016 2423 verschiedene
2038 2369 2162 2429 Herren
2189 2372 2340 2432 Magna¬

1322 2405 1368 2465 ten
1401 2405 1454 2465 von
1486 2407 1549 2467 hier
1576 2408 1644 2468 nach
1671 2408 1809 2468 Grodno
1836 2415 2026 2475 abgereiset,
2054 2417 2090 2477 um
2133 2420 2180 2480 der
2207 2423 2339 2483 daselbst

1321 2456 1559 2516 angeordneten
1591 2461 1913 2521 Schatzcommission
1939 2470 2204 2530 beyzuwohnen.

1342 2541 1674 2601 Wechsel-Cours
1697 2542 1716 2602 &
1770 2545 1915 2605 Species
1937 2548 1978 2608 d.
2000 2550 2072 2610 24.
2094 2551 2186 2611 Jan.
2209 2554 2333 2614 1765.

1318 2593 1509 2653 Amsterdam
1544 2596 1584 2656 41
1608 2595 1694 2655 Tage
1713 2597 1775 2657 310
1799 2599 1886 2659 Brief

1963 2596 2010 2656 71
2027 2602 2105 2662 Tage

1329 2643 1504 2703 Hamburg
1537 2642 1548 2702 3
1574 2645 1629 2705 W.

1882 2646 1987 2706 6W.

1318 2691 1434 2751 Berlin

1826 2695 1984 2755 Dantzig

1323 2742 1472 2802 Ducaten
1495 2742 1570 2802 neue
1594 2744 1599 2804 9
1628 2748 1662 2808 fl.
1674 2748 1685 2808 4
1704 2750 1754 2810 gr.

1888 2745 2022 2805 Alberts
2042 2746 2133 2806 Taler
2152 2751 2213 2811 130
2238 2754 2292 2814 gr.

1808 2793 1862 2853 Alt
1874 2793 2018 2853 Polnisch
2043 2796 2114 2856 Geld
2138 2801 2174 2861 13
2199 2805 2246 2865 pr.
2265 2805 2336 2865 Cto.

1328 2793 1438 2853 Rubel
1457 2794 1520 2854 112
1545 2799 1602 2859 gr.

1327 2887 1420 2947 Diese
1443 2887 1581 2947 Gelehrte
1604 2889 1659 2949 und
1682 2886 1842 2946 Politische
1865 2888 1986 2948 Zeitung
2014 2888 2085 2948 wird
2109 2890 2158 2950 des
2180 2897 2335 2957 Montag=

1437 2931 1494 2991 und
1523 2930 1672 2990 Freytags
1692 2930 1893 2990 Vormittags
1918 2930 1946 2990 um
1985 2931 2013 2991 10
2043 2933 2100 2993 Uhr
2120 2936 2144 2996 in
2168 2938 2216 2998 dem

1515 2978 1710 3038 Kanterschen
1737 2975 1913 3035 Buchladen
1940 2975 2149 3035 ausgegeben.
