2479 3508
638 1631 749 1691 14tes
787 1639 935 1699 Stück.
988 1640 1195 1700 Montag,
1242 1642 1293 1702 den
1346 1641 1426 1701 18.
1457 1640 1649 1700 Februar,
1688 1640 1835 1700 1765.

271 1715 356 1775 Ihne
387 1715 597 1775 Benennung
634 1718 683 1778 des
708 1719 788 1779 Orts
813 1721 849 1781 ist
874 1724 905 1784 im
955 1727 1084 1787 vorigen
1121 1726 1213 1786 Jahr

195 1757 391 1817 eine
424 1767 557 1827 "neue
594 1772 903 1832 Uebersetzung
952 1778 1026 1838 des
1063 1778 1212 1838 Neuen

194 1814 500 1874 Testaments
531 1817 881 1877 herausgekommen,
911 1822 1030 1882 wovon
1065 1825 1124 1885 wir
1154 1825 1212 1885 das

205 1859 439 1919 "Evangelium
478 1862 530 1922 des
555 1864 708 1924 Apostels
737 1870 952 1930 Mattheus,
977 1872 1029 1932 des
1058 1870 1221 1930 Marcus,

200 1898 279 1958 "den
311 1909 417 1969 Brief
438 1909 469 1969 an
502 1912 549 1972 die
576 1912 729 1972 Römer,
751 1915 798 1975 die
820 1915 941 1975 Briefe
963 1918 999 1978 an
1032 1918 1079 1978 die
1106 1918 1222 1978 Corin¬

210 1957 337 2017 "thier,
370 1960 542 2020 Epheser,
576 1963 726 2023 Colosser
759 1961 820 2021 und
859 1963 1014 2023 Ebräer,
1048 1966 1136 2026 nebst
1164 1966 1219 2026 der

230 2008 456 2068 Offenbarung
495 2011 673 2071 Johannis
712 2013 939 2073 gegenwärtig
977 2014 1036 2074 vor
1075 2014 1134 2074 uns
1167 2014 1226 2074 ha¬

207 2055 314 2115 "ben,
344 2058 456 2118 welche
479 2064 650 2124 sämmtlich
679 2066 706 2126 in
735 2066 786 2126 4to
809 2064 865 2124 auf
883 2064 893 2124 6
928 2066 1092 2126 Alphabet
1110 2064 1121 2124 6
1155 2061 1222 2121 Bo=

224 2109 283 2169 ’gen
316 2111 504 2171 abgedruckt
521 2113 606 2173 sind.
688 2112 746 2172 Da
774 2115 822 2175 der
844 2117 940 2177 Raum
979 2118 1005 2178 in
1032 2118 1129 2178 dieser
1151 2114 1220 2174 Zei¬

198 2160 279 2220 tung
307 2160 371 2220 viel
394 2161 420 2221 zu
454 2163 524 2223 enge
546 2163 611 2223 ist,
639 2165 671 2225 um
715 2169 785 2229 eine
808 2169 1019 2229 vollständige
1042 2169 1226 2229 Beurthei¬

198 2209 274 2269 lung
307 2211 399 2271 dieser
421 2211 649 2271 Uebersetzung
677 2217 709 2277 zu
737 2217 872 2277 liefern:
900 2220 927 2280 so
955 2220 1041 2280 sagen
1074 2220 1133 2280 wir
1161 2217 1215 2277 nur

206 2258 336 2318 kürzlich
364 2259 467 2319 soviel
484 2261 620 2321 davon,
643 2264 702 2324 daß
730 2264 767 2324 sie
790 2264 882 2324 völlig
910 2270 1144 2330 Socinianisch
1177 2267 1226 2327 ist,

211 2304 270 2364 und
301 2308 386 2368 ohne
427 2307 482 2367 den
523 2312 698 2372 geringsten
734 2315 910 2375 Vorwand
946 2319 975 2379 zu
1011 2318 1227 2378 gebrauchen,

202 2354 258 2414 von
285 2354 336 2414 dem
374 2355 540 2415 Verfasser
567 2363 723 2423 derselben
760 2366 812 2426 dem
859 2367 1063 2427 reformirten
1100 2366 1224 2426 Reckor

209 2402 347 2462 Damm
407 2403 438 2463 zu
476 2408 641 2468 Berlin,
679 2413 732 2473 als
770 2417 839 2477 eine
882 2417 1229 2477 Antiprotestantische

212 2452 439 2512 Uebersetzung
467 2455 689 2515 angekündigt
712 2461 809 2521 wird.
853 2467 906 2527 Ja
928 2467 966 2527 sie
989 2467 1118 2527 enthält
1141 2465 1226 2525 sogar

212 2500 277 2560 noch
308 2501 450 2561 Spuren
481 2503 531 2563 von
562 2507 810 2567 Irrthümern,
826 2512 871 2572 die
898 2515 963 2575 noch
994 2515 1044 2575 nie
1071 2515 1126 2575 vor
1147 2515 1232 2575 ihm,

216 2551 302 2611 selbst
330 2553 373 2613 ein
412 2552 623 2612 Socinianer
656 2559 856 2619 vertheidigt
884 2564 955 2624 hat.
1004 2566 1091 2626 Eben
1129 2563 1226 2623 dieses

212 2602 312 2662 aber,
339 2602 397 2662 daß
424 2604 471 2664 der
498 2605 662 2665 Verfasser
689 2605 741 2665 von
774 2609 884 2669 solchen
917 2614 1023 2674 Leuten
1060 2614 1229 2674 abweicht,

215 2644 263 2704 die
285 2649 355 2709 eben
383 2652 436 2712 so,
464 2652 523 2712 wie
551 2654 599 2714 er,
637 2655 686 2715 die
719 2658 897 2718 Vernynft
930 2661 984 2721 zur
1006 2663 1233 2723 Erkänntniß¬

217 2697 319 2757 quelle
345 2701 397 2761 der
418 2703 644 2763 Offenbarung
676 2706 887 2766 annehmen,
914 2712 1027 2772 könnte
1058 2712 1110 2772 ihn
1146 2712 1233 2772 wohl

220 2749 447 2809 überzeugen,
473 2753 529 2813 daß
556 2753 587 2813 er
613 2754 679 2814 eben
716 2754 799 2814 nicht
820 2754 871 2814 der
898 2760 1005 2820 Mann
1037 2762 1109 2822 sey,
1136 2763 1228 2823 durch

220 2792 346 2852 welchen
379 2799 425 2859 der
452 2802 568 2862 Kirche
584 2804 652 2864 eine
674 2803 905 2863 Reformation
932 2808 1137 2868 bevorstehe.
1164 2813 1232 2873 Hat

211 2835 243 2895 er
277 2844 371 2904 gleich
410 2851 476 2911 eine
516 2853 587 2913 noch
627 2853 659 2913 so
693 2852 777 2912 hohe
816 2855 943 2915 Censur
977 2859 1032 2919 zum
1088 2861 1231 2921 Abdruck

219 2888 322 2948 seines
346 2897 461 2957 Werks
491 2906 659 2966 erhalten:
689 2903 717 2963 so
741 2904 821 2964 wird
851 2905 903 2965 ihn
939 2912 1036 2972 dieses
1072 2912 1141 2972 doch
1176 2912 1233 2972 vor

1253 1726 1305 1786 dem
1345 1724 1501 1784 gerechten
1541 1721 1672 1781 Abscheu
1705 1715 2164 1775 philosophisch-christlicher
2198 1706 2269 1766 Ge¬

1248 1778 1370 1838 lehrten
1397 1775 1535 1835 nirgend
1562 1772 1652 1832 sicher
1674 1769 1823 1829 machen.
1876 1766 1966 1826 Man
1993 1761 2158 1821 bekömmt
2180 1757 2264 1817 schon

1253 1827 1344 1887 gleich
1377 1825 1441 1885 kein
1474 1820 1609 1880 tröstlich
1642 1817 1847 1877 Vorurtheil
1869 1814 1923 1874 für
1950 1814 2036 1874 ihn,
2064 1811 2149 1871 wenn
2188 1808 2252 1868 man

1248 1871 1285 1931 es
1319 1870 1367 1930 ihm
1415 1867 1601 1927 abmerket,
1635 1864 1692 1924 daß
1726 1861 1758 1921 er
1788 1863 1864 1923 ein,
1898 1859 1983 1919 schon
2022 1855 2141 1915 vorher
2170 1856 2265 1916 ange¬

1252 1917 1427 1977 nommnes
1459 1915 1731 1975 Vernunftsystem
1784 1911 1809 1971 in
1851 1909 1902 1969 die
1928 1903 2156 1963 Uebersetzung
2192 1905 2269 1965 mit¬

1247 1966 1380 2026 bringt,
1405 1963 1469 2023 und
1505 1963 1568 2023 also
1598 1962 1687 2022 nicht
1707 1960 1791 2020 etwa
1831 1957 1890 2017 das
1925 1952 2048 2012 System
2108 1953 2167 2013 aus
2207 1951 2261 2011 der

1253 2011 1502 2071 Uebersetzung,
1528 2011 1663 2071 sondern
1695 2008 1751 2068 aus
1783 2005 1829 2065 dem
1876 2000 2000 2060 System
2048 2001 2094 2061 die
2115 1999 2265 2059 Ueberse¬

1254 2061 1338 2121 tzung
1365 2058 1481 2118 macht.
1529 2056 1619 2116 Dies
1646 2055 1682 2115 ist
1704 2055 1825 2115 daraus
1858 2049 2027 2109 offenbar,
2054 2048 2133 2108 weil
2155 2048 2186 2108 er
2218 2047 2265 2107 ge¬

1251 2112 1337 2172 wisse
1355 2109 1511 2169 Lehrsätze
1535 2106 1604 2166 bloß
1634 2106 1679 2166 als
1703 2102 1958 2162 glaubwürdig,
1982 2097 2057 2157 weil
2075 2097 2103 2157 er
2127 2097 2161 2157 sie
2185 2099 2266 2159 sagt,

1253 2163 1467 2223 hinschreibt,
1507 2160 1595 2220 ohne
1623 2157 1722 2217 zuvor
1756 2154 1833 2214 über
1862 2151 2021 2211 diejenige
2050 2151 2259 2211 nothwendig

1256 2214 1562 2274 vorauszusetzende
1591 2208 1805 2268 Wahrheiten
1846 2204 1908 2264 mit
1937 2203 2032 2263 seinen
2073 2202 2174 2262 Lesern
2209 2202 2259 2262 sich

1255 2267 1420 2327 vereinigt
1442 2265 1467 2325 zu
1495 2261 1627 2321 haben,
1649 2261 1701 2321 die
1723 2258 1792 2318 doch
1824 2255 1914 2315 allein
1952 2252 2005 2312 den
2037 2252 2159 2312 Grund
2191 2249 2265 2309 aller

1255 2315 1383 2375 wahren
1410 2312 1705 2372 Ueberzeugungen
1742 2307 1959 2367 ausmachen.
2032 2300 2094 2360 Ist
2121 2297 2151 2357 es
2183 2297 2270 2357 nicht

1254 2365 1314 2425 eine
1343 2363 1498 2423 ekelhafte
1515 2360 1704 2420 Thorheit,
1727 2360 1816 2420 das,
1850 2357 1877 2417 so
1905 2351 1988 2411 ohne
2017 2348 2088 2408 allen
2123 2345 2261 2405 Beweis

1257 2414 1474 2474 hinzusetzen:
1507 2411 1561 2471 die
1584 2408 1719 2468 Schrift
1747 2405 1877 2465 enthält
1905 2399 1986 2459 keine
2019 2396 2133 2456 andere
2161 2396 2269 2456 Lehre,

1260 2464 1307 2524 als
1339 2461 1407 2521 die:
1440 2455 1556 2515 "Thue
1578 2458 1662 2518 das,
1689 2457 1758 2517 was
1785 2454 1837 2514 das
1864 2447 2075 2507 Naturgesetz
2097 2440 2239 2500 fordert.

1259 2514 1349 2574 Wird
1376 2509 1446 2569 man
1478 2509 1553 2569 denn
1586 2509 1612 2569 so
1634 2506 1735 2566 etwas
1757 2503 1869 2563 gerade
1891 2498 1922 2558 zu
1944 2496 1998 2556 auf
2014 2492 2062 2552 des
2084 2491 2265 2551 Verfassers

1259 2563 1364 2623 Wort
1381 2560 1550 2620 glauben?
1588 2557 1661 2617 oder
1694 2554 1773 2614 wird
1805 2549 1874 2609 man
1917 2545 1996 2605 nicht
2023 2542 2182 2602 vielmehr
2214 2542 2272 2602 erst

1258 2614 1387 2674 fordern
1415 2610 1442 2670 zu
1475 2605 1654 2665 beweisen,
1681 2602 1735 2662 daß
1774 2597 1838 2657 eine
1866 2593 2012 2653 göttliche
2039 2593 2266 2653 Offenbarung

1257 2663 1354 2723 nichts
1383 2658 1474 2718 mehr
1492 2658 1543 2718 als
1567 2654 1664 2714 diesen
1687 2647 1859 2707 Endzweck
1882 2643 1945 2703 mit
1968 2641 2019 2701 sich
2043 2643 2169 2703 führe?
2198 2643 2272 2703 Aus

1267 2710 1377 2770 solcher
1411 2705 1626 2765 Aufführung
1660 2699 1738 2759 wird
1771 2695 1843 2755 man
1883 2694 1970 2754 schon
2004 2693 2093 2753 einen
2127 2694 2264 2754 schaalen

1267 2758 1385 2818 Grund
1423 2754 1634 2814 vermuthen.
1688 2745 1769 2805 Wir
1802 2745 1926 2805 berufen
1965 2745 2023 2805 uns
2062 2745 2131 2805 auch
2165 2743 2272 2803 nächst

1268 2809 1361 2869 diesem
1406 2804 1461 2864 auf
1489 2802 1544 2862 das
1567 2798 1677 2858 eigene
1700 2794 1831 2854 Gefühl
1854 2793 1904 2853 der
1927 2795 2125 2855 Wahrheit,
2142 2792 2269 2852 welches

1270 2860 1312 2920 ein
1339 2855 1418 2915 jeder
1445 2851 1528 2911 Leser
1550 2849 1729 2909 empfinden
1756 2847 1866 2907 wird,
1899 2847 1988 2907 wenn
2020 2845 2051 2905 er
2084 2844 2109 2904 so
2142 2843 2273 2903 manche

1270 2906 1514 2966 muthwillige,
1546 2903 1609 2963 und
1641 2900 1757 2960 gerade
1790 2900 1863 2960 allem
1912 2894 2182 2954 Wortverstande
2214 2888 2272 2948 und

2126 2942 2246 3002 Syrnch
