2479 3508
634 1631 719 1691 4tes
769 1631 911 1691 Stück.
969 1631 1176 1691 Montag,
1206 1628 1262 1688 den
1313 1630 1391 1690 14.
1428 1625 1613 1685 Januar,
1649 1622 1791 1682 1765.

622 1706 773 1766 Halle.

195 1761 396 1821 Daselbst
417 1766 455 1826 ist
482 1761 821 1821 herausgekommen:
868 1758 939 1818 "D.
966 1763 1077 1823 Joh.
1104 1763 1207 1823 Sal.

305 1811 535 1871 "Semlers
576 1811 792 1871 Sammlung
833 1811 893 1871 zur
933 1811 1099 1871 gelehrten
1139 1810 1204 1870 Ge=

211 1857 338 1917 schichte
374 1856 466 1916 derer
511 1858 727 1918 sogenannten
777 1858 1026 1918 Beweisstellen
1072 1858 1100 1918 in
1150 1856 1203 1916 der

199 1909 396 1969 christlichen
435 1904 664 1964 Dogmatick,
686 1906 768 1966 1stes
796 1906 932 1966 Stück,
960 1906 1036 1966 über
1070 1906 1086 1966 1
1114 1908 1206 1968 Joh.

208 1967 253 2027 25,
266 1960 305 2020 7.
329 1957 443 2017 1764,
473 1956 501 2016 in
525 1956 611 2016 8vo,
641 1954 680 2014 12
716 1954 853 2014 Bogen.
935 1951 1027 2011 Dies
1062 1951 1102 2011 ist
1131 1953 1200 2013 eine

188 2011 267 2071 neue
289 2008 432 2068 Probe,
464 2008 490 2068 zu
523 2005 591 2065 was
618 2005 670 2065 für
698 2002 873 2062 besondern
900 2000 1111 2060 Endzwecken
1149 1998 1196 2058 der

181 2061 255 2121 Hr.
277 2058 324 2118 D.
351 2058 403 2118 den
436 2055 552 2115 großen
589 2055 737 2115 Vorrath
775 2053 875 2113 seiner
902 2052 1204 2112 Litteraturwissen¬

189 2109 312 2169 schaften
344 2106 536 2166 anwendet.
584 2108 749 2168 Vormals
776 2106 863 2166 hatte
885 2106 910 2166 er
937 2106 962 2166 es
999 2106 1061 2166 nur
1088 2103 1206 2163 dunkel

184 2160 317 2220 gesagt,
341 2158 399 2218 daß
434 2157 480 2217 die
510 2154 666 2214 berührte
697 2157 807 2217 Stelle
836 2157 894 2217 aus
935 2158 952 2218 1
988 2157 1086 2217 Joh.
1104 2158 1144 2218 5,
1168 2160 1185 2220 7

188 2211 288 2271 worin
316 2208 363 2268 die
384 2205 485 2265 Lehre
512 2205 570 2265 von
602 2205 676 2265 drey
703 2208 867 2268 Personen
905 2208 931 2268 in
969 2208 1021 2268 der
1048 2205 1207 2265 Gottheit

189 2258 368 2318 behauptet
385 2255 482 2315 wird,
510 2255 580 2315 auch
608 2255 700 2315 sogar
722 2255 777 2315 von
810 2255 858 2315 dem
902 2255 972 2315 seel.
989 2255 1032 2315 D.
1049 2255 1206 2315 Baum¬

184 2309 338 2369 garten
383 2304 471 2364 nicht
494 2301 549 2361 für
578 2303 738 2363 canonisch
777 2306 865 2366 wäre
894 2306 1065 2366 gehalten,
1099 2303 1204 2363 jeden¬

194 2359 262 2419 noch
289 2357 389 2417 seinen
416 2354 584 2414 Zuhörern
611 2354 669 2414 von
696 2357 748 2417 ihm
780 2357 827 2417 als
854 2357 1012 2417 canonisch
1039 2354 1207 2414 vorgetra¬

190 2409 241 2469 gen
272 2405 427 2465 worden,
454 2402 603 2462 worüber
630 2404 702 2464 man
728 2405 779 2465 ihm
822 2408 1023 2468 gegründete
1044 2405 1209 2465 Vorwür¬

187 2463 218 2523 fe
251 2454 399 2514 machte;
427 2452 474 2512 als
512 2452 602 2512 wäre
634 2455 938 2515 Baumgarten
981 2455 1082 2515 dabey
1120 2455 1210 2515 nicht

189 2505 359 2565 aufrichtig
382 2500 563 2560 gegangen.
592 2501 716 2561 Anjetzt
734 2503 801 2563 aber
819 2505 1000 2565 untersucht
1023 2504 1074 2564 der
1091 2503 1153 2563 Hr.
1165 2501 1204 2561 D.

193 2557 419 2617 weitläuftig,
441 2551 501 2611 auf
524 2551 590 2611 was
624 2548 673 2608 für
696 2554 855 2614 Gründen
889 2554 966 2614 diese
983 2554 1093 2614 Stelle
1116 2554 1209 2614 beru¬

187 2611 245 2671 he,
275 2608 338 2668 und
362 2604 466 2664 zeigt,
496 2599 547 2659 daß
577 2599 612 2659 sie
636 2599 658 2659 in
688 2602 780 2662 denen
810 2605 937 2665 meisten
967 2603 1042 2663 alten
1078 2602 1199 2662 codici-

189 2661 251 2721 bus
274 2656 319 2716 bis
354 2655 410 2715 auf
439 2653 489 2713 den
524 2646 654 2706 codicem
695 2652 937 2712 Hispanicum,
961 2655 1125 2715 gefehlet;
1154 2652 1204 2712 da=

196 2712 247 2772 her
277 2709 310 2769 sie
335 2708 403 2768 auch
433 2702 485 2762 von
514 2700 565 2760 dem
607 2700 844 2760 Erasmus,
867 2704 896 2764 in
926 2703 1046 2763 einigen
1076 2701 1208 2761 Ausga¬

193 2760 244 2820 ben
274 2760 372 2820 seines
397 2755 454 2815 N.
472 2753 518 2813 T.
536 2751 594 2811 und
624 2748 710 2808 sogar
734 2748 757 2808 in
787 2751 879 2811 denen
915 2753 1031 2813 erstern
1061 2752 1205 2812 Ueberse¬

196 2811 321 2871 tzungen
360 2806 416 2866 des
448 2802 498 2862 D.
524 2799 706 2859 Luthers
738 2801 940 2861 ausgelaßen
978 2802 1104 2862 worden
1142 2802 1211 2862 sey.

194 2861 498 2921 Bugenhagen
535 2849 615 2909 habe
648 2847 684 2907 sie
709 2848 777 2908 auch
809 2848 895 2908 nicht
920 2849 976 2909 für
1008 2849 1199 2909 authentisch

190 2911 345 2971 erkennt.
399 2907 554 2967 Zugleich
585 2900 711 2960 werden
749 2900 807 2960 alle
830 2902 1135 2962 Streitschriften,
1158 2901 1209 2961 die

1237 1704 1349 1764 jemals
1384 1703 1486 1763 dieser
1509 1700 1623 1760 Stelle
1652 1695 1753 1755 wegen
1794 1694 1821 1754 zu
1856 1691 2094 1751 verschiedenen
2129 1689 2253 1749 Zeiten,

1236 1754 1331 1814 unter
1358 1751 1575 1811 verschiednen
1613 1748 1792 1808 Gelehrten
1830 1742 2057 1802 vorgefallen,
2101 1739 2254 1799 beschrie¬

1236 1801 1288 1861 ben
1321 1799 1379 1859 und
1406 1796 1607 1856 beurtheilt,
1634 1796 1692 1856 und
1724 1793 1776 1853 der
1803 1793 1872 1853 Hr.
1889 1792 1935 1852 D.
1962 1789 2047 1849 giebt
2074 1786 2243 1846 besonders

1239 1849 1291 1909 dem
1339 1844 1507 1904 englischen
1534 1841 1676 1901 Arianer
1703 1840 1887 1900 Emlyn,
1914 1837 1966 1897 der
1988 1835 2119 1895 deshalb
2146 1834 2245 1894 wider

1234 1899 1289 1959 den
1323 1896 1495 1956 Martin
1534 1894 1717 1954 gestritten,
1734 1888 1850 1948 großen
1884 1886 2044 1946 Beyfall;
2068 1885 2139 1945 sagt
2162 1885 2250 1945 auch,

1235 1945 1286 2005 daß
1312 1945 1400 2005 wenn
1432 1945 1519 2005 gleich
1551 1939 1597 1999 die
1619 1941 1732 2001 Stelle
1753 1936 1950 1996 authentisch
1976 1933 2084 1993 wäre:
2121 1931 2152 1991 so
2183 1933 2250 1993 ent¬

1239 1993 1331 2053 hielte
1357 1990 1393 2050 sie
1424 1990 1490 2050 doch
1527 1990 1630 2050 keinen
1656 1986 1794 2046 Beweis
1826 1984 1882 2044 für
1908 1984 1955 2044 die
1981 1980 2248 2040 Dreyeinigkeit,

1231 2042 1307 2102 oder
1329 2040 1508 2100 vielmehr,
1537 2037 1596 2097 wie
1623 2034 1678 2094 sich
1711 2034 1764 2094 der
1792 2032 1863 2092 Hr.
1880 2030 1922 2090 D.
1945 2028 2015 2088 sehr
2049 2031 2244 2091 zweydeutig

1232 2095 1345 2155 anstatt
1369 2088 1631 2148 Dreyeinigkeit
1648 2085 1773 2145 überall
1791 2079 1984 2139 ausdrückt,
2002 2079 2053 2139 für
2076 2080 2127 2140 die
2150 2082 2247 2142 Lehre

1233 2148 1290 2208 von
1320 2142 1418 2202 GOtt
1442 2142 1575 2202 Vater,
1599 2140 1702 2200 Sohn
1732 2136 1790 2196 und
1820 2131 1929 2191 Geist.
1976 2130 2080 2190 Denn
2110 2133 2144 2193 sie
2168 2133 2248 2193 gehe

1234 2199 1288 2259 nur
1327 2196 1386 2256 auf
1414 2195 1463 2255 die
1496 2192 1692 2252 Gleichheit
1719 2190 1779 2250 und
1812 2181 2155 2241 Uebereinstimmung
2188 2183 2242 2243 des

1236 2247 1423 2307 Zeugnisses
1447 2243 1546 2303 dieser
1569 2242 1691 2302 Drey,
1719 2238 1835 2298 welche
1864 2235 1891 2295 im
1936 2234 2086 2294 Himmel
2109 2233 2247 2293 zeugen.

1237 2297 1417 2357 Beyläufig
1446 2296 1519 2356 wird
1548 2294 1621 2354 auch
1650 2291 1774 2351 gesagt,
1808 2286 1858 2346 daß
1899 2282 1943 2342 die
1961 2279 2079 2339 Worte
2102 2279 2249 2339 Christi:

1238 2351 1296 2411 Ich
1324 2348 1383 2408 und
1411 2345 1459 2405 der
1482 2345 1584 2405 Vater
1607 2341 1671 2401 sind
1698 2336 1812 2396 Eins,
1840 2335 1898 2395 kein
1927 2330 2061 2390 Beweis
2089 2330 2137 2390 für
2165 2330 2246 2390 seine

1239 2398 1393 2458 Gottheit
1414 2396 1547 2456 wären;
1574 2392 1707 2452 sondern
1734 2387 1810 2447 weil
1826 2384 1970 2444 Christus
1997 2378 2068 2438 vor=
2079 2381 2140 2441 und
2156 2381 2249 2441 nach¬

1236 2448 1290 2508 her
1312 2445 1403 2505 sage:
1431 2443 1549 2503 Seine
1566 2440 1711 2500 Schaafe
1728 2437 1831 2497 sollten
1858 2432 1939 2492 nicht
1950 2429 2004 2489 aus
2031 2429 2128 2489 seiner
2145 2429 2236 2489 Hand

1234 2497 1364 2557 gerissen
1390 2492 1545 2552 werden:
1571 2490 1596 2550 so
1621 2488 1752 2548 beweise
1777 2485 1802 2545 er
1828 2482 1893 2542 dies
1918 2479 2049 2539 damit,
2080 2476 2160 2536 weil
2180 2479 2235 2539 sein

1238 2548 1337 2608 Wille
1349 2545 1470 2605 hierin,
1487 2542 1553 2602 auch
1576 2541 1625 2601 des
1643 2537 1764 2597 Vaters
1781 2531 1880 2591 Wille
1897 2528 1958 2588 sey,
1975 2527 2035 2587 und
2058 2527 2091 2587 es
2113 2528 2174 2588 also
2202 2529 2251 2589 ge¬

1234 2596 1288 2656 wiß
1316 2594 1468 2654 geschehen
1496 2591 1621 2651 würde,
1627 2587 1713 2647 indem
1747 2581 1779 2641 sie
1796 2581 1817 2641 in
1845 2578 1932 2638 dieser
1949 2578 2057 2638 Sache
2074 2577 2150 2637 Eins
2172 2580 2253 2640 sind.

1243 2649 1307 2709 Auf
1326 2644 1366 2704 die
1385 2643 1437 2703 Art
1455 2642 1491 2702 ist
1503 2641 1579 2701 diese
1597 2638 1703 2698 Stelle
1721 2632 1810 2692 wohl
1822 2629 1869 2689 nie
1887 2629 1939 2689 von
1964 2629 2152 2689 orthodoren
2176 2632 2252 2692 Leh=

1234 2697 1302 2757 rern
1334 2691 1503 2751 ausgelegt
1524 2687 1672 2747 worden.
1709 2678 1761 2738 Im
1799 2679 2010 2739 Gegentheil
2026 2679 2084 2739 aus
2111 2679 2158 2739 der
2185 2679 2253 2739 All¬

1240 2745 1361 2805 macht,
1373 2742 1416 2802 die
1439 2742 1466 2802 er
1483 2738 1532 2798 sich
1555 2735 1643 2795 selbst
1666 2732 1715 2792 zur
1732 2730 1947 2790 Bewahrung
1975 2729 2074 2789 seiner
2097 2727 2246 2787 Schaafe

1239 2796 1382 2856 beylegt,
1393 2791 1481 2851 fließt
1498 2787 1569 2847 seine
1593 2784 1758 2844 Gottheit,
1775 2781 1852 2841 weil
1869 2781 1896 2841 er
1919 2779 2035 2839 gleiche
2058 2778 2179 2838 Macht
2190 2778 2251 2838 mit

1243 2847 1292 2907 dem
1337 2842 1436 2902 Vater
1460 2839 1492 2899 zu
1521 2838 1615 2898 haben
1649 2832 1787 2892 vorgab.
1816 2829 1938 2889 Daher
1961 2829 2043 2889 sagte
2067 2829 2138 2889 auch
2167 2826 2244 2886 schon

1244 2894 1569 2954 Chrysostomus
1606 2885 1655 2945 bey
1686 2885 1778 2945 dieser
1804 2881 1944 2941 Stelle:
1976 2879 2043 2939 Wo
2062 2879 2110 2939 die
2136 2876 2252 2936 Macht

2186 2930 2258 2990 die¬
