2479 3508
480 324 743 384 Warschau,
778 327 831 387 den
866 330 933 390 31.
967 330 1061 390 Jan.

308 373 359 433 Am
401 372 597 432 verwichnen
629 376 783 436 Freytage
810 377 872 437 und
898 380 1109 440 Sonnabend
1136 377 1275 437 divertir

248 422 298 482 ten
328 422 378 482 sich
419 423 493 483 Sr.
511 425 613 485 Maj.
642 425 664 485 in
700 426 854 486 Assistenz
883 431 1123 491 verschiedener
1146 428 1277 488 Herren

258 470 322 530 mit
345 470 398 530 der
421 471 512 531 Jagd
540 473 648 533 hinter
670 479 908 539 Mariemont,
936 478 1033 538 allwo
1056 477 1126 537 Sie
1153 476 1164 536 3
1191 477 1267 537 Elen

252 521 292 581 de
317 521 448 581 erleget.
500 524 544 584 Am
586 527 772 587 Sonntage
798 527 868 587 aber
894 527 944 587 des
970 530 1136 590 Morgens
1162 530 1273 590 retour

260 572 364 632 nirten
398 571 475 631 Sr.
503 573 602 633 Maj.
619 575 740 635 anhero
774 579 834 639 und
873 578 1043 638 verfügten
1083 579 1132 639 sich
1166 578 1193 638 in
1232 578 1281 638 die
1315 580 1380 640 chen
1414 580 1463 640 der
1486 580 1551 640 Hr.
1569 578 1783 638 Czernewski
1806 578 1960 638 Truchses
1988 582 2043 642 von
2071 583 2236 643 Chenszin
2276 578 2330 638 vor

261 619 470 679 Pfarrkirche
509 624 564 684 zur
598 625 769 685 Andacht.
836 628 891 688 Am
941 628 1129 688 Dienstage
1168 628 1278 688 wurde
1318 628 1439 688 einiger
1467 628 1539 688 Zeit
1556 628 1660 688 wegen
1689 625 1838 685 gehabter
1866 631 2225 691 Schuldanforderung
2264 631 2330 691 eine

259 670 317 730 der
339 673 438 733 wegen
470 672 523 732 des
555 672 586 732 an
624 676 718 736 Hrn.
734 676 881 736 Zaklecka
914 678 1119 738 begangenen
1151 678 1277 738 Mords
1316 676 1447 736 Heerde
1469 676 1589 736 Pferde
1616 676 1874 736 abgenommen;
1912 673 1943 733 es
1970 675 2006 735 ist
2033 678 2101 738 auch
2134 682 2254 742 bereits
2282 682 2323 742 ein

264 721 325 781 zum
367 724 588 784 arquebusiren
620 726 831 786 verurtheilte
857 725 991 785 Officier
1017 725 1073 785 auf
1105 727 1156 787 den
1183 724 1295 784 Richt¬

263 772 348 832 platz
365 772 532 832 geführet,
560 774 591 834 es
619 775 726 835 langte
748 775 823 835 aber
846 775 937 835 gleich
965 778 1099 838 Pardon
1132 775 1196 835 ein,
1213 775 1277 835 mit
1316 775 1385 835 ches
1418 775 1585 835 gedachten
1623 775 1818 835 Kaufleuten
1856 774 1953 834 gegen
1996 778 2136 838 100000
2175 781 2325 841 Ducaten

252 820 330 880 telst
356 822 491 882 welchem
538 821 585 881 die
616 822 835 882 Todesstrafe
867 822 892 882 in
935 823 976 883 ein
1008 825 1205 885 Gefängniß
1231 824 1288 884 auf

260 870 303 930 ein
341 873 439 933 Jahr
472 870 532 930 und
565 867 581 927 6
614 870 755 930 Wochen
800 873 1011 933 verwechselt
1034 873 1186 933 worden.
1236 870 1284 930 An

265 921 403 981 selbigem
452 921 643 981 Dienstage
670 920 728 980 des
760 924 936 984 Morgens
969 924 1032 984 sind
1070 922 1293 982 verschiedene

267 969 521 1029 Frachtwagens
553 972 609 1032 mit
631 972 786 1032 Meublen
818 974 947 1034 beladen
979 973 1036 1033 aus
1062 972 1113 1032 dem
1150 971 1285 1031 hiesigen

263 1021 469 1081 Sächsischen
503 1022 653 1082 Palais,
682 1022 865 1082 imgleichen
900 1022 944 1082 die
967 1022 1033 1082 hier
1067 1022 1139 1082 noch
1168 1019 1278 1079 zuruck

270 1070 461 1130 gebliebene
482 1070 667 1130 Sächsische
694 1073 779 1133 Zug=
801 1071 858 1131 und
885 1067 1086 1127 Reutpferde
1108 1069 1166 1129 auf
1188 1064 1298 1124 Ordre

263 1169 457 1229 gegangen.
507 1163 557 1223 Es
585 1165 674 1225 sollen
702 1164 791 1224 Ihro
819 1166 963 1226 Königl.
980 1169 1080 1229 Maj.
1097 1164 1291 1224 ohnfehlbar

265 1214 502 1274 intentioniret
534 1210 632 1270 seyn,
658 1213 824 1273 künftiges
856 1213 1026 1273 Frühjahr
1058 1214 1129 1274 nach
1156 1213 1290 1273 Danzig

270 1264 490 1324 abzureisen,
515 1261 545 1321 zu
581 1261 716 1321 welchem
766 1261 862 1321 Ende
897 1261 982 1321 nicht
1013 1263 1072 1323 nur
1113 1261 1203 1321 allein
1244 1258 1293 1318 die

272 1314 470 1374 sämmtliche
493 1311 595 1371 Russ.
613 1312 765 1372 Truppen
806 1312 856 1372 sich
891 1312 959 1372 nach
999 1312 1112 1372 Poln.
1136 1312 1288 1372 Preußen

266 1363 428 1423 begeben,
456 1363 590 1423 sondern
624 1363 651 1423 es
680 1365 735 1425 soll
758 1366 825 1426 auch
865 1365 915 1425 die
938 1366 1133 1426 Krongarde
1167 1366 1194 1426 zu
1223 1366 1289 1426 Fuß

265 1415 379 1475 Ordre
401 1416 613 1476 bekommen,
635 1417 672 1477 um
716 1416 765 1476 sich
793 1417 895 1477 bereit
912 1419 939 1479 zu
972 1418 1107 1478 finden,
1129 1416 1292 1476 ebenfalls

268 1467 364 1527 dahin
397 1467 706 1527 abzumarschiren,
733 1465 765 1525 an
798 1467 868 1527 ihre
890 1467 1003 1527 Stelle
1031 1467 1106 1527 aber
1139 1467 1193 1527 soll
1220 1467 1290 1527 hier
1323 1470 1452 1530 Accise,
1480 1470 1539 1530 und
1567 1470 1626 1530 wil
1648 1470 1696 1530 der
1724 1469 1831 1529 König
1859 1473 1983 1533 künftig
2011 1470 2059 1530 die
2081 1472 2253 1532 Revenüen
2292 1472 2345 1532 da¬

266 1518 341 1578 nach
369 1518 542 1578 Warschau
581 1518 635 1578 zur
668 1515 852 1575 Besatzung
891 1516 939 1576 die
968 1518 1157 1578 lithauische
1180 1515 1293 1575 Gard¬

527 1561 603 1621 Sr.
629 1566 725 1626 Maj.
746 1566 858 1626 wollen
894 1566 980 1626 nicht
1006 1566 1067 1626 nur
1098 1564 1189 1624 allein
1220 1563 1291 1623 gute

266 1566 467 1626 einrüͤcken.

266 1613 434 1673 Ordnung
458 1610 487 1670 in
516 1610 650 1670 Danzig
680 1610 853 1670 errichten,
863 1608 992 1668 sondern
1027 1610 1093 1670 auch
1123 1610 1180 1670 das
1205 1610 1286 1670 Wer

266 1659 320 1719 der
350 1658 384 1718 an
415 1658 464 1718 sich
494 1658 622 1718 zurücke
648 1655 816 1715 bringen,
846 1655 905 1715 aus
936 1655 1063 1715 welchem
1104 1657 1153 1717 die
1178 1656 1301 1716 Stadt,

267 1709 325 1769 von
358 1709 411 1769 des
438 1706 587 1766 Königes
614 1703 752 1763 Johann
784 1700 949 1760 Casimirs
971 1706 1109 1766 Zeiten,
1147 1706 1296 1766 beynahe

272 1758 337 1818 100
374 1756 464 1816 Jahr
488 1751 548 1811 alle
574 1751 754 1811 Revenüen
784 1751 953 1811 gezogen,
984 1754 1080 1814 unter
1111 1753 1165 1813 dem
1208 1753 1297 1813 Titel
1328 1754 1442 1814 gustus
1480 1751 1545 1811 III.
1564 1754 1654 1814 ihnen
1690 1759 1859 1819 gegeben,
1890 1760 2095 1820 aufgehoben
2132 1764 2191 1824 und
2222 1769 2342 1829 caßiret

268 1805 355 1865 einer
383 1802 628 1862 hochgedachtem
673 1802 803 1862 Könige
826 1802 1099 1862 vorgeschossenen
1132 1802 1301 1862 Summe,

265 1857 387 1917 welche
409 1852 484 1912 aber
511 1852 558 1912 die
580 1854 756 1914 Danziger
784 1852 927 1912 zwiefach
955 1852 1226 1912 eingenommen,
1238 1857 1296 1917 und

268 1909 333 1969 wie
355 1909 425 1969 man
453 1906 567 1966 höret,
595 1906 622 1966 so
644 1906 736 1966 sollen
764 1906 813 1966 sich
840 1906 889 1966 die
911 1909 1085 1969 Danziger
1108 1909 1227 1969 bereits
1255 1908 1298 1968 er¬

266 1960 369 2020 klåret
392 1960 517 2020 haben,
529 1957 704 2017 freywillig
732 1957 786 2017 das
808 1958 945 2018 Werder
967 1962 1175 2022 abzutreten.
1225 1960 1301 2020 Sr.

271 2011 420 2071 Durchl.
437 2011 486 2071 der
515 2009 608 2069 Fürst
631 2008 885 2068 Poniatowski,
903 2010 1057 2070 General
1074 2011 1124 2071 der
1147 2011 1295 2071 Kayserl.
1329 2011 1378 2071 J.
1401 2005 1467 2065 M.
1484 2008 1628 2068 Götzens
1651 2008 1811 2068 Auszüge
1833 2008 1888 2068 aus
1916 2008 2016 2068 seinen
2050 2011 2348 2071 Sonntags=Fest¬

271 2061 390 2121 Armee
418 2061 482 2121 sind
515 2057 591 2117 nach
624 2058 754 2118 Wien,
787 2058 901 2118 wohin
934 2058 982 2118 sich
1021 2061 1091 2121 auch
1124 2061 1194 2121 nach
1233 2061 1303 2121 etli¬

265 2110 335 2170 chen
386 2108 529 2168 Wochen
586 2106 681 2166 Dero
739 2109 901 2169 Gemalin
952 2109 1094 2169 begeben
1146 2109 1303 2169 werden,

275 2160 336 2220 und
363 2157 415 2217 der
441 2157 508 2217 Hr.
529 2155 622 2215 Graf
649 2156 705 2216 von
732 2156 877 2216 Brühl,
904 2157 1308 2217 Generalkronfeldzeug¬

269 2207 402 2267 meister
423 2205 491 2265 nach
521 2202 763 2262 Krystianopel
784 2204 832 2264 zum
882 2205 976 2265 Hrn.
991 2205 1193 2265 Woywoden
1228 2202 1287 2262 von

270 2257 371 2317 Kyow
408 2252 525 2312 vorige
547 2249 669 2309 Woche
691 2249 888 2309 abgereiset.
958 2252 1069 2312 Heute
1096 2252 1165 2312 aber
1192 2252 1229 2312 ist
1250 2249 1298 2309 der

277 2309 353 2369 Hr.
371 2300 646 2360 Großmarschall
663 2300 718 2360 von
746 2300 900 2360 Lithauen
940 2301 978 2361 ad
1012 2303 1144 2363 propria
1177 2301 1287 2361 zurück

279 2357 454 2417 gekehret,
478 2351 665 2411 imgleichen
700 2348 819 2408 begabe
842 2348 893 2408 sich
916 2351 1012 2411 heute
1030 2352 1092 2412 auf
1110 2351 1212 2411 seinen
1241 2344 1302 2404 Ge¬

276 2404 599 2464 sandtschaftsposten
638 2399 708 2459 nach
741 2399 951 2459 Petersburg
984 2402 1032 2462 der
1065 2402 1130 2462 Hr.
1152 2401 1297 2461 Kronre¬

287 2456 493 2516 ferendarius
523 2449 614 2509 Graf
638 2446 902 2506 Malachowski,
920 2451 983 2511 und
1007 2451 1058 2511 den
1093 2452 1179 2512 10ten
1202 2449 1300 2509 Febr.

281 2508 358 2568 wird
392 2506 442 2566 sich
475 2503 530 2563 der
553 2497 892 2557 Kronuntertruchses
920 2500 1014 2560 Graf
1037 2502 1203 2562 Branicki
1226 2499 1297 2559 nach

279 2555 397 2615 Berlin
432 2555 612 2615 verfügen.
664 2551 760 2611 Weil
783 2548 850 2608 hier
885 2548 952 2608 eine
976 2551 1077 2611 große
1112 2551 1292 2611 Theurung

275 2605 493 2665 entstanden,
520 2605 579 2665 und
611 2604 669 2664 alle
691 2599 882 2659 Victualien
910 2599 973 2659 und
1000 2602 1223 2662 Arbeitsleute
1245 2599 1303 2659 im¬

270 2650 339 2710 mer
361 2652 493 2712 theurer
521 2652 675 2712 werden,
707 2652 738 2712 so
771 2649 872 2709 haben
909 2649 962 2709 des
995 2652 1090 2712 Hrn.
1106 2649 1303 2709 Krongroß¬

276 2700 464 2760 marschalls
487 2701 653 2761 Excellenz
681 2703 813 2763 hiesigem
864 2700 952 2760 Rath
991 2702 1196 2762 auferleget,
1230 2700 1290 2760 daß

265 2751 405 2811 derselbe
427 2748 495 2808 eine
516 2747 657 2807 gerechte
684 2753 767 2813 Taxe
794 2751 871 2811 aller
888 2751 1070 2811 Victualien
1108 2751 1165 2811 und
1187 2751 1301 2811 Hand¬

270 2801 466 2861 werkerlohn
499 2796 648 2856 aufsetzen
680 2802 797 2862 möge;
825 2802 935 2862 damit
963 2802 1036 2862 aber
1064 2802 1117 2862 der
1149 2801 1303 2861 Verkau¬

266 2854 306 2914 fer
342 2848 505 2908 hinführo
541 2844 629 2904 keine
653 2849 834 2909 Theurung
869 2852 992 2912 machen
1034 2849 1168 2909 dörfte,
1198 2849 1226 2909 so
1262 2849 1302 2909 ist

272 2906 368 2966 ihnen
401 2901 472 2961 aller
499 2897 647 2957 Verkauf
667 2897 724 2957 auf
744 2899 796 2959 der
822 2906 912 2966 Prag
938 2904 1022 2964 schon
1049 2903 1223 2963 verboten,
1236 2900 1300 2960 und

1316 336 1345 396 zu
1376 333 1423 393 dem
1466 332 1556 392 Ende
1581 333 1622 393 ein
1647 336 1851 396 Commando
1882 336 2044 396 Soldaten
2075 333 2165 393 dahin
2196 330 2316 390 gesetzet

1305 377 1354 437 Es
1381 383 1441 443 sind
1475 383 1572 443 dieser
1600 381 1708 441 Tagen
1742 383 1758 443 2
1786 385 1992 445 Tartarische
2015 383 2123 443 Boten
2162 380 2325 440 eingetrof

1310 431 1385 491 fen,
1418 434 1559 494 welche,
1598 431 1657 491 wie
1690 431 1761 491 man
1799 434 1967 494 versichern
2005 433 2103 493 will,
2136 431 2330 491 Ansuchung

1309 479 1419 539 thun,
1464 482 1518 542 daß
1569 481 1696 541 einigen
1746 481 1939 541 Türkischen
1990 482 2222 542 Kaufleuten,
2261 479 2327 539 und

1312 530 1395 590 einem
1443 531 1591 591 gewissen
1627 529 1740 589 Juden
1776 530 2014 590 Gnugthuung
2045 533 2222 593 geschehe,
2265 530 2329 590 wel

1316 726 1443 786 Decret
1471 725 1493 785 in
1533 727 1582 787 dem
1633 724 1888 784 Grenzgerichte
1916 727 2116 787 bestanden,
2139 730 2233 790 durch
2267 730 2344 790 wel=

1318 822 1542 882 zugesprochen
1575 822 1724 882 worden.

1471 870 1843 930 Weichselstrom,
1867 871 1924 931 vom
1971 873 2012 933 7.
2042 875 2145 935 Febr.

1369 918 1510 978 Zufolge
1534 917 1584 977 der
1614 918 1732 978 Briefe
1762 921 1824 981 aus
1854 923 1984 983 Danzig
2024 927 2086 987 sind
2116 926 2166 986 die
2195 924 2348 984 Präten¬

1316 965 1421 1025 siones
1454 966 1507 1026 des
1534 966 1661 1026 Königs
1688 969 1745 1029 von
1778 972 1884 1032 Polen
1917 975 2017 1035 Maj.
2038 975 2070 1035 an
2102 975 2197 1035 dieser
2230 975 2341 1035 Stadt

1316 1016 1500 1076 folgende:
1549 1016 1592 1076 1)
1614 1016 1689 1076 Das
1717 1022 1950 1082 Inventarium
1989 1023 2048 1083 von
2086 1023 2134 1083 der
2168 1025 2340 1085 Pfarrkir¬

1322 1064 1391 1124 che,
1420 1061 1443 1121 so
1472 1063 1529 1123 aus
1559 1067 1657 1127 vielen
1692 1072 1871 1132 Millionen
1907 1074 2045 1134 besteht.
2092 1074 2137 1134 2)
2161 1076 2235 1136 Das
2259 1076 2339 1136 gan¬

269 1121 322 1181 des
352 1118 552 1178 Sächsischen
588 1118 694 1178 Hofes
719 1118 801 1178 über
825 1118 948 1178 Cracau
973 1118 1044 1178 nach
1068 1117 1209 1177 Sachsen
1239 1111 1292 1171 ab=
1323 1114 1357 1174 ze
1382 1112 1564 1172 Pfahlgeld
1594 1118 1724 1178 künftig
1766 1121 1990 1181 einzuziehen.
2051 1125 2097 1185 3)
2133 1126 2215 1186 Das
2240 1127 2339 1187 ganze

1323 1163 1477 1223 danziger
1499 1166 1663 1226 Werder,
1685 1169 1818 1229 welches
1846 1172 1898 1232 den
1936 1172 2042 1232 Polen
2070 1172 2266 1232 zugehöret,
2288 1175 2335 1235 die

1321 1211 1400 1271 aber
1422 1213 1538 1273 solches
1570 1213 1596 1273 zu
1633 1216 1791 1276 Casimirs
1824 1219 1929 1279 Zeiten
1967 1219 2093 1279 versetzt
2120 1222 2246 1282 haben,
2273 1224 2331 1284 und

1322 1262 1370 1322 die
1398 1264 1589 1324 Interessen
1628 1265 1720 1325 sollen
1759 1264 1840 1324 schon
1879 1267 2070 1327 zweymahl
2103 1269 2163 1329 das
2202 1270 2343 1330 Capital

1322 1315 1538 1375 übersteigen.
1584 1318 1635 1378 4)
1659 1315 1732 1375 Die
1756 1317 2012 1377 Genugthuung
2047 1318 2097 1378 für
2132 1318 2177 1378 die
2206 1320 2343 1380 genom=

1323 1368 1416 1428 mene
1445 1371 1597 1431 Freiheit
1627 1369 1679 1429 des
1715 1369 1977 1429 Münzwesens.
2030 1369 2076 1429 5)
2113 1369 2199 1429 Eine
2229 1369 2339 1429 zweite

1323 1419 1447 1479 Strafe
1484 1419 1592 1479 wegen
1629 1419 1680 1479 der
1712 1419 1908 1479 Errichtung
1945 1420 2017 1480 oder
2049 1421 2240 1481 Einnahme
2282 1421 2334 1481 der

1321 1516 1379 1576 von
1412 1517 1543 1577 ziehen.
1592 1516 1639 1576 6)
1666 1518 1740 1578 Die
1772 1518 2026 1578 Zulagegelder,
2053 1521 2111 1581 und
2148 1521 2211 1581 wer
2233 1521 2328 1581 ihnen

1318 1563 1363 1623 die
1389 1563 1577 1623 Erlaubniß
1608 1563 1770 1623 gegeben,
1796 1565 1847 1625 die
1873 1567 2000 1627 Zulage
2026 1569 2056 1629 zu
2087 1569 2260 1629 errichten.
2301 1575 2336 1635 7.

1323 1608 1504 1668 Fernerhin
1534 1608 1604 1668 solch
1635 1608 1721 1668 Geld
1746 1610 1776 1670 zu
1802 1613 1937 1673 schlagen
1968 1613 2013 1673 als
2049 1613 2099 1673 die
2125 1616 2341 1676 benachbarte

1328 1655 1519 1715 Provinzen
1557 1655 1588 1715 es
1615 1655 1828 1715 ausprägen.
1881 1658 1929 1718 8)
1966 1658 2057 1718 Soll
2089 1661 2115 1721 in
2164 1664 2338 1724 Ansehung

1332 1703 1381 1763 der
1404 1705 1525 1765 Zulage
1548 1703 1608 1763 und
1636 1703 1686 1763 des
1715 1706 1963 1766 Pfahlgeldes,
1991 1709 2041 1769 die
2064 1711 2207 1771 Freiheit
2225 1712 2251 1772 so
2280 1715 2346 1775 Au¬

1331 1804 1428 1864 seyn.

1642 1909 2043 1969 AVERTISSEMENT.

1377 1954 1455 2014 Bey
1490 1956 1540 2016 dem
1586 1960 1750 2020 Verleger
1785 1960 1881 2020 dieser
1910 1963 2045 2023 Zeitung
2080 1963 2119 2023 ist
2148 1963 2176 2023 zu
2211 1963 2340 2023 haben:

1327 2056 1393 2116 und
1432 2055 1673 2115 verschiedenen
1721 2055 2034 2115 Wochenpredigten
2083 2058 2135 2118 des
2179 2061 2337 2121 1764sten

1332 2104 1483 2164 Jahres,
1510 2103 1564 2163 gr.
1581 2103 1618 2163 8,
1640 2103 1656 2163 3
1684 2102 1721 2162 fl.
1743 2100 1780 2160 15
1808 2102 1862 2162 gr.
1922 2103 2040 2163 Mich.
2063 2104 2176 2164 Richey
2203 2108 2343 2168 deutsche

1329 2148 1517 2208 Gedichte,
1545 2148 1617 2208 2ter
1651 2148 1778 2208 Theil,
1806 2151 1861 2211 gr.
1878 2154 1927 2214 8,
1956 2151 2088 2211 Hamb.
2116 2157 2232 2217 1764,
2266 2159 2282 2219 3
2310 2160 2349 2220 fl.

1329 2199 1556 2259 Kurzgefaßte
1578 2197 1871 2257 Lebensgeschichte
1899 2202 1958 2262 und
1980 2205 2159 2265 Character
2181 2206 2229 2266 des
2257 2209 2349 2269 Hrn.

1332 2246 1547 2306 Präsidenten
1576 2246 1836 2306 Winkelmanns
1859 2252 1887 2312 zu
1916 2252 2023 2312 Rom,
2046 2252 2085 2312 8,
2114 2258 2232 2318 1764,
2256 2262 2345 2322 4gr.

1327 2294 1485 2354 Discours
1510 2294 1702 2354 prononces
1722 2295 1798 2355 dans
1818 2300 2020 2360 l'academie
2050 2303 2160 2363 royale
2194 2306 2203 2366 a
2233 2309 2261 2369 la
2295 2306 2343 2366 re-

1331 2342 1460 2402 ception
1487 2345 1517 2405 de
1544 2345 1580 2405 S.
1596 2345 1637 2405 A.
1658 2343 1699 2403 les
1721 2347 1850 2407 Princes
1871 2352 2021 2412 Frederic
2043 2357 2188 2417 Auguste
2215 2357 2225 2417 &
2256 2358 2349 2418 Guil-

1328 2393 1435 2453 laume
1460 2394 1608 2454 Adolphe
1639 2393 1674 2453 de
1698 2399 1901 2459 Brunswick,
1925 2406 1966 2466 4,
1991 2411 2103 2471 1764.
2128 2411 2139 2471 4
2170 2411 2223 2471 gr.

1339 2498 1671 2558 Illechsel-Cours
1698 2500 1711 2560 &
1766 2509 1921 2569 Species
1942 2509 1982 2569 d.
2003 2509 2071 2569 14.
2092 2509 2206 2569 Febr.
2227 2512 2342 2572 1765.

1337 2554 1524 2614 Amsterdam
1563 2557 1599 2617 41
1625 2557 1706 2617 Tage
1732 2560 1794 2620 313
1807 2567 1844 2627 gr

1936 2555 1983 2615 71
2002 2562 2092 2622 Tage
2117 2566 2280 2626 3114gr.

1335 2605 1509 2665 Hamburg
1543 2603 1555 2663 3
1583 2607 1636 2667 W.
1650 2608 1776 2668 136gr.

1899 2610 1911 2670 6
1946 2609 1999 2669 W.
2020 2612 2115 2672 135½
2129 2612 2182 2672 gr.

1329 2652 1444 2712 Berlin

1846 2658 1998 2718 Dantzig
2037 2661 2075 2721 24
2103 2658 2151 2718 pr.
2168 2658 2244 2718 Cto.

1330 2706 1478 2766 Ducaten
1502 2703 1579 2763 neue
1597 2705 1608 2765 9
1639 2706 1667 2766 fl.
1680 2708 1691 2768 6
1716 2712 1768 2772 gr.

1899 2706 2031 2766 Alberts
2049 2708 2147 2768 Taler
2165 2709 2228 2769 130
2252 2712 2309 2772 gr.

1333 2754 1455 2814 Rubel
1471 2757 1535 2817 113
1565 2758 1615 2818 gr.

1819 2757 1872 2817 Alt
1888 2756 2028 2816 Polnisch
2059 2757 2129 2817 Geld
2160 2759 2191 2819 13
2215 2760 2260 2820 pr.
2278 2763 2330 2823 Cte

1345 2820 1435 2880 Diese
1452 2820 1601 2880 Gelehrte
1619 2823 1676 2883 und
1701 2823 1858 2883 Politische
1884 2820 2007 2880 Zeitung
2033 2817 2099 2877 wird
2125 2822 2173 2882 des
2199 2826 2355 2886 Montag=

1447 2864 1504 2924 und
1534 2864 1678 2924 Freytags
1703 2861 1902 2921 Vormittags
1931 2860 1960 2920 um
2000 2861 2028 2921 10
2058 2861 2115 2921 Uhr
2135 2864 2159 2924 in
2183 2868 2231 2928 dem

1514 2912 1714 2972 Kanterschen
1743 2906 1921 2966 Buchladen
1956 2909 2166 2969 ausgegeben.
