2479 3508
186 377 252 437 men
292 375 319 435 in
359 374 448 434 einer
477 374 694 434 Biographie
729 374 890 434 verewigt
925 375 952 435 zu
991 374 1114 434 sehen,
1148 376 1209 436 und

183 425 276 485 wenn
313 425 407 485 selbst
439 425 490 485 der
522 425 709 485 griechische
730 425 887 485 Plutarch
924 425 1022 485 daran
1065 425 1204 485 arbeiten

188 475 312 535 möchte
344 471 354 531 —
417 473 531 533 Kostet
552 476 577 536 in
609 476 848 536 vorbemeldten
874 476 1088 536 Kanterschen
1109 476 1217 536 Buch=

192 524 403 584 handlungen
433 522 443 582 2
473 524 512 584 fl.
530 524 569 584 15
598 528 649 588 gr.

555 577 845 637 Neufchatel.

241 616 318 676 Wir
354 622 508 682 eiwarten
544 626 609 686 mit
633 628 804 688 Ungeduld
841 625 899 685 das
930 625 1119 685 Gesetzbuch
1150 627 1202 687 für

192 667 241 727 die
269 673 408 733 Corsen,
431 676 547 736 womit
570 678 614 738 sich
648 676 731 736 Herr
759 676 853 736 Joh.
871 676 959 736 Jac.
976 676 1137 736 Rousseau
1165 676 1215 736 be=

189 721 359 781 schäftigt.
404 726 531 786 Dieser
559 727 736 787 berühmte
764 724 1024 784 Schriftsteller,
1052 725 1107 785 dem
1152 724 1206 784 der

190 772 295 832 Froße
322 775 481 835 Voltaire
508 778 608 838 seinen
656 775 756 835 Ruhm
810 775 894 835 nicht
916 775 1037 835 streitig
1075 775 1201 835 machen

185 822 301 882 kann,
321 822 397 882 wird
428 825 508 885 seine
534 825 650 885 Werke
676 824 701 884 in
732 821 741 881 6
777 822 918 882 Bänden
944 822 969 882 in
1000 825 1050 885 4to
1086 825 1146 885 und
1172 824 1197 884 in

190 873 229 933 18
255 873 390 933 Bänden
416 873 435 933 in
466 876 556 936 12mo
582 874 642 934 mit
657 873 798 933 Kupfern
823 873 878 933 von
904 873 999 933 seiner
1020 873 1125 933 eignen
1150 870 1205 930 Er=

193 924 328 984 findung
348 922 539 982 vollständig
565 924 812 984 herausgeben.
837 924 922 984 Man
948 924 1023 984 wird
1044 924 1194 984 darinnen

190 971 275 1031 viele
305 972 375 1032 noch
411 975 622 1035 ungedruckte
653 975 824 1035 Schriften
860 975 1036 1035 antreffen.
1112 972 1202 1032 Herr

186 1022 349 1082 Rousseau
376 1022 457 1082 wird
485 1023 577 1083 selber
605 1025 648 1085 die
670 1024 894 1084 Probebogen
921 1023 1111 1083 durchsehen
1139 1025 1198 1085 und

184 1073 396 1133 verbessern.

228 1166 297 1226 Die
323 1170 469 1230 Königl.
482 1172 660 1232 Akademie
686 1169 737 1229 der
763 1169 1030 1229 Wissenschaften
1064 1172 1088 1232 in
1114 1172 1203 1232 Ber¬

182 1217 243 1277 lin,
272 1222 397 1282 machet
414 1219 579 1279 hierdurch
614 1222 664 1282 dem
710 1222 858 1282 Publico
887 1222 1051 1282 bekannt,
1074 1223 1131 1283 daß
1155 1221 1194 1281 sie
1240 1222 1307 1282 men
1342 1222 1432 1282 seyn.

1253 374 1321 434 eine
1356 377 1436 437 neue
1466 377 1586 437 Charte
1621 379 1678 439 des
1714 383 1962 443 Herzogthums
2003 380 2232 440 Mecklenburg

1249 425 1448 485 Schwerin=
1465 428 1526 488 und
1554 429 1798 489 Strelitzischen
1827 431 2003 491 Antheils,
2027 429 2054 489 so
2071 430 2131 490 wie
2148 430 2259 490 selbige

1249 474 1308 534 von
1335 476 1389 536 der
1411 476 1622 536 Ritterschaft
1639 479 1698 539 und
1731 479 1888 539 Ständen
1926 482 1974 542 bis
2007 479 2137 539 hierher
2170 479 2256 539 selbst

1245 524 1425 584 gebraucht
1446 527 1596 587 worden,
1622 529 1646 589 in
1677 530 1832 590 sämtliche
1858 530 1988 590 Aemter
2009 530 2189 590 specialiter
2205 529 2259 589 ab¬

1250 575 1403 635 getheilet
1424 577 1482 637 und
1514 578 1582 638 nach
1620 578 1846 638 zuverläßigen
1883 580 2147 640 astronomischen
2184 578 2257 638 Ob¬

1248 625 1448 685 servationen
1479 627 1680 687 graduiret,
1711 628 1881 688 benebenst
1907 628 1957 688 dem
2003 628 2249 688 Schwedischen

1250 676 1464 736 Pommern,
1496 676 1560 736 wie
1588 676 1619 736 es
1657 677 1710 737 der
1743 677 1828 737 Herr
1856 676 2032 736 Professor
2059 679 2203 739 Meyer,
2225 676 2251 736 in

1248 724 1499 784 Greifswalde,
1525 727 1641 787 neulich
1672 727 1914 787 ausgemessen,
1940 727 2000 787 und
2026 727 2121 787 denen
2152 727 2262 787 Preu¬

1245 774 1606 834 ßisch=Pommerschen
1638 775 1792 835 Kreisen,
1818 778 1937 838 Anclam
1979 775 2040 835 und
2072 778 2257 838 Demmin,

1243 821 1311 881 wie
1332 822 1369 882 sie
1390 824 1437 884 die
1454 825 1696 885 Schwedischen
1723 825 1929 885 Ingenieurs
1951 822 2140 882 währenden
2167 825 2257 885 Krie=

1240 873 1280 933 ge
1302 873 1586 933 aufgenommen;
1612 873 1797 933 imgleichen
1829 876 1911 936 einen
1943 874 2056 934 grossen
2087 876 2190 936 Theil
2201 876 2252 936 der

1245 923 1430 983 Priegnitz,
1457 924 1568 984 Rupin
1600 924 1642 984 2c.
1669 924 1695 984 in
1722 924 1790 984 vier
1812 924 1965 984 Blättern
1993 924 2050 984 von
2077 925 2257 985 gewöhnli¬

1240 970 1307 1030 cher
1333 975 1473 1035 Charten
1499 972 1634 1032 Grösse,
1660 975 1774 1035 welche
1796 975 1831 1035 an
1863 975 2013 1035 einander
2039 975 2163 1035 stossen,
2190 975 2262 1035 ver¬

1238 1022 1376 1082 fertigen
1405 1022 1510 1082 lässet,
1533 1024 1650 1084 welche
1673 1025 1767 1085 gegen
1795 1022 1940 1082 künftige
1963 1024 2101 1084 Östern,
2136 1023 2263 1083 illumi¬

1225 1072 1337 1132 niret,
1391 1073 1450 1133 das
1489 1073 1600 1133 Stück
1628 1073 1644 1133 a
1677 1073 1692 1133 8
1736 1073 1929 1133 Groschen,
1962 1076 2025 1136 also
2064 1074 2246 1134 zusammen

1232 1121 1248 1181 1
1280 1121 1380 1181 Rthlr
1413 1121 1423 1181 8
1455 1124 1529 1184 Gr.
1545 1122 1598 1182 bey
1626 1124 1720 1184 denen
1753 1124 1939 1184 Factoren,
1971 1124 2039 1184 auch
2072 1124 2257 1184 auswärti¬

1230 1172 1288 1232 gen
1315 1172 1606 1232 Commißionairs
1633 1175 1680 1235 der
1708 1175 1898 1235 Akademie,
1925 1178 2047 1238 werden
2079 1175 2105 1235 zu
2127 1175 2254 1235 bekom¬

472 1372 624 1432 Wien,
657 1372 711 1432 den
749 1372 814 1432 19.
842 1372 928 1432 Dec.

184 1467 311 1527 Fürstl.
339 1464 528 1524 Fuldaische
561 1466 894 1526 Lehnsempfängniß
928 1466 982 1526 bey
1016 1465 1110 1525 Hofe
1138 1464 1199 1524 vor

185 1515 236 1575 dem
283 1517 433 1577 Kayserl.
451 1513 560 1573 Thron
589 1515 652 1575 mit
670 1518 717 1578 den
758 1518 994 1578 gewöhnlichen
1024 1518 1179 1578 Feyerlich

176 1568 270 1628 keiten
304 1568 359 1628 vor
382 1566 431 1626 sich
454 1569 643 1629 gegangen.
716 1571 793 1631 Die
822 1572 1021 1632 gewünschte
1044 1569 1194 1629 Ankunft

182 1620 233 1680 der
257 1620 443 1680 Prinzessin
473 1622 618 1682 Josepha
647 1622 699 1682 von
728 1622 867 1682 Bayren
897 1623 972 1683 wird
1002 1625 1112 1685 allhier
1142 1622 1176 1682 au

176 1673 230 1733 den
263 1673 366 1733 22sten
395 1673 558 1733 künftigen
592 1673 740 1733 Monats
767 1676 936 1736 erwartet.

369 1724 699 1784 Copenhagen,
733 1725 782 1785 den
821 1727 886 1787 24.
915 1726 1008 1786 Dec.

172 1823 400 1883 insonderheit
422 1822 494 1882 aber
516 1822 567 1882 der
594 1822 708 1882 Kirche
729 1825 791 1885 und
823 1825 874 1885 der
901 1825 1077 1885 Gelehrten
1109 1822 1197 1882 Leid¬

181 1870 280 1930 wesen
307 1874 375 1934 Hr.
392 1870 475 1930 Erich
502 1870 766 1930 Pontoppidan,
783 1873 914 1933 Doctor
936 1873 993 1933 und
1020 1871 1188 1931 Professor

175 1921 392 1981 Theologiä,
413 1918 713 1978 Procancellarius
739 1920 790 1980 bey
817 1920 868 1980 der
889 1922 1023 1982 hiesigen
1055 1920 1194 1980 Univer¬

171 1972 241 2032 tät,
269 1966 411 2026 Bischof
433 1967 504 2027 über
532 1966 684 2026 Bergens
712 1969 827 2029 Stift,
855 1969 1013 2029 Mitglied
1041 1966 1090 2026 der
1118 1968 1199 2028 Aka=

172 2020 294 2080 demien
332 2020 379 2080 der
412 2018 671 2078 Wissenschaften
709 2017 735 2077 zu
773 2017 990 2077 Copenhagen
1028 2017 1091 2077 und
1124 2013 1192 2073 Pe¬

167 2067 322 2127 tersburg
354 2070 395 2130 rc.
443 2064 494 2124 Es
531 2067 598 2127 war
630 2070 728 2130 dieser
765 2069 1015 2129 verdienstvolle
1047 2065 1103 2125 und
1140 2063 1176 2123 be

173 2121 308 2181 rühmte
335 2121 443 2181 Mann
482 2118 617 2178 geboren
650 2118 677 2178 in
704 2121 839 2181 Aarhus
872 2121 926 2181 den
959 2121 1067 2181 24sten
1100 2118 1186 2178 Aug.

165 2172 279 2232 1698.
335 2168 378 2228 Er
401 2169 487 2229 hatte
510 2168 559 2228 sich
587 2169 740 2229 dreymal
762 2172 997 2232 verheirathet.
1042 2170 1112 2230 Aus
1134 2168 1188 2228 der

173 2223 270 2283 ersten
297 2217 368 2277 Ehe
390 2219 449 2279 sind
482 2220 564 2280 keine
592 2220 716 2280 Kinder
733 2223 955 2283 entsprossen,
983 2222 1037 2282 aus
1065 2222 1113 2282 der
1136 2220 1167 2280 an

170 2270 244 2330 dern
276 2267 339 2327 Ehe
366 2270 440 2330 aber
462 2267 472 2327 3
505 2267 626 2327 Söhne
648 2269 711 2329 und
743 2270 812 2330 eine
834 2270 992 2330 Tochter,
1025 2270 1088 2330 und
1120 2270 1178 2330 aus

164 2371 241 2431 liche
268 2369 392 2429 Kinder
414 2366 481 2426 noch
508 2366 538 2426 am
580 2368 674 2428 Leben
700 2369 783 2429 sind.
846 2369 928 2429 Wie
950 2371 1007 2431 wir
1034 2371 1090 2431 aus
1117 2370 1163 2430 dem

163 2420 261 2480 Reich
289 2417 513 2477 vernehmen,
541 2415 562 2475 so
590 2417 628 2477 ist
645 2419 764 2479 neulich
792 2420 846 2480 der
869 2422 1016 2482 Königl.
1028 2422 1191 2482 Rittmei¬

170 2566 243 2626 men
270 2563 386 2623 Castor
413 2563 665 2623 aufgenommen
704 2567 856 2627 worden.
904 2569 978 2629 Hr.
999 2570 1189 2630 Francklin,

165 2617 298 2677 welcher
332 2616 376 2676 sich
416 2614 504 2674 durch
538 2611 615 2671 seine
649 2617 811 2677 Versuche
839 2617 866 2677 in
900 2619 950 2679 der
978 2620 1184 2680 Electricität

162 2670 348 2730 vorzüglich
381 2661 528 2721 bekannt
556 2662 725 2722 gemacht,
764 2665 806 2725 ist
840 2667 894 2727 von
933 2667 1178 2727 Philadelphia

168 2717 246 2777 nach
273 2718 394 2778 London
421 2714 748 2774 zurückgekommen,
786 2715 843 2775 und
875 2718 1023 2778 besorget
1050 2718 1181 2778 daselbst

168 2769 217 2829 als
240 2769 351 2829 Agent
374 2769 417 2829 die
441 2766 735 2826 Angelegenheiten
764 2766 819 2826 von
848 2769 1108 2829 Pensilvanien.

400 2815 652 2875 Warschau,
688 2816 740 2876 den
776 2815 816 2875 3.
846 2814 939 2874 Jan.

218 2865 265 2925 Am
319 2867 532 2927 verwichenen
575 2864 758 2924 Dienstage
795 2863 836 2923 ist
860 2863 913 2923 der
944 2867 1174 2927 Neujahrstag

160 2914 254 2974 durch
286 2918 344 2978 100
382 2915 662 2975 Kanonenschüsse
689 2912 747 2972 von
785 2912 831 2972 der
853 2915 1049 2975 Krongarde
1081 2918 1181 2978 ange¬

159 2965 318 3025 kündiget
341 2966 496 3026 worden,
524 2964 574 3024 bey
603 2963 729 3023 welcher
757 2966 979 3026 Gelegenheit
1008 2967 1057 3027 als
1080 2967 1168 3027 Ihro

155 3017 303 3077 Königl.
329 3022 427 3082 Maj.
453 3020 508 3080 aus
540 3017 595 3077 der
620 3017 737 3077 Kirche
769 3017 818 3077 ins
850 3017 973 3077 Schloß
1005 3020 1171 3080 zurückge=

1224 1373 1368 1433 kommen
1405 1378 1544 1438 waren,
1576 1381 1933 1441 Allerhöchstdieselben
1975 1381 2031 1441 von
2068 1381 2161 1441 denen
2198 1381 2254 1441 an¬

225 1416 303 1476 Den
349 1416 439 1476 15ten
479 1416 580 1476 dieses
615 1416 649 1476 um
706 1416 745 1476 12
785 1416 852 1476 Uhr
887 1416 1039 1476 Mittags
1080 1414 1119 1474 ist
1148 1413 1192 1473 die
1227 1416 1390 1476 wesenden
1430 1419 1554 1479 Herren
1583 1422 1769 1482 Magnaten
1810 1423 1860 1483 die
1889 1425 2109 1485 gewöhnliche
2132 1426 2250 1486 Glück¬

1222 1464 1456 1524 wünschungen
1488 1467 1691 1527 empfingen.
1759 1470 1805 1530 Am
1848 1472 2019 1532 Montage
2051 1470 2087 1530 ist
2114 1470 2160 1530 die
2182 1472 2254 1532 Be¬

1228 1515 1367 1575 lehnung
1401 1517 1449 1577 des
1476 1520 1621 1580 Herzogs
1649 1521 1708 1581 von
1736 1524 1881 1584 Curland
1909 1524 1973 1584 mit
1996 1522 2233 1582 gewöhnlichen

1232 1570 1469 1630 Solennitäten
1499 1570 1556 1630 vor
1586 1572 1632 1632 sich
1662 1575 1847 1635 gegangen.
1923 1575 1998 1635 Des
2027 1575 2155 1635 Fürsten
2184 1572 2253 1632 Bi¬

1233 1619 1326 1679 schofs
1354 1622 1409 1682 von
1442 1622 1563 1682 Cracau
1592 1628 1740 1688 Durchl.
1763 1628 1856 1688 haben
1890 1627 2044 1687 derselben
2078 1625 2160 1685 nicht
2177 1623 2248 1683 bey=

1225 1673 1408 1733 gewohnt,
1430 1676 1560 1736 sondern
1588 1679 1652 1739 sind
1685 1678 1793 1738 etliche
1821 1679 1912 1739 Tage
1951 1678 2054 1738 zuvor
2087 1678 2156 1738 nach
2184 1676 2248 1736 Kö¬

1223 1723 1309 1783 nigl.
1336 1724 1585 1784 Beurlaubung
1618 1727 1650 1787 in
1683 1727 1753 1787 dero
1786 1727 2008 1787 Bischofthum
2052 1728 2246 1788 abgereiset.

224 1772 298 1832 Den
335 1773 440 1833 20sten
467 1773 567 1833 dieses
594 1775 731 1835 verstarb
763 1775 879 1835 allhier
911 1775 937 1835 zu
974 1775 1185 1835 jedermanns
1222 1775 1396 1835 Vermöge
1428 1775 1481 1835 der
1508 1778 1729 1838 Constitution
1766 1778 1819 1838 des
1851 1778 2236 1838 Krönungsreichstages

1227 1820 1285 1880 soll
1301 1825 1369 1885 eine
1391 1823 1672 1883 Ritterakademie
1704 1826 1730 1886 in
1757 1828 1931 1888 Warschau
1969 1828 2138 1888 angeleget
2165 1826 2249 1886 wer¬

1223 1872 1319 1932 den,
1358 1873 1389 1933 zu
1434 1873 1563 1933 welcher
1602 1873 1650 1933 die
1683 1876 1926 1936 Warschausche
1965 1876 2159 1936 Landschaft
2187 1876 2240 1936 ihr

1223 1920 1418 1980 Zapfengeld
1446 1921 1609 1981 darbieten
1636 1921 1723 1981 will.
1800 1922 1875 1982 Sr.
1897 1924 2049 1984 Durchl.
2077 1924 2126 1984 der
2148 1924 2245 1984 Fürst

1222 1966 1485 2026 Poniatowski,
1522 1975 1934 2035 Krongroßkammerherr
1971 1972 2069 2032 haben
2116 1972 2234 2032 bereits

1222 2012 1274 2072 das
1302 2014 1517 2074 Privilegium
1566 2020 1623 2080 auf
1650 2020 1697 2080 die
1724 2022 1834 2082 Zipzer
1861 2020 2040 2080 Starostey
2072 2022 2241 2082 erhalten.

1214 2062 1288 2122 Die
1314 2064 1505 2124 Absendung
1535 2064 1585 2124 der
1606 2067 1827 2127 Abgesandten
1858 2067 1892 2127 an
1928 2067 1978 2127 die
2004 2070 2224 2130 auswärtigen

1210 2112 1304 2172 Höfe
1321 2112 1382 2172 mit
1405 2114 1455 2174 dem
1494 2117 1633 2177 Bericht
1656 2118 1705 2178 der
1734 2120 1873 2180 Königl.
1896 2118 2085 2178 Krönung,
2108 2121 2146 2181 ist
2163 2123 2213 2183 dem

1218 2165 1336 2225 Willen
1376 2165 1432 2225 und
1466 2168 1516 2228 der
1551 2169 1754 2229 Disposition
1794 2172 1867 2232 Sr.
1890 2172 2037 2232 Königl.
2055 2175 2156 2235 Maj.
2179 2175 2235 2235 an¬

1214 2217 1282 2277 heim
1320 2217 1473 2277 gestellet.
1526 2220 1594 2280 Die
1627 2220 1784 2280 ernannte
1817 2223 2065 2283 Commissarien
2102 2223 2223 2283 werden

1217 2267 1243 2327 im
1286 2267 1392 2327 kurzen
1419 2269 1487 2329 nach
1515 2270 1652 2330 Danzig
1679 2270 1838 2330 abreisen,
1854 2270 1891 2330 um
1928 2270 1981 2330 von
2014 2271 2109 2331 dieser
2125 2273 2236 2333 Stadt

176 2319 229 2379 der
251 2318 358 2378 dritten
391 2315 401 2375 3
434 2317 558 2377 Söhne
591 2317 649 2377 und
677 2317 693 2377 3
726 2318 882 2378 Töchter,
910 2321 1022 2381 welche
1050 2321 1184 2381 sammt=
1217 2316 1270 2376 die
1303 2318 1497 2378 Huldigung
1535 2321 1783 2381 abzunehmen.
1854 2321 1928 2381 Sr.
1967 2322 2112 2382 Königl.
2134 2322 2236 2382 Maj.

1217 2369 1258 2429 U.
1284 2369 1330 2429 A.
1361 2366 1449 2426 Herr
1481 2369 1579 2429 haben
1616 2372 1713 2432 denen
1750 2372 1853 2432 Herrn
1890 2370 2143 2430 Commissarien
2175 2371 2226 2431 der

1217 2417 1541 2477 Schatzcommission
1579 2423 1790 2483 empfohlen,
1828 2420 1887 2480 das
1931 2420 2011 2480 neue
2039 2420 2227 2480 Instructo¬

172 2469 230 2529 ster
251 2467 314 2527 Hr.
336 2464 430 2524 Graf
452 2464 563 2524 Georg
590 2467 721 2527 Moltke
743 2467 800 2527 von
833 2470 885 2530 der
912 2470 1091 2530 Academie
1113 2470 1181 2530 Na-
1219 2466 1292 2526 rium
1340 2467 1393 2527 für
1420 2467 1472 2527 den
1515 2470 1731 2530 Generalzoll
1758 2470 1863 2530 wegen
1896 2467 2027 2527 besserer
2059 2468 2222 2528 Ordnung

170 2515 259 2575 turae
285 2512 480 2572 Curiosorum
531 2515 555 2575 zu
586 2515 671 2575 ihrem
711 2518 871 2578 Mitglied
897 2518 992 2578 unter
1018 2518 1067 2578 dem
1108 2519 1183 2579 Na=
1218 2517 1278 2577 und
1304 2518 1484 2578 Linderung
1509 2518 1559 2578 der
1585 2521 1669 2581 Taxe
1695 2518 1750 2578 vor
1780 2520 1825 2580 die
1856 2518 2025 2578 Kaufleute
2056 2519 2226 2579 baldmög¬

1209 2566 1294 2626 lichst
1316 2566 1347 2626 zu
1374 2566 1575 2626 entwerfen,
1602 2569 1660 2629 und
1687 2569 1824 2629 obgleich
1851 2566 1909 2626 auf
1936 2566 1983 2626 dem
2027 2569 2228 2629 Krönungs=

1203 2617 1386 2677 reichstage
1411 2617 1500 2677 durch
1530 2618 1574 2678 die
1600 2617 1743 2677 mehrere
1768 2617 1941 2677 Stimmen
1976 2617 2045 2677 auch
2081 2617 2135 2677 der
2160 2619 2228 2679 Ge¬

1209 2665 1368 2725 neralzoll
1400 2665 1453 2725 vor
1480 2667 1533 2727 die
1555 2666 1708 2726 Provinz
1741 2665 1894 2725 Preußen
1931 2666 2112 2726 beschlossen
2144 2670 2212 2730 wor

1205 2715 1282 2775 den,
1300 2715 1327 2775 so
1355 2715 1461 2775 wollen
1495 2717 1584 2777 Ihro
1601 2715 1746 2775 Königl.
1757 2715 1852 2775 Maj.
1869 2717 1902 2777 um
1947 2718 1991 2778 die
2014 2719 2075 2779 alte
2093 2721 2226 2781 Preuß.

1210 2765 1330 2825 Rechte
1368 2763 1510 2823 aufrecht
1542 2766 1568 2826 zu
1606 2766 1774 2826 erhalten,
1801 2765 1848 2825 die
1880 2766 2091 2826 Einwohner
2123 2772 2217 2832 dieser

1213 2814 1363 2874 Provinz
1386 2814 1478 2874 dahin
1505 2814 1640 2874 lenken,
1668 2817 1775 2877 damit
1803 2817 1841 2877 sie
1869 2819 1927 2879 auf
1955 2819 2008 2879 dem
2053 2820 2215 2880 künftigen

1212 2864 1515 2924 Generallandtage
1542 2864 1634 2924 diesen
1660 2867 1876 2927 Generalzoll
1892 2867 1953 2927 aus
1969 2867 2056 2927 Liebe
2082 2869 2133 2929 des
2155 2868 2221 2928 Pu¬

1207 2912 1290 2972 blici
1317 2912 1491 2972 annehmen
1524 2914 1681 2974 möchten.
1746 2917 1819 2977 Die
1841 2918 2073 2978 Expeditiones
2094 2919 2152 2979 auf
2174 2921 2220 2981 die

1204 2964 1349 3024 künftige
1370 2963 1707 3023 Relationslandtage
1728 2966 1790 3026 sind
1816 2969 1930 3029 bereits
1962 2969 2013 3029 von
2040 2969 2091 3029 der
2112 2970 2226 3030 Kron¬

1209 3016 1337 3076 kanzley
1369 3016 1578 3076 verfertiget,
1603 3020 1664 3080 und
1690 3022 1750 3082 mit
1769 3023 1917 3083 heutiger
1943 3020 2022 3080 Post
2041 3022 2077 3082 an
2115 3023 2219 3083 einige

2093 3068 2221 3128 Grods
