2479 3508
231 369 413 429 gekommen
451 367 538 427 seyn,
570 368 701 428 welcher
727 369 758 429 in
796 369 852 429 der
884 366 1103 426 Verwirrung
1154 370 1241 430 einen
1286 374 1335 434 len
1368 372 1430 432 und
1462 374 1618 434 Lithauen
1656 374 1882 434 zurückkehren
1920 373 2070 433 werden,
2108 372 2296 432 weshalben

223 421 358 481 Beutel
374 419 438 479 mit
460 416 525 476 300
558 416 708 476 Guineen
742 416 893 476 verloren
920 416 989 476 hat.

536 491 654 551 Abo,
684 491 742 551 den
773 494 831 554 15.
855 491 955 551 Nov.

318 542 562 602 Gegenwärtig
597 542 739 602 befinden
768 542 819 602 sich
848 544 904 604 auf
922 545 1059 605 hiesiger
1082 545 1258 605 Akademie

236 593 301 653 572
334 592 546 652 Studenten,
563 592 732 652 worunter
761 589 798 649 25
837 592 1000 652 Rußische
1028 594 1251 654 Unterthanen

248 643 330 703 sind.
378 645 430 705 Jn
466 640 566 700 diesem
608 643 719 703 Jahre
744 643 837 703 haben
868 642 909 702 43
945 640 1144 700 promovirt.

454 715 772 775 Petersburg,
801 715 856 775 den
896 715 929 775 1.
957 715 1052 775 Dec.

294 775 373 835 Se.
391 775 537 835 Kaiserl.
555 776 651 836 Maj.
680 776 775 836 haben
816 774 866 834 dem
912 774 1042 834 Grafen
1076 778 1268 838 Gregorio¬

242 826 314 886 witz
343 825 493 885 Orlow,
533 824 582 884 die
617 823 728 883 Güter
762 822 930 882 Robschen
964 823 1025 883 mit
1048 822 1064 882 3
1093 826 1142 886 bis
1171 828 1254 888 4000

247 875 382 935 Bauren
415 873 649 933 allergnädigst
671 873 845 933 geschenkt.
895 870 970 930 Die
993 874 1177 934 Präsente,
1194 876 1253 936 wel

247 925 297 985 che
320 924 369 984 der
392 923 564 983 Türkische
592 921 814 981 Abgesandte,
837 921 1003 981 Derwisch
1037 927 1192 987 Mehmed
1215 923 1270 983 Ef¬

255 977 362 1037 fendi,
385 975 436 1035 vor
459 972 560 1032 seiner
584 972 713 1032 Abreise
737 970 793 1030 von
828 974 923 1034 Ihro
953 972 1104 1032 Kaiserl.
1128 975 1274 1035 Majest.

252 1025 446 1085 empfangen
479 1022 554 1082 hat,
576 1019 716 1079 bestehen
749 1022 846 1082 außer
868 1020 922 1080 den
944 1022 1181 1082 gewöhnlichen
1204 1021 1273 1081 Ge=
1295 1013 1490 1073 towskische
1517 1013 1614 1073 Haus
1647 1016 1673 1076 in
1711 1016 1760 1076 den
1798 1019 2030 1079 Fürstenstand
2063 1016 2230 1076 erhoben,
2258 1018 2316 1078 und

254 1073 419 1133 schenken,
445 1072 471 1132 in
502 1070 590 1130 einem
637 1070 818 1130 prächtigen
860 1070 916 1130 und
948 1071 1123 1131 bequemen
1160 1071 1258 1131 Reise

246 1124 384 1184 wagen,
406 1122 490 1182 einer
513 1119 576 1179 mit
598 1121 805 1181 Diamanten
832 1119 975 1179 besetzten
1007 1121 1198 1181 Tabatiere,
1209 1121 1267 1181 und

247 1172 333 1232 einem
378 1169 475 1229 Paar
498 1169 574 1229 reich
602 1169 661 1229 mit
689 1169 885 1229 Brillanten
924 1172 1071 1232 besetzten
1104 1175 1251 1235 Armbän

256 1225 326 1285 dern
356 1221 407 1281 für
437 1219 519 1279 seine
543 1219 677 1279 Nichte.

486 1293 739 1353 Warschau,
772 1294 830 1354 den
870 1294 933 1354 27.
961 1294 1050 1354 Dec.

314 1354 387 1414 Se.
412 1354 554 1414 Königl.
573 1354 671 1414 Maj.
697 1354 740 1414 U.
759 1354 801 1414 A.
820 1354 906 1414 Herr
932 1356 1104 1416 belustigen
1135 1356 1185 1416 sich
1210 1354 1258 1414 zum

250 1406 350 1466 öftern
379 1407 406 1467 in
435 1404 641 1464 Begleitung
664 1407 764 1467 vieler
792 1407 993 1467 Cavaliers,
1010 1410 1071 1470 mit
1088 1410 1138 1470 der
1167 1405 1278 1465 Jagdt

256 1458 284 1518 in
314 1458 447 1518 hiesiger
471 1458 622 1518 Gegend.
652 1458 744 1518 Nach
768 1458 907 1518 glücklich
931 1461 1111 1521 geendigtem
1147 1456 1268 1516 Reichs

251 1512 325 1572 tage
352 1509 389 1569 ist
410 1509 533 1569 bereits
555 1507 623 1567 eine
645 1506 745 1566 große
768 1509 900 1569 Anzahl
922 1509 1006 1569 derer
1029 1509 1134 1569 Herrn
1167 1504 1283 1564 Sena¬

250 1560 338 1620 toren
372 1556 432 1616 und
461 1554 643 1614 Landboten
676 1554 708 1614 ad
732 1554 868 1614 propria
901 1557 1078 1617 verreiset;
1112 1551 1270 1611 hingegen

256 1605 292 1665 ist
318 1602 365 1662 die
386 1601 573 1661 Gemahlin
600 1599 651 1659 des
677 1599 864 1659 abgesetzten
891 1602 1094 1662 Woywoden
1120 1602 1177 1662 von
1203 1596 1291 1656 Wil¬

260 1652 317 1712 da,
344 1651 476 1711 Fürsten
509 1646 566 1706 von
593 1646 784 1706 Radziwil,
806 1647 863 1707 aus
891 1649 1023 1709 Ungarn
1055 1649 1150 1709 dieser
1167 1646 1277 1706 Tagen

263 1700 334 1760 hier
357 1697 556 1757 angelangt,
585 1696 645 1756 und
673 1697 734 1757 hat
756 1694 844 1754 Ihro
873 1697 972 1757 Maj.
989 1700 1038 1760 dem
1083 1697 1216 1757 Könige
1233 1693 1288 1753 ih¬

252 1750 290 1810 re
324 1746 619 1806 Unterthänigkeit
647 1745 858 1805 abgestattet.
926 1746 1008 1806 Das
1048 1745 1265 1805 Bischofthum

265 1798 327 1858 von
354 1796 454 1856 Chelm
508 1795 550 1855 ist
577 1793 629 1853 dem
683 1793 788 1853 Herrn
831 1796 973 1856 Torski,
1006 1796 1180 1856 Officialen
1223 1790 1281 1850 von

264 1846 463 1906 Warschau,
486 1845 514 1905 so
537 1843 616 1903 dann
651 1843 702 1903 dem
743 1845 845 1905 Herrn
874 1846 1022 1906 Wenzyk
1051 1845 1102 1905 das
1137 1842 1295 1902 Bischof¬

263 1897 342 1957 thum
388 1894 445 1954 von
475 1894 691 1954 Przemißlau
720 1897 886 1957 erhalten,
909 1899 1097 1959 imgleichen
1138 1894 1194 1954 das
1229 1891 1280 1951 Bi

273 1948 431 2008 schofthum
471 1945 527 2005 von
556 1948 719 2008 Liefland,
742 1948 793 2008 dem
839 1948 946 2008 Herrn
975 1950 1166 2010 Gudrozja,
1178 1945 1290 2005 Prob¬

267 2002 326 2062 sten
359 1999 413 2059 von
446 1996 581 2056 Wilda,
604 1999 755 2059 ertheilet
771 1999 922 2059 worden.
978 2002 1091 2062 Durch
1129 2002 1177 2062 die
1205 1996 1275 2056 letzt

265 2049 601 2109 Reichsconstitution
646 2049 707 2109 sind
742 2052 819 2112 neue
848 2054 1116 2114 Castellaneyen,
1150 2049 1284 2109 nemlich

267 2094 313 2154 die
340 2097 391 2157 von
423 2097 522 2157 Lukow
559 2098 584 2158 im
627 2103 871 2163 Lublinischen,
887 2103 949 2163 und
976 2103 1032 2163 von
1075 2103 1194 2163 Busk,
1226 2097 1283 2157 von

264 2145 480 2205 Beltzischen,
507 2148 692 2208 imgleichen
723 2149 764 2209 ein
801 2151 1209 2211 Kron=Großsecretariat
1240 2145 1286 2205 er=
1318 2154 1488 2214 enthalte,
1524 2151 1586 2211 wie
1612 2151 1669 2211 wir
1695 2153 1757 2213 uns
1783 2154 1948 2214 deswegen
1984 2154 2103 2214 sicher,
2129 2157 2252 2217 sowohl
2279 2160 2335 2220 auf

623 2193 671 2253 Es
699 2196 738 2256 ist
760 2199 831 2259 auch
859 2198 930 2258 eine
953 2200 1144 2260 Correcture
1172 2196 1227 2256 der
1261 2191 1293 2251 li¬

259 2198 383 2258 richtet
404 2193 571 2253 worden.

265 2246 444 2306 thauischen
472 2243 691 2303 Tribunalien
724 2245 784 2305 und
812 2249 970 2309 Gerichte
993 2249 1080 2309 nebst
1103 2246 1189 2306 einer
1206 2240 1271 2300 Tax

267 2299 360 2359 derer
387 2294 574 2354 Sportulen
606 2294 798 2354 bestanden,
825 2296 871 2356 die
903 2300 1100 2360 Correcture
1127 2294 1283 2354 hingegen

271 2348 350 2408 aller
374 2345 613 2405 Krongerichte
636 2345 675 2405 ist
693 2345 750 2405 zum
791 2348 955 2408 künftigen
990 2348 1195 2408 Reichstage
1230 2341 1303 2401 ver¬

271 2399 375 2459 leget.
425 2396 475 2456 Es
503 2395 564 2455 sind
592 2396 663 2456 auch
698 2396 885 2456 Deputirte
903 2399 1062 2459 ernannt,
1085 2399 1124 2459 um
1169 2394 1212 2454 ein
1235 2388 1301 2448 Re¬

265 2450 357 2510 gister
385 2446 412 2506 zu
445 2443 641 2503 entwerfen,
658 2443 772 2503 welche
800 2446 936 2506 Sachen
964 2449 1023 2509 vor
1045 2449 1099 2509 das
1133 2440 1290 2500 geistliche

275 2497 337 2557 und
366 2497 479 2557 welche
503 2497 559 2557 vor
583 2497 639 2557 das
662 2494 815 2554 weltliche
844 2495 985 2555 Gericht
1015 2497 1151 2557 gehören
1186 2491 1292 2551 sollen.

270 2542 319 2602 Es
347 2546 408 2606 sind
437 2548 508 2608 auch
536 2545 770 2605 Commissarii
787 2546 965 2606 ernennet,
987 2548 1026 2608 um
1071 2546 1120 2606 die
1154 2541 1299 2601 Gräntz¬

276 2593 441 2653 scheidung
469 2596 612 2656 zwischen
646 2596 750 2656 Polen
767 2596 828 2656 und
857 2596 1011 2656 Rußland
1039 2596 1276 2656 vorzunehmen

273 2642 465 2702 imgleichen
494 2643 550 2703 das
574 2646 760 2706 lithauische
795 2646 1032 2706 Kriegesrecht
1061 2642 1270 2702 einzuführen

278 2690 349 2750 Die
372 2688 532 2748 Stiftung
561 2694 610 2754 der
639 2694 771 2754 hiesigen
805 2697 982 2757 weltlichen
1017 2694 1299 2754 Canonissinnen,

274 2742 313 2802 ist
330 2739 421 2799 durch
450 2739 495 2799 den
530 2742 751 2802 Reichsschluß
780 2749 950 2809 bestätiget
962 2748 1115 2808 worden;
1144 2744 1200 2804 das
1224 2742 1263 2802 An

275 2792 377 2852 suchen
411 2790 462 2850 der
491 2790 592 2850 Ruß.
617 2790 769 2850 Bischöfe
798 2796 832 2856 um
884 2799 934 2859 den
975 2799 1060 2859 Sitz
1083 2797 1105 2857 im
1157 2791 1292 2851 Senat,

273 2841 461 2901 imgleichen
495 2837 549 2897 das
578 2838 733 2898 Ansuchen
761 2844 810 2904 der
839 2848 1038 2908 Dißidenten
1077 2848 1116 2908 ist
1144 2842 1271 2902 verwor

270 2891 343 2951 fen.
418 2887 497 2947 Se.
526 2888 673 2948 Königl.
696 2891 798 2951 Maj.
821 2894 923 2954 haben
963 2899 1048 2959 durch
1088 2897 1145 2957 den
1168 2891 1275 2951 Herrn

270 2936 629 2996 Kron=Großkanzler
656 2939 677 2999 im
720 2945 994 3005 Senatorensaal
1011 2947 1164 3007 öffentlich
1191 2945 1296 3005 decla¬

274 2993 356 3053 riren
387 2990 505 3050 lassen,
530 2990 588 3050 daß
618 2990 665 3050 die
684 2993 784 3053 Ruß.
797 2996 945 3056 Truppen
975 2999 1117 3059 ehestens
1148 2996 1206 3056 aus
1225 2992 1295 3052 Po¬

1296 425 1373 485 schon
1407 425 1461 485 vom
1513 425 1612 485 Ruß.
1629 420 1712 480 Hofe
1740 419 1789 479 die
1807 422 1956 482 nöthigen
1984 422 2106 482 Ordres
2135 422 2317 482 ergangen.

1568 467 1738 527 Wilda,
1771 470 1829 530 den
1861 470 1930 530 28.
1957 470 2047 530 Dec.

1335 521 1427 581 Nach
1455 521 1509 581 dem
1547 521 1765 581 gerichtlichen
1798 518 1977 578 Ausspruch
2010 522 2059 582 der
2081 521 2315 581 Generalcon¬

1294 572 1476 632 föderation
1520 572 1575 632 hat
1603 572 1658 632 der
1692 572 1758 632 Hr.
1786 569 1841 629 von
1880 569 2029 629 Oginsky
2063 572 2162 632 dieser
2196 574 2306 634 Tagen

1285 619 1340 679 von
1371 619 1421 679 dem
1468 620 1620 680 Palais,
1656 621 1716 681 und
1753 618 1824 678 auch
1860 616 1915 676 von
1951 618 2047 678 denen
2079 622 2236 682 Gütern,
2262 622 2312 682 die

1296 670 1439 730 ehemals
1473 673 1528 733 dem
1573 671 1705 731 Fürsten
1744 667 1932 727 Radziwill
1955 667 2126 727 zugehörig
2154 673 2314 733 gewesen,

1299 721 1434 781 völligen
1467 721 1569 781 Besitz
1592 721 1813 781 genommen;
1841 718 1911 778 auch
1939 716 1976 776 ist
1998 718 2127 778 selbiger
2155 719 2209 779 von
2242 719 2312 779 Sr.

1293 771 1393 831 Maj.
1415 772 1468 832 dem
1511 775 1639 835 Könige
1666 774 1718 834 zum
1757 769 1958 829 Woywoden
1991 766 2044 826 von
2071 767 2177 827 Wilda
2209 769 2320 829 ernen¬

1294 820 1348 880 net
1370 822 1522 882 worden.
1572 822 1648 882 Die
1671 820 2057 880 Oberstallmeisterstelle
2085 818 2112 878 in
2145 819 2200 879 dem
2238 819 2325 879 Her¬

1294 873 1434 933 zogthum
1489 870 1640 930 Lithauen
1679 870 1716 930 ist
1749 871 1798 931 dem
1848 870 1939 930 Hrn.
1972 867 2031 927 von
2075 869 2313 929 Tiesenhausen

1295 921 1534 981 allergnädigst
1556 918 1731 978 conferiret
1748 921 1902 981 worden.
1950 918 2018 978 Auf
2041 921 2093 981 dem
2131 919 2327 979 gegenwär¬

1298 966 1382 1026 tigen
1414 966 1785 1026 Krönungsreichstage
1817 969 1853 1029 ist
1880 969 1939 1029 das
1971 969 2071 1029 ganze
2098 968 2172 1028 Erl.
2193 972 2325 1032 Ponia¬

1304 1064 1416 1124 solches
1444 1064 1502 1124 von
1530 1064 1583 1124 der
1611 1064 1729 1124 ganzen
1762 1067 1923 1127 Republik
1945 1067 2074 1127 Pohlen
2112 1070 2322 1130 genehmiget

1299 1112 1450 1172 worden.
1499 1109 1575 1169 Die
1597 1112 1700 1172 Russ.
1717 1115 1906 1175 Truppen,
1934 1117 2048 1177 welche
2070 1118 2118 1178 bis
2157 1118 2248 1178 dahin
2287 1117 2313 1177 in

1298 1162 1430 1222 unserer
1458 1160 1574 1220 Stadt
1607 1160 1660 1220 die
1692 1163 1872 1223 Besatzung
1916 1167 2091 1227 formiret,
2123 1169 2229 1229 haben
2267 1168 2319 1228 vor

1302 1210 1431 1270 etlichen
1458 1210 1566 1270 Tagen
1600 1210 1642 1270 die
1670 1210 1783 1270 Ordre
1805 1213 1973 1273 erhalten,
2011 1213 2059 1273 sich
2098 1216 2319 1276 marschfertig

1298 1263 1330 1323 zu
1362 1261 1495 1321 halten;
1533 1261 1639 1321 damit
1666 1261 1783 1321 selbige
1816 1261 1943 1321 sogleich
1975 1261 2050 1321 nach
2082 1264 2252 1324 nochmals
2285 1264 2327 1324 er¬

1306 1312 1453 1372 haltener
1481 1315 1611 1375 Ordre,
1644 1312 1736 1372 ihren
1770 1312 1905 1372 Marsch
1938 1312 2008 1372 nach
2036 1312 2189 1372 Rußland
2222 1312 2330 1372 antre¬

1302 1363 1351 1423 ten
1390 1366 1550 1426 könnten.
1612 1364 1684 1424 Aus
1717 1363 1844 1423 Minsk
1873 1363 2028 1423 berichtet
2056 1363 2160 1423 man,
2183 1363 2238 1423 daß
2277 1363 2332 1423 da¬

1309 1416 1400 1476 selbst
1428 1416 1492 1476 400
1525 1416 1671 1476 Husaren
1709 1416 1800 1476 unter
1828 1415 2038 1475 Commando
2077 1412 2130 1472 des
2163 1413 2314 1473 Obersten

1303 1467 1462 1527 Lapuchin
1494 1467 1612 1527 bereits
1649 1467 1720 1527 nach
1762 1464 1850 1524 ihrem
1902 1467 2108 1527 Vaterlande
2140 1464 2330 1524 durchmar¬

1310 1512 1422 1572 schiret
1443 1512 1530 1572 sind;
1560 1512 1623 1572 und
1653 1515 1726 1575 man
1761 1515 1917 1575 erwartet
1943 1515 2015 1575 noch
2050 1515 2197 1575 mehrere
2222 1515 2329 1575 Trup¬

1309 1561 1389 1621 pen.
1450 1560 1575 1620 Unsere
1601 1560 1717 1620 hiesige
1753 1560 1965 1620 Besatzung,
2001 1563 2091 1623 unter
2117 1563 2323 1623 Commando

1312 1608 1365 1668 des
1393 1608 1511 1668 Major
1534 1608 1696 1668 Panfried
1724 1608 1761 1668 ist
1778 1608 1804 1668 im
1843 1608 2037 1668 Abmarsch.
2087 1608 2162 1668 Die
2184 1613 2329 1673 Preußi¬

1314 1657 1376 1717 sche
1399 1653 1483 1713 Post
1506 1655 1540 1715 ist
1563 1655 1619 1715 seit
1636 1655 1647 1715 8
1682 1655 1788 1715 Tagen
1823 1657 1890 1717 noch
1919 1658 2003 1718 nicht
2021 1655 2275 1715 angekommen.

1515 1703 1838 1763 Königsberg,
1867 1706 1919 1766 den
1954 1709 2000 1769 7.
2024 1706 2121 1766 Jan.

1357 1748 1436 1808 Wir
1459 1752 1578 1812 können
1613 1754 1727 1814 hiemit
1750 1754 1938 1814 zuverläßig
1967 1757 2166 1817 versichern,
2190 1757 2246 1817 daß
2281 1759 2326 1819 die

1303 1802 1489 1862 Nachricht
1511 1802 1568 1862 von
1600 1805 1708 1865 unserm
1750 1805 1854 1865 letzten
1897 1805 2057 1865 Brande,
2089 1806 2208 1866 welche
2235 1808 2328 1868 unter

1317 1852 1368 1912 der
1402 1852 1604 1912 Aufschrift;
1633 1855 1769 1915 Auszug
1803 1855 1887 1915 eines
1922 1855 2131 1915 Schreibens
2171 1858 2232 1918 aus
2267 1858 2334 1918 Kö¬

1318 1904 1473 1964 nigsberg
1503 1906 1554 1966 vom
1595 1906 1664 1966 4ten
1694 1903 1786 1963 Dec.
1804 1908 1826 1968 in
1867 1906 1913 1966 die
1937 1909 2139 1969 Berlinische
2174 1909 2329 1969 Voßische

1316 1957 1451 2017 Zeitung
1480 1960 1539 2020 und
1566 1960 1686 2020 daraus
1713 1959 1734 2019 in
1768 1960 1816 2020 den
1844 1960 2115 2020 Hamburgischen
2143 1962 2316 2022 Correspon

1316 2008 1453 2068 denten,
1475 2011 1527 2071 den
1559 2008 1717 2068 Altonaer
1744 2010 1902 2070 Mercur,
1929 2008 1981 2068 die
1992 2011 2208 2071 holländische
2224 2008 2335 2068 Haag¬

1319 2058 1375 2118 ner
1401 2058 1463 2118 und
1494 2057 1545 2117 die
1571 2055 1777 2115 französische
1813 2055 1947 2115 Leidner
1978 2055 2039 2115 und
2071 2056 2235 2116 Utrechter
2267 2058 2338 2118 Zei¬

1316 2107 1391 2167 tung
1437 2104 1623 2164 eingerückt
1649 2103 1800 2163 worden,
1841 2104 1931 2164 recht
1962 2106 2062 2166 grobe
2094 2106 2325 2166 Unwarheiten

1322 2205 1380 2265 das
1413 2202 1711 2262 Königsbergische
1733 2205 1939 2265 Publicum,
1961 2205 2009 2265 als
2037 2205 2085 2265 die
2102 2205 2226 2265 Städte
2243 2208 2340 2268 Dan¬

1319 2256 1366 2316 zig
1393 2254 1451 2314 und
1478 2252 1583 2312 Riga,
1610 2252 1742 2312 berufen
1769 2255 1911 2315 können,
1938 2255 2027 2315 deren
2055 2255 2244 2315 Großmuth
2277 2257 2334 2317 wir

1321 2303 1421 2363 nichts
1446 2300 1688 2360 vorschreiben,
1709 2304 1778 2364 noch
1809 2306 1850 2366 sie
1865 2306 1980 2366 voraus
2001 2306 2182 2366 bestimmen
2208 2306 2338 2366 wollen.

1645 2375 2032 2435 AVERTISSEMENT.

1362 2424 1438 2484 Bey
1473 2423 1525 2483 dem
1573 2426 1737 2486 Verleger
1773 2429 1872 2489 dieser
1902 2432 2037 2492 Zeitung
2073 2431 2113 2491 ist
2143 2430 2171 2490 zu
2207 2429 2341 2489 haben:

1317 2476 1394 2536 Die
1417 2476 1471 2536 von
1505 2476 1554 2536 dem
1594 2476 1688 2536 Hrn.
1705 2479 2009 2539 Oberhofprediger
2038 2479 2099 2539 und
2121 2479 2348 2539 Consistorial¬

1325 2527 1392 2587 rath
1421 2524 1517 2584 Behr
1541 2524 1613 2584 über
1637 2527 1704 2587 Ps.
1716 2529 1846 2589 80,20.
1864 2530 1886 2590 in
1920 2530 1970 2590 der
1994 2530 2129 2590 hiesigen
2152 2528 2344 2588 Parochial=

1321 2575 1421 2635 kirche
1448 2574 1485 2634 am
1533 2575 1629 2635 ersten
1666 2578 1830 2638 Sonntag
1863 2581 1936 2641 nach
1969 2580 2021 2640 der
2054 2579 2170 2639 großen
2203 2578 2345 2638 Feuers¬

1312 2626 1431 2686 brunst
1455 2626 1626 2686 gehaltene
1661 2629 1820 2689 Predigt.
1879 2632 1947 2692 Zum
1999 2629 2119 2689 Besten
2154 2629 2210 2689 des
2240 2629 2347 2689 refor¬

1331 2676 1441 2736 mirten
1477 2676 1741 2736 Wittwenstifts,
1760 2681 1776 2741 9
1802 2682 1853 2742 gr.

1375 2748 1486 2808 Diese
1506 2748 1672 2808 Zeitungen
1701 2751 1821 2811 werden
1850 2752 2008 2812 Montags
2027 2751 2091 2811 und
2111 2751 2259 2811 Freytags
2279 2751 2315 2811 um

1324 2799 1356 2859 10
1388 2799 1452 2859 Uhr
1474 2797 1681 2857 Vormittags
1708 2802 1734 2862 im
1772 2801 1980 2861 Kanterschen
2012 2799 2198 2859 Buchladen
2231 2802 2348 2862 ausge=

1328 2849 1446 2909 geben,
1468 2847 1560 2907 allwo
1593 2847 1657 2907 auch
1690 2850 1750 2910 von
1783 2850 1831 2910 den
1875 2850 2010 2910 hiesigen
2037 2849 2123 2909 resp.
2140 2849 2335 2909 Liebhabern

1321 2897 1369 2957 die
1396 2897 1683 2957 Prånumeration
1720 2900 1778 2960 auf
1806 2900 1869 2960 dies
1901 2900 1980 2960 erste
2002 2900 2156 2960 Qvartal
2178 2900 2241 2960 mit
2268 2900 2278 2960 2
2311 2901 2348 2961 fl.

1324 2948 1562 3008 angenommen
1600 2951 1705 3011 wird,
1742 2949 1959 3009 Auswärtige
1997 2951 2070 3011 aber
2103 2951 2245 3011 belieben
2288 2951 2335 3011 sich

1323 2999 1459 3059 deshalb
1484 3001 1537 3061 bey
1568 3001 1615 3061 dem
1657 3002 1817 3062 Postamt
1842 3002 1924 3062 ihres
1949 3004 2032 3064 Orts
2057 3003 2086 3063 zu
2116 3002 2258 3062 melden.
