2479 3508
176 370 369 430 Trugschluß
400 363 581 423 entdecken,
619 363 678 423 und
715 363 770 423 das
801 360 946 420 Zeugniß
971 360 1097 420 Christi
1122 357 1182 417 von

168 419 221 479 der
242 413 438 473 Eingebung
470 408 517 468 der
544 410 687 470 Schrift
714 410 782 470 eben
820 412 957 472 deshalb
990 409 1190 469 verwerfen,

172 467 247 527 weil
262 462 292 522 es
318 461 378 521 auf
399 458 565 518 Wundern
601 461 763 521 beruhet,
798 461 859 521 von
895 460 990 520 denen
1026 460 1086 520 wir
1117 458 1182 518 uns

177 514 256 574 nicht
277 510 366 570 mehr
388 512 651 572 augenscheinlich
678 512 877 572 überzeugen
904 509 1046 569 köͤnnen.
1105 509 1183 569 Der

173 562 353 622 Recensent
375 562 491 622 könnte
513 563 613 623 keinen
646 563 890 623 ausführlicher
912 560 1039 620 zeigen,
1066 560 1124 620 wie
1146 558 1193 618 ge¬

168 610 301 670 fährlich
335 610 418 670 diese
441 613 530 673 Art,
564 610 719 670 Beweise
753 610 780 670 zu
814 610 992 670 entkräften
1031 610 1103 670 sey,
1137 606 1186 666 die

174 661 284 721 bisher
307 661 356 721 als
385 661 428 721 die
451 661 617 721 einzigen,
645 658 744 718 wider
778 660 822 720 die
845 658 1044 718 Freygeister
1078 658 1177 718 haben

170 712 347 772 gebraucht
367 711 489 771 werden
519 712 671 772 konnen;
696 709 760 769 und
785 709 814 769 er
844 709 986 769 wünscht
1016 707 1074 767 aus
1100 706 1188 766 wah¬

168 761 219 821 rer
245 760 467 820 Hochachtung
504 763 597 823 gegen
634 760 686 820 den
722 760 815 820 Hrn.
841 757 1038 817 Verfasser,
1064 757 1121 817 daß
1157 755 1188 815 er

173 809 260 869 nicht
282 807 354 867 etwa
385 809 483 869 wider
505 810 602 870 seinen
634 810 753 870 Willen
785 808 836 868 den
863 809 1183 869 Religionsspöttern

174 861 260 921 einen
287 861 401 921 großen
434 861 553 921 Dienst
575 861 694 921 erzeigt
717 861 813 921 haben
846 861 944 921 mag,
977 861 1031 921 daß
1070 861 1107 921 sie
1135 858 1166 918 um

417 1010 617 1070 Berlin,
656 1019 712 1079 den
746 1019 812 1079 25.
846 1017 940 1077 Dec.

224 1061 298 1121 Se.
316 1061 420 1121 Maj.
438 1064 489 1124 der
513 1067 617 1127 König
646 1068 745 1128 haben
774 1070 832 1130 das
861 1067 1011 1127 erledigte
1041 1063 1190 1123 Granti¬

174 1110 234 1170 sche
262 1109 573 1169 Füsilierregiment
603 1115 635 1175 zu
669 1116 803 1176 Wesel,
831 1118 880 1178 dem
937 1116 1092 1176 Obersten
1132 1115 1186 1175 des

172 1163 436 1223 Stechowischen
458 1166 859 1226 Infanterieregiments,
881 1166 976 1226 Hrn.
987 1166 1040 1226 von
1067 1165 1193 1225 Brietz¬

173 1210 221 1270 ke,
238 1210 259 1270 in
292 1213 433 1273 Gnaden
460 1213 628 1273 ertheilet,
656 1213 715 1273 und
742 1216 797 1276 dem
835 1215 1046 1275 Postmeister
1063 1213 1089 1273 in
1112 1213 1192 1273 Hal¬

166 1258 207 1318 le,
234 1261 338 1321 Herrn
380 1261 568 1321 Bertram,
605 1264 656 1324 den
699 1263 792 1323 Titel
819 1264 907 1324 eines
939 1264 1184 1324 Kriegesraths

166 1309 356 1369 beygelegt.
400 1309 759 1369 Allerhöchstdieselben
786 1309 878 1369 haben
911 1309 960 1369 den
993 1309 1177 1369 bisherigen

172 1358 387 1418 Prasidenten
422 1356 475 1416 der
500 1356 676 1416 Clevischen
716 1354 852 1414 Kriegs=
877 1354 940 1414 und
970 1354 1185 1414 Domainen¬

166 1404 327 1464 kammer,
353 1402 459 1462 Herrn
495 1399 555 1459 von
586 1399 718 1459 Bessel,
749 1402 809 1462 auf
835 1402 895 1462 sein
931 1402 1189 1462 allerunterthä¬

172 1452 290 1512 nigstes
319 1451 477 1511 Ansuchen
506 1449 556 1509 bey
585 1449 675 1509 dessen
710 1454 980 1514 herannahenden
1015 1454 1116 1514 Alter,
1134 1452 1184 1512 die

169 1506 355 1566 Dimißion
384 1503 434 1563 von
474 1506 638 1566 gedachter
667 1506 802 1566 Charge
820 1506 882 1566 mit
911 1506 995 1566 einer
1024 1506 1193 1566 ansehnli¬

167 1557 227 1617 chen
267 1557 574 1617 Gnadenpension,
597 1559 624 1619 zu
653 1560 837 1620 accordiren
871 1557 1106 1617 allergnädigst
1134 1559 1190 1619 ge¬

168 1608 285 1668 ruhet,
317 1609 381 1669 und
419 1610 552 1670 dagegen
590 1610 643 1670 dem
691 1610 883 1670 bisherigen
916 1608 1075 1668 Landrath
1124 1608 1182 1668 und

176 1661 479 1721 Teichhauptmann
535 1658 588 1718 des
638 1659 898 1719 Jerichowschen
953 1658 1083 1718 Kreises
1138 1655 1170 1715 im

176 1712 502 1772 Magdeburgschen,
524 1709 629 1769 Herrn
663 1709 718 1769 von
751 1709 911 1769 Werdre,
940 1707 967 1767 in
1001 1706 1177 1766 Ansehung

175 1763 272 1823 seiner
300 1763 473 1823 geleisteten
507 1757 702 1817 21jährigen
735 1759 876 1819 Dienste
899 1757 963 1817 und
991 1757 1180 1817 besitzenden

169 1811 356 1871 Droiture,
385 1811 428 1871 die
457 1808 773 1868 Präsidentenstelle
806 1808 855 1868 bey
889 1808 1056 1868 gedachter
1084 1808 1188 1868 Kam¬

168 1861 237 1921 mer
259 1858 482 1918 hinwiederum
525 1855 758 1915 allergnädigst
780 1855 944 1915 ertheilet.

442 1902 598 1962 Wien,
625 1902 687 1962 vom
735 1903 797 1963 21.
828 1903 927 1963 Nov.

219 1954 294 2014 Der
329 1951 404 2011 15te
439 1951 491 2011 des
520 1951 665 2011 nächsten
700 1951 845 2011 Monats
870 1951 909 2011 ist
933 1951 1002 2011 noch
1038 1950 1095 2010 zur
1119 1948 1187 2008 Zeit

166 2011 200 2071 zu
230 2007 281 2067 der
305 2004 491 2064 feyerlichen
533 2005 766 2065 Vermählung
801 2002 854 2062 des
889 2002 999 2062 Röm.
1029 2001 1180 2061 Königes

171 2055 335 2115 Majestät
364 2051 426 2111 mit
449 2049 506 2109 der
535 2053 716 2113 Prinzessin
752 2052 905 2112 Josepha
945 2052 1002 2112 von
1036 2052 1178 2112 Bayern

174 2109 314 2169 Königl.
334 2102 456 2162 Hoheit
475 2100 659 2160 festgesetzt.
703 2105 801 2165 Jhro
820 2103 1022 2163 Churfürstl.
1041 2103 1188 2163 Durchl.

173 2154 225 2214 von
258 2154 394 2214 Bayern
427 2150 516 2210 sollen
553 2149 600 2209 dem
643 2154 854 2214 Vernehmen
891 2154 959 2214 nach
997 2154 1044 2214 die
1065 2154 1181 2214 Hand¬

172 2205 247 2265 lung
280 2203 339 2263 par
366 2199 571 2259 Procuration
610 2202 810 2262 verrichten.
865 2205 956 2265 Nach
984 2202 1173 2262 geendigten

169 2255 350 2315 prächtigen
379 2249 530 2309 Festins,
554 2246 666 2306 welche
689 2250 757 2310 drey
780 2254 881 2314 ganze
904 2252 988 2312 Tage
1017 2255 1169 2315 hindurch

172 2298 198 2358 in
226 2306 388 2366 München
410 2298 594 2358 fortdauren
616 2297 761 2357 werden,
773 2303 865 2363 gehet
882 2303 930 2363 den
952 2301 1044 2361 18ten
1066 2303 1109 2363 die
1126 2303 1184 2363 Ab=

171 2348 248 2408 reise
264 2352 315 2412 vor
336 2352 403 2412 sich,
420 2350 476 2410 und
497 2348 579 2408 zwar
595 2348 620 2408 zu
647 2348 693 2408 dem
730 2352 1009 2412 wunderthätigen
1041 2354 1185 2414 Mutter=

174 2404 427 2464 GOttes=Bild
455 2399 530 2459 nach
558 2399 855 2459 Alt=Oettingen,
877 2402 969 2462 allwo
1002 2402 1174 2462 folgendes

173 2445 263 2505 Tags
286 2453 377 2513 Ihro
406 2449 530 2509 Hoheit
559 2446 604 2506 die
627 2446 775 2506 Andacht
798 2452 1002 2512 verrichten,
1026 2452 1087 2512 und
1117 2452 1172 2512 den

169 2494 275 2554 23sten
304 2500 332 2560 in
361 2501 490 2561 hiesiger
513 2497 756 2557 Residenzstadt
780 2500 960 2560 eintreffen.
1000 2503 1039 2563 Zu
1073 2500 1158 2560 einem

166 2542 247 2602 ganz
274 2551 447 2611 besondern
475 2548 669 2608 Denkmal,
703 2548 756 2608 daß
794 2549 853 2609 das
881 2554 1027 2614 Durchl.
1049 2551 1183 2611 Braut¬

169 2590 247 2650 paar
276 2602 456 2662 zusammen
491 2602 524 2662 50
565 2596 784 2656 Lebensjahre
813 2602 948 2662 zählet,
989 2601 1169 2661 beschlossen

171 2638 266 2698 unsre
285 2652 521 2712 Monarchin,
558 2649 600 2709 50
631 2649 721 2709 arme
746 2649 910 2709 Mädchen
947 2655 1188 2715 auszustatten,

170 2689 232 2749 und
256 2691 283 2751 zu
312 2697 424 2757 speisen

387 2751 664 2811 Braunschweig,
692 2745 746 2805 den
779 2748 822 2808 12
872 2750 963 2810 Dec.

216 2786 289 2846 Auf
317 2788 364 2848 die
392 2795 432 2855 am
481 2801 548 2861 3ten
589 2799 724 2859 erfolgte
759 2796 928 2856 glückliche
956 2799 1173 2859 Entbindung

160 2838 252 2898 Jhro
284 2839 425 2899 Königl.
438 2849 568 2909 Hoheit
588 2848 643 2908 der
662 2847 934 2907 Erbprinzeßin,
960 2848 1015 2908 hat
1034 2848 1083 2908 der
1108 2849 1182 2909 Hr.

155 2888 407 2948 Legationsrath
439 2896 490 2956 von
522 2902 680 2962 Stüven,
706 2900 857 2960 folgende
877 2902 1047 2962 glückliche
1073 2898 1173 2958 Verse

162 2936 363 2996 verfertigt:

1224 359 1302 419 desto
1331 359 1451 419 frecher
1486 360 1537 420 sich
1571 357 1685 417 solchen
1720 357 1896 417 Beweisen
1931 354 2159 414 widersetzen,
2193 350 2244 410 die

1228 407 1312 467 einem
1350 407 1566 467 ansehnlichen
1598 407 1709 467 Lehrer
1736 407 1783 467 der
1810 407 1989 467 Theologie
2016 404 2036 464 so
2064 401 2169 461 wenig
2190 400 2243 460 ge¬

1223 457 1286 517 wiß
1318 458 1545 518 vorkommen.
1620 458 1720 518 Das
1768 455 1932 515 zweyte
1975 452 2233 512 Hauptstück

1228 509 1363 569 handelt
1385 507 1444 567 von
1483 509 1531 569 der
1559 509 1776 569 Möglichkeit
1804 506 2150 566 augenscheinlicherer
2172 500 2242 560 Be¬

1228 557 1462 617 weisgründe;
1489 560 1552 620 und
1585 559 1658 619 hier
1702 557 1781 617 wird
1819 557 1973 617 gleichsam
2026 554 2085 614 das
2122 551 2249 611 gesagt,

1223 605 1291 665 was
1313 607 1403 667 jener
1425 608 1546 668 Bauer
1568 607 1594 667 in
1626 607 1679 667 der
1701 607 1807 667 Fabel
1824 607 1881 667 vom
1925 604 2051 664 Kürbis
2089 601 2147 661 und
2179 601 2232 661 der

1231 658 1334 718 Eichel
1353 658 1463 718 sagte:

1319 730 1562 790 Wahrhaftig!
1587 732 1687 792 nein,
1711 730 1800 790 stünd
1837 730 1866 790 es
1902 730 1954 790 bey
1991 727 2073 787 mir,

1320 783 1378 843 Da
1410 784 1484 844 hätt
1512 784 1543 844 es
1576 784 1697 844 anders
1730 781 1852 841 werden
1889 778 2027 838 sollen¬

1424 855 1516 915 (Der
1550 858 1710 918 Beschluß
1750 856 1836 916 folgt
1864 858 2030 918 künftig.)

1287 1013 1382 1073 Ceint
1399 1015 1436 1075 du
1463 1016 1584 1076 laurier
1606 1017 1637 1077 de
1659 1016 1755 1076 Mars
1776 1015 1808 1075 au
1835 1016 1919 1076 Dieu
1947 1015 1978 1075 de
2011 1013 2185 1073 l'hymnée

1284 1063 1370 1123 Vaus
1390 1064 1481 1124 alliez
1507 1067 1598 1127 offrir
1625 1065 1711 1125 votre
1737 1064 1853 1124 encens

1653 1114 1750 1174 Tout
1771 1114 1827 1174 fier
1854 1112 1884 1172 de
1911 1112 1951 1172 ses
1978 1110 2096 1170 talents

1284 1112 1320 1172 Le
1346 1115 1424 1175 Dieu
1451 1115 1591 1175 sourit-

1284 1163 1318 1223 Le
1344 1163 1449 1223 Heros
1470 1166 1570 1226 croit,
1591 1163 1646 1223 dit
1662 1163 1701 1223 il,
1723 1163 1893 1223 ordonner
1914 1160 1939 1220 sa
1970 1163 2090 1223 Lignée
2106 1163 2120 1223 !

1614 1213 1757 1273 Partout
1780 1210 1964 1270 vainqueur

1275 1210 1301 1270 Il
1318 1210 1392 1270 veut
1414 1211 1450 1271 on
1477 1213 1524 1273 fils
1552 1210 1567 1270 —

1277 1261 1410 1321 Partout
1435 1261 1454 1321 il
1475 1261 1563 1321 eroit
1583 1263 1617 1323 en
1642 1262 1776 1322 chainer
1801 1261 1825 1321 le
1850 1261 2022 1321 bonheur,

1282 1309 1307 1369 Je
1329 1309 1391 1369 suis
1413 1309 1543 1369 Hymen
1570 1307 1585 1367 —

1651 1309 1686 1369 et
1707 1311 1762 1371 j'ai
1784 1309 1911 1369 promis
1927 1312 1988 1372 aux
2014 1312 2131 1372 graces

1270 1357 1430 1417 L’Enfant
1455 1357 1527 1417 aine
1552 1357 1585 1417 de
1620 1357 1687 1417 leur
1712 1357 1789 1417 cher
1819 1360 1930 1420 favori

1273 1402 1348 1462 Qu'
1360 1402 1418 1462 une
1442 1402 1598 1462 Princesse
1623 1402 1686 1462 soit
1710 1402 1733 1462 le
1757 1402 1826 1462 Prix

1268 1449 1311 1509 De
1336 1451 1408 1511 tous
1439 1449 1491 1509 ces
1512 1449 1599 1509 soins
1624 1449 1657 1509 de
1683 1449 1711 1509 ce
1741 1449 1833 1509 souci

1271 1502 1346 1562 Que
1369 1503 1438 1563 leur
1468 1503 1589 1563 causait
1607 1502 1642 1562 ce
1666 1500 1787 1560 Favori

1266 1557 1483 1617 L'orsqu'en
1521 1557 1702 1617 Guerrier,
1745 1557 1769 1617 il
1794 1554 1933 1614 suivoit,
1970 1554 2152 1614 Ferdinand
2183 1554 2231 1614 tes

1863 1604 1977 1664 traces

1324 1682 1534 1742 Geschmückt
1568 1682 1629 1742 mit
1662 1681 1812 1741 Mavors
1857 1679 2112 1739 Lorrbeerkrone

1276 1730 1416 1790 Giengst
1444 1733 1481 1793 du
1514 1733 1540 1793 in
1579 1730 1730 1790 Hymens
1768 1733 1908 1793 Tempel
1936 1730 2006 1790 ein.

1277 1781 1324 1841 Es
1354 1783 1437 1843 lacht
1468 1784 1520 1844 der
1551 1784 1670 1844 schlaue
1700 1780 1783 1840 Gott
1807 1779 1818 1839 -

1868 1781 1930 1841 von
1960 1781 2045 1841 einem
2086 1778 2229 1838 Helden=

1953 1828 2046 1888 sohne

1279 1876 1372 1936 Wil,
1393 1876 1492 1936 sprach
1526 1876 1572 1936 er,
1593 1878 1839 1938 Deutschlands
1867 1876 1953 1936 Held
1980 1876 2079 1936 gleich
2107 1875 2226 1935 wieder

1863 1924 1967 1984 Vater
1991 1926 2084 1986 seyn.

1277 1971 1369 2031 Zwar
1393 1975 1595 2035 Siegesicher
1626 1973 1706 2033 kann
1742 1972 1770 2032 er
1800 1972 1927 2032 sagen;

1274 2019 1328 2079 Da
1356 2023 1411 2083 wil
1428 2024 1472 2084 ich
1500 2025 1599 2085 meine
1628 2024 1749 2084 Feinde
1777 2023 1953 2083 schlagen!

1277 2068 1318 2128 Er
1337 2073 1421 2133 sagts
1446 2073 1500 2133 und
1526 2075 1646 2135 schlägt
1671 2073 1682 2133 —
1738 2075 1810 2135 doch
1835 2073 1913 2133 weiß
1944 2073 1974 2133 er
2000 2073 2053 2133 daß
2084 2074 2126 2134 ich
2157 2079 2229 2139 Hy=

1856 2126 1926 2186 men
1970 2124 2018 2184 bin

1275 2172 1364 2232 Mich
1395 2173 1473 2233 recht
1492 2175 1551 2235 mit
1576 2176 1672 2236 Amor
1697 2175 1944 2235 auszusöhnen,

1271 2221 1342 2281 Geb
1376 2225 1420 2285 ich
1453 2226 1508 2286 vor
1543 2226 1642 2286 seinen
1681 2226 1831 2286 künftgen
1870 2225 2014 2285 Söhnen

1268 2271 1348 2331 Den
1378 2276 1522 2336 Grazien
1552 2276 1604 2336 ihr
1622 2276 1766 2336 Pfand;
1790 2276 1841 2336 die
1865 2273 2143 2333 Fürstentöchter,
2167 2277 2218 2337 hin

1268 2320 1358 2380 Dies
1382 2324 1421 2384 sey
1444 2324 1495 2384 ihr
1519 2325 1626 2385 Lohn,
1650 2324 1740 2384 wenn
1775 2324 1803 2384 in
1832 2324 2002 2384 Gefahren

1265 2375 1348 2435 Auch
1373 2377 1408 2437 sie
1433 2378 1558 2438 besorgt
1583 2378 1630 2438 für
1655 2375 1744 2435 ihren
1775 2375 1918 2435 Liebling
1942 2373 2073 2433 waren.

1220 2447 1289 2507 Die
1312 2449 1404 2509 junge
1428 2449 1607 2509 Prinzeßin
1637 2449 1694 2509 hat
1712 2449 1740 2509 in
1770 2449 1821 2509 der
1857 2446 1966 2506 Taufe
1996 2446 2041 2506 die
2071 2446 2226 2506 Namen,

1223 2500 1361 2560 Augusta
1390 2500 1545 2560 Carolina
1574 2500 1734 2560 Friderica
1763 2495 1873 2555 Lovisa
1902 2497 2062 2557 erhalten.

1495 2551 1658 2611 Lübeck,
1682 2551 1738 2611 den
1767 2549 1829 2609 14.
1852 2548 1942 2608 Dec.

1267 2590 1317 2650 In
1346 2599 1539 2659 verwichner
1562 2599 1675 2659 Nacht
1698 2599 1731 2659 um
1772 2596 1805 2656 12
1840 2596 1924 2656 Uhr,
1941 2596 1992 2656 kam
2032 2597 2054 2657 in
2083 2596 2134 2656 der
2152 2595 2230 2655 Bil¬

1216 2649 1399 2709 debeckschen
1433 2649 1677 2709 Zuckersiederey
1705 2646 1749 2706 ein
1778 2644 1916 2704 heftiges
1939 2646 2038 2706 Feuer
2061 2646 2138 2706 aus.
2161 2645 2211 2705 Es

1216 2700 1318 2760 waren
1362 2698 1389 2758 in
1422 2697 1563 2757 selbiger
1596 2694 1731 2754 100000
1775 2697 1894 2757 Pfund
1927 2697 2029 2757 theils
2062 2697 2230 2757 gemacht,

1220 2750 1313 2810 theils
1342 2748 1413 2808 rohe
1441 2748 1573 2808 Zuckern
1607 2745 1800 2805 vorräthig.
1845 2745 1921 2805 Der
1944 2748 2126 2808 brennende
2154 2749 2220 2809 Zu¬

1220 2799 1275 2859 cker
1297 2799 1357 2859 flog
1386 2798 1430 2858 bis
1458 2798 1512 2858 auf
1535 2796 1618 2856 1500
1652 2796 1783 2856 Schritt
1806 2796 1883 2856 weit
1912 2796 1939 2856 in
1972 2798 2021 2858 der
2050 2797 2127 2857 Luft
2150 2799 2221 2859 her=

1214 2847 1284 2907 um,
1310 2849 1370 2909 und
1395 2848 1425 2908 es
1456 2847 1542 2907 fielen
1578 2847 1678 2907 ganze
1709 2849 1871 2909 Klumpen
1912 2847 2013 2907 davon
2049 2847 2220 2907 herunter.

1215 2899 1318 2959 Einer
1339 2897 1396 2957 von
1422 2897 1474 2957 den
1511 2897 1630 2957 kleinen
1656 2897 1931 2957 Nebenthürmen
1963 2897 2014 2957 der
2046 2897 2128 2957 nicht
2150 2898 2222 2958 weit

1212 2951 1312 3011 davon
1348 2948 1501 3008 liegenden
1532 2951 1762 3011 Peterskirche
1786 2951 1898 3011 gerieth
1928 2948 2063 3008 dadurch
2094 2945 2116 3005 in
2159 2951 2205 3011 den

2077 3000 2220 3060 Brand.
