2479 3508
234 312 1266 386 ein Schismaticus, die Römischkatholische Religion
231 381 1264 432 angenommen, und sich sehr reumüthig zum Tode be¬
234 429 1273 488 reitet hatte: so ist diese neue Marter an ihm nicht
237 469 1264 536 vollzogen worden. Sodann ward er auf eine Och¬
237 528 1269 581 senhaut gesetzet, mit den Füßen an den Schweif sei¬
237 578 1271 637 nes eigenen Pferdes gebunden, und dreymal um den
235 624 651 692 Galgen geschleppet.
688 636 1271 685 Hernach ward ihm mit einem
237 667 1269 736 kleinen Beile eine Hand nach der andern, und zwar
240 729 1279 777 mit wiederholten Streichen abgehauen, er auch mit
240 775 1274 829 dem nämlichen Beile, von vorne oben herab leben¬
237 828 1277 880 dig geviertheilet und das Herz zerstücket. Die Stü¬
235 876 1277 935 cke dieses Ungeheuers wurden an den Galgen gehef¬
243 928 1275 975 tet, und da sie ziemlich niedrig hingen, noch denselben
246 971 1278 1030 Tag von den Hunden gefressen. Der Kopf aber ist,
237 1022 1277 1075 nebst dem Beile auf einen besondern Pflock gestecket
816 1069 1278 1126 Alle diese erschreckliche
246 1074 790 1139 und aufgerichtet worden.
243 1118 1280 1174 Martern hat dieser Mensch mit einer unglaublichen
243 1166 1279 1221 Standhaftigkeit und Gegenwart des Geistes ausge¬
252 1216 1287 1275 standen, auch in beständigem Gebete bis auf den letz¬
243 1261 1283 1325 ten Hauch seines Lebens angehalten. Den Geistli¬
246 1312 1279 1379 chen aus der Gesellschaft JEsu aber, der ihn bekeh¬
246 1368 1278 1425 ret, und ihm bis an sein Ende beygestanden, hat eine
243 1420 1277 1483 Ohnmacht und eine Art von Frais überfallen, daß
246 1469 1131 1552 man ihn halb todt nach Hause bringen muste.
497 1520 1037 1583 Utrecht, den 28. März.
303 1564 1283 1621 Diesen Morgen übergab der D. und Prof. der
248 1615 1280 1674 Gottesgelahrtheit auf dieser Akademie, Herr Gilbert
257 1661 1283 1715 Bonnet, die Rectorwürde an den D. und Prof. der
261 1712 1095 1769 Philosophie, Herrn Johann Horthemels.
1154 1708 1283 1763 Zuvor
255 1756 1283 1811 hielt der abgehende Rector=Magnificus eine gelehrte
255 1803 1290 1866 Rede, worinnen er zu beweisen sich bemühte, daß
261 1851 1197 1920 Christum lieb haben besser sey, als alles wissen.
524 1907 1037 1976 Paris, den 18. Marz.
312 1950 1290 2024 Man verkauft hier ein sehr schoͤnes und ruͤhrendes
255 2010 1294 2072 Gedicht, welches betitelt ist: Calas sur l'échafaut à
255 2057 1297 2114 ses Juges. Am andern Tage nach dem publicirten
261 2110 1294 2171 Absolutionsdecret hat Herr la Brone, Prediger in
264 2158 1292 2210 der hiesigen Capelle der vereinigten Niederlande, eine
264 2204 1296 2288 öffentliche Danksagung zu GOtt wegen dieser Bege=
260 2261 606 2330 benheit abgelegt.
321 2296 1295 2360 Man sieht hier itzt eine Schrift, unter dem Titel:
270 2353 1292 2413 Matinées (oder Frühstunden) deren Verfasser ein
270 2401 1292 2473 grosser Fürst seyn soll. Sie ist in Form eines Ge¬
270 2458 1296 2523 sprächs mit des Fürsten präsumtiven Nachfolger ab¬
270 2500 1292 2566 gefasset. Der hohe Verfasser erzahlet kuͤrzlich die
266 2554 1288 2605 Geschichte und den Ursprung seines Hauses, und han
270 2605 1297 2665 delt sodann von der Gelegenheit seiner Lande, und
276 2648 1297 2708 der Beschaffenheit derselben, und der Einwohner,
280 2708 1305 2768 Er kommt hiernächst auf die Religion, und redet von
280 2750 1295 2814 der Religion, die ein Fürst haben soll, und von dem,
280 2804 1301 2859 was die Religion zu verschiedenen Zeiten verursacht
273 2857 1299 2907 hat, imgleichen von einem Entwurf, um die alten
280 2903 1299 2959 Vorurtheile durch die Schriften der neueren Philo¬
273 2951 1299 3030 sophen zu vertilgen. Hiernächst wird erkläret, was
1292 333 2326 399 man unter dem Worte, Gerechtigkeit, verstehe;
1303 386 2319 439 was man thun müsse, um dieselbe zu handhaben, oh¬
1297 438 2323 495 ne sich jedoch schmeicheln zu können rechtfertig
1560 486 2328 545 Ferner wird in diesem Werck von der
1305 484 1498 547 zu seyn.
1303 536 2331 588 Staatskunde gehandelt, und dieselbe in eine Staats¬
1305 580 2332 638 kunde, die sich auf das Allgemeine bezieht, und in ei¬
1306 636 2334 694 ne besondere Staatskunde, eingetheilt. Ueber die¬
1314 681 2324 734 ses redet der Fürst von seiner Art zu reisen, und von
1309 733 2330 793 seinem Betragen in Absehen auf seine Truppen, um
1312 781 2322 836 sich derselben Vertrauen zu versichern. Nach diesem
1306 831 2326 884 kommt er wieder zur Staatskunde, und theilet die¬
1312 884 2331 941 selbe in drey Haupttheile, nemlich 1) um sich selbst
1305 931 2332 994 zu bewahren, und nach den Umständen zu vergrößern,
1309 979 2334 1040 2) um mit niemanden anders, als mit Vortheile,
1306 1023 2335 1092 Verbindnisse einzugehen, und 3) um sich, selbst bey
1310 1066 2337 1156 den größten Widerwärtigkeiten, fürchterlich und an¬
1306 1114 1686 1193 gesehen zu machen.
1542 1160 2094 1230 London, den 18. März.
1362 1209 2340 1284 Ein Schottländer, von Dumfries gebürtig, hat
1313 1262 2334 1342 vor kurzem eine Composition erfunden, welche bey
1314 1323 2340 1381 allen mechanischen Künsten die Eigenschaften des äch=
1318 1370 2337 1427 ten indianischen Borax hat. Er ist in der Absicht
1321 1418 2340 1485 hieher gekommen, um seine Erfindung der Societät
1314 1476 2346 1525 der Künste vorzulegen. In Irland ist eine so große
1323 1526 2343 1577 Nachfrage nach rohen Häuten, als man seit vielen
1331 1578 2345 1630 Jahren nicht erlebet hat; und es sind seit dem 1sten
1321 1625 2343 1682 dieses Monats über 50000 Stück nach Frankreich
1320 1670 2346 1732 und Holland abgeschickt worden. Aus genauen Li¬
1332 1719 2349 1781 sten erhellet, daß seit 13 bis 14 Wochen über 1000
1339 1760 2343 1834 Juden, aus verschiednen Gegenden von Europa, in
1332 1798 1964 1878 hiesiger Stadt angekommen sind.
1522 1863 2153 1932 Petersburg, den 27. Febr.
1370 1919 2348 1979 Nach einem in hiesigen Landen eingeführten alten
1332 1967 2353 2032 Gebrauch, wenn einer ein Haus, welches er ge¬
1330 2020 2349 2075 bauet oder gekaufet, zu bewohnen anfängt, haben
1349 2068 2349 2126 Ihro Kayserl. Maj. dem Grafen Alexis Orlow, wel¬
1332 2118 2352 2176 chen Sie in seinem neuen Pallast mit einem Besuch
1332 2167 2349 2222 begnadiget, 2000 Stück Ducaten zum Geschenk,
1322 2216 2349 2288 als Glebasoli, das ist, zu Brodt und Salz, einhän=
1329 2258 1570 2327 digen laßen.
1336 2319 2357 2389 Da noch einige Liebhaber dieser Zeitung die Prä¬
1332 2397 2353 2453 numeration vom vorigen Quartal rückständig sind,
1332 2440 2362 2521 so werden selbige ersucht sich aufs fordersamste da¬
1330 2479 1660 2548 mit einzufinden.
1339 2548 2345 2647 Wechsel-Cours & Species d. 11. April. 1765.
1329 2609 1871 2690 Amsterdam 41 Tage 308 gr.
1946 2616 2289 2699 71 Tage 3063gr.
1335 2660 1804 2742 Hamburg 3 W. 13318r.
1929 2668 2190 2738 6 W. 133 gr.
1339 2713 1555 2781 Berlin pari
1849 2704 2258 2783 Dantzig. 25 pr. Cto.
1338 2760 1768 2842 Ducaten neue 9 fl. 5 gr.
1907 2768 2314 2840 Alberts Taler 129 gr.
1336 2817 1618 2896 Rubel 113 gr.
1790 2818 2358 2887 Alt Polnisch Geld 124 pr. Cto.
1336 2864 2361 2946 Diese Gelürte und Politische Zeitung wird des Montag=
1452 2924 2265 2977 und Freytags Vormittags um 10 Uhr in dem
1524 2967 2179 3041 Kanterschen Buchladen ausgegeben.
