2479 3508
405 366 645 426 Augsburg
679 366 740 426 und
774 365 1109 425 Memmingen.

300 409 528 469 „Vergnügte
545 413 802 473 Nebenstunden
825 415 846 475 in
875 413 919 473 der
942 417 1159 477 Einsamkeit.
1193 415 1276 475 Eine

262 461 471 521 „moralische
493 461 648 521 Schrift,
671 464 731 524 aus
759 465 808 525 dem
847 467 1085 527 Französischen
1113 464 1278 524 übersetzt,

281 509 296 569 6
330 509 385 569 und
419 509 429 569 1
458 512 568 572 halber
591 515 706 575 Bogen
740 515 762 575 in
796 515 872 575 8vo.

957 515 1065 575 Wenn
1098 518 1190 578 gleich
1223 515 1282 575 die=

256 559 282 619 se
304 560 458 620 Schrift,
470 563 533 623 wie
556 563 603 623 der
630 566 865 626 Herausgeber
887 566 1074 626 versichert,
1091 568 1149 628 von
1177 566 1261 626 einem

264 608 398 668 Officier
426 612 615 672 verfertiget
637 616 744 676 wäre:
773 614 799 674 so
827 616 1005 676 wünschten
1038 616 1102 676 wir
1130 616 1194 676 doch
1222 616 1275 676 zur

263 658 355 718 Ehre
377 661 501 721 dieses,
523 664 684 724 vielleicht
707 664 831 724 tapfern
859 667 1042 727 Mannes,
1075 667 1129 727 daß
1162 666 1193 726 er
1227 664 1280 724 lie¬

263 707 316 767 ber
348 712 374 772 in
412 712 459 772 dem
512 713 612 773 letzten
645 715 804 775 Feldzuge
836 715 904 775 eine
931 715 1106 775 feindliche
1127 715 1280 775 Batterie

261 760 442 820 erstiegen,
468 763 540 823 oder
572 763 618 823 ein
650 764 732 824 paar
759 763 924 823 Soldaten
961 767 1059 827 erlegt
1091 766 1204 826 hätte,
1231 765 1277 825 als

260 807 318 867 daß
350 810 429 870 diese
461 810 603 870 Schrift
631 813 672 873 ein
705 811 847 871 Beweis
879 813 979 873 seiner
1011 816 1280 876 Gelehrsamkeit

265 859 329 919 seyn
368 860 438 920 soll.
503 861 584 921 Mit
612 861 665 921 dem
710 864 850 924 blutigen
883 864 1002 924 Degen
1035 864 1062 924 in
1100 864 1148 924 der
1177 861 1279 921 Hand

259 909 372 969 würde
397 909 426 969 er
451 911 633 971 vielleicht,
658 911 701 971 wo
732 912 815 972 nicht
845 912 908 972 mit
938 915 1021 975 einem
1061 913 1287 973 Ordensban¬

260 958 321 1018 de,
353 960 383 1020 so
415 960 487 1020 doch
519 960 714 1020 wenigstens
751 963 813 1023 mit
839 963 921 1023 einem
974 965 1185 1025 freundlichen
1217 959 1288 1019 Ge¬

259 1007 329 1067 sicht
351 1007 406 1067 von
434 1010 531 1070 seinem
576 1013 832 1073 Befehlshaber
866 1013 996 1073 beehret
1024 1013 1155 1073 worden
1188 1010 1285 1070 seyn;

260 1058 291 1118 da
323 1059 348 1119 er
370 1058 442 1118 jetzt
459 1061 521 1121 mit
542 1061 594 1121 der
621 1061 720 1121 Feder
741 1061 767 1121 in
799 1064 872 1124 eben
904 1061 1055 1121 derselben
1087 1061 1180 1121 Hand
1207 1058 1290 1118 nicht

264 1109 389 1169 einmal
415 1109 464 1169 das
490 1106 551 1166 Lob
587 1111 671 1171 einer
702 1112 853 1172 mäßigen
889 1112 999 1172 Kritik
1025 1112 1131 1172 davon
1167 1107 1277 1167 tragen

260 1157 363 1217 kann.
415 1156 528 1216 Durch
560 1157 611 1217 das
637 1158 735 1218 ganze
756 1157 850 1217 Buch
876 1157 958 1217 redet
979 1157 1010 1217 er
1031 1160 1124 1220 meist
1145 1157 1170 1217 in
1202 1156 1289 1216 Cha¬

254 1202 408 1262 raktern,
428 1204 528 1264 worin
558 1202 625 1262 man
655 1204 708 1264 bey
737 1204 813 1264 alten
843 1204 1060 1264 Wahrheiten
1089 1205 1176 1265 nicht
1196 1204 1277 1264 einen

264 1255 403 1315 einzigen
444 1252 645 1312 glänzenden
687 1251 821 1311 Einfall
848 1253 899 1313 ins
941 1253 1074 1313 Gesicht
1106 1253 1286 1313 bekommt.

267 1301 325 1361 Ein
359 1300 623 1360 Schriftsteller,
651 1300 699 1360 der
722 1301 748 1361 in
776 1303 975 1363 Charaktern
1003 1306 1176 1366 schreibet,
1198 1306 1289 1366 nach¬

265 1352 318 1412 dem
373 1354 606 1414 Bruyere,
644 1355 909 1415 Beaumelle
948 1356 1012 1416 und
1051 1357 1283 1417 Toußaint

261 1404 365 1464 hierin
394 1404 537 1464 Meister
565 1407 737 1467 gewesen,
760 1407 831 1467 muß
865 1408 964 1468 etwas
1004 1410 1174 1470 besonders
1208 1409 1285 1469 besi¬

255 1455 350 1515 tzen,
375 1455 506 1515 welches
542 1458 672 1518 dadurch
713 1458 783 1518 noch
824 1458 914 1518 nicht
939 1461 1155 1521 ausgedruckt
1181 1459 1281 1519 wird,

260 1506 314 1566 daß
347 1506 428 1566 diese
445 1506 581 1566 Schrift
603 1509 657 1569 aus
685 1509 733 1569 dem
772 1512 1006 1572 Französischen
1039 1509 1191 1569 übersetzt
1214 1509 1273 1569 seyn

261 1557 329 1617 soll.
378 1557 526 1617 Seitdem
569 1557 637 1617 man
669 1559 695 1619 in
728 1559 780 1619 den
818 1560 955 1620 letzteren
987 1560 1119 1620 Jahren
1157 1560 1284 1620 sowohl

261 1602 398 1662 schlechte
426 1606 589 1666 Soldaten
622 1608 664 1668 als
691 1608 833 1668 schlechte
855 1608 1093 1668 Schriftsteller
1115 1608 1141 1668 in
1163 1609 1284 1669 Frank¬

256 1651 340 1711 reich
366 1651 421 1711 hat
441 1652 597 1712 entstehen
628 1655 743 1715 sehen:
779 1655 809 1715 so
839 1652 879 1712 ist
905 1655 959 1715 der
990 1655 1080 1715 Titel
1106 1655 1161 1715 von
1196 1655 1286 1715 dem,

260 1696 333 1756 was
358 1700 416 1760 aus
441 1700 626 1760 Frankreich
656 1698 797 1758 kommt,
822 1700 910 1760 nicht
930 1700 1017 1760 mehr
1042 1700 1198 1760 blendend
1233 1698 1286 1758 ge¬

262 1748 355 1808 nug,
380 1745 414 1805 um
458 1744 541 1804 feine
561 1742 644 1802 Leser
669 1745 698 1805 zu
728 1745 958 1805 hintergehen.
1013 1742 1090 1802 Der
1116 1742 1277 1802 Verfasser

264 1793 394 1853 schreibt
411 1790 465 1850 von
498 1793 617 1853 allem:
667 1790 726 1850 vom
770 1792 900 1852 Glück;
927 1793 982 1853 von
1015 1793 1063 1853 der
1086 1793 1286 1853 Glückselig¬

256 1840 366 1900 „keit;
395 1841 455 1901 von
484 1844 533 1904 der
556 1843 812 1903 Freundschaft:
840 1843 895 1903 von
924 1845 974 1905 dem
1013 1844 1174 1904 Bürger;
1202 1843 1263 1903 vom

264 1896 441 1956 "ehrlichen
486 1897 624 1957 Mann;
669 1897 729 1957 von
763 1897 818 1957 den
852 1900 1073 1960 menschlichen
1107 1897 1284 1957 Handlun¬

270 1947 370 2007 "gen;
402 1949 454 2009 von
487 1948 539 2008 der
561 1948 835 2008 Auferziehung,
858 1951 920 2011 und
953 1951 1010 2011 von
1048 1948 1116 2008 noch
1154 1948 1269 2008 andern

282 1999 414 2059 'schönen
443 2002 520 2062 alten
554 2002 737 2062 Sachen!”
771 2002 893 2062 Seine
910 2002 1193 2062 untergemischten
1227 2000 1288 2060 Hi=

261 2049 419 2109 storietten
449 2049 557 2109 dienen
587 2049 694 2109 weiter
720 2049 749 2109 zu
774 2052 907 2112 nichts,
932 2052 976 2112 als
1016 2052 1055 2112 ein
1095 2052 1198 2112 wenig
1233 2047 1286 2107 da¬

260 2100 316 2160 bey
348 2103 378 2163 zu
410 2100 564 2160 gåhnen,
601 2101 678 2161 oder
709 2100 735 2160 in
772 2103 828 2163 der
855 2100 1195 2160 Concoktionsstunde
1227 2099 1267 2159 ein

263 2151 363 2211 wenig
390 2150 421 2210 zu
448 2150 680 2210 schlummern.
728 2149 843 2209 Gleich
871 2151 917 2211 der
939 2151 1071 2211 Anfang
1103 2151 1150 2211 des
1177 2148 1271 2208 ersten

263 2197 388 2257 Stücks
414 2198 545 2258 enthält
565 2199 605 2259 ein
636 2198 711 2258 altes
737 2199 943 2259 Gleichniß,
969 2197 1100 2257 welches
1130 2195 1281 2255 tausend¬

267 2245 336 2305 mal
364 2243 449 2303 schon
493 2242 558 2302 viel
586 2246 682 2306 besser
710 2245 823 2305 gesagt
845 2244 898 2304 ist.
948 2243 995 2303 Es
1034 2243 1147 2303 heißt:
1202 2243 1271 2303 man

260 2294 340 2354 kann
372 2293 425 2353 das
452 2289 558 2349 Glück
590 2293 654 2353 mit
681 2294 766 2354 einer
798 2293 856 2353 von
889 2294 985 2354 denen
1023 2294 1272 2354 hochmüthigen

256 2345 462 2405 „Coquetten
501 2342 730 2402 vergleichen,
758 2342 875 2402 welche
892 2343 942 2403 die
965 2345 1165 2405 Bedienung
1188 2342 1277 2402 eines

254 2393 493 2453 furchtsamen
536 2393 738 2453 Liebhabers
776 2393 989 2453 verpachten.
1075 2396 1138 2456 Ein
1176 2393 1277 2453 ander

259 2446 467 2506 Gleichniß:
497 2442 595 2502 "Das
619 2440 723 2500 Glück
746 2443 781 2503 ist
799 2443 879 2503 einem
920 2443 1047 2503 Schiffe
1071 2443 1187 2503 gleich;
1216 2443 1274 2503 das

261 2493 405 2553 „Schiff
428 2494 516 2554 fährt
539 2491 599 2551 mit
622 2491 722 2551 vollen
756 2489 883 2549 Segeln
917 2492 1005 2552 fort,
1033 2494 1077 2554 ein
1111 2494 1277 2554 günstiger

264 2541 391 2601 „Wind
424 2545 546 2605 nähert
569 2544 601 2604 es
635 2544 685 2604 dem
735 2542 867 2602 sehnlich
902 2545 1118 2605 gewünschten
1152 2542 1278 2602 Hafen.

265 2586 358 2646 „Die
392 2597 547 2657 widrigen
575 2595 696 2655 Winde
725 2593 841 2653 seufzen
875 2593 952 2653 über
980 2593 1051 2653 ihre
1074 2593 1279 2653 Sclaverey.

267 2635 363 2695 Die
386 2646 573 2706 Scheere
607 2646 658 2706 des
687 2643 816 2703 Neides
839 2641 1048 2701 zerschneidet
1072 2641 1122 2701 den
1157 2641 1280 2701 Sack,

265 2689 420 2749 „welcher
438 2694 478 2754 sie
497 2697 693 2757 einschließt.
740 2693 843 2753 Diese
861 2694 982 2754 Winde
1006 2691 1116 2751 fahren
1145 2691 1283 2751 heraus,

261 2736 354 2796 "und
387 2742 517 2802 erregen
551 2747 605 2807 den
644 2748 763 2808 Sturm

945 2743 1004 2803 das
1046 2740 1165 2800 Schiff
1190 2742 1284 2802 schei=

271 2790 374 2850 "tert,
432 2790 495 2850 und

736 2796 803 2856 hier
837 2794 870 2854 ist
899 2793 955 2853 das
989 2793 1162 2853 Gleichniß
1202 2790 1280 2850 aus.

269 2841 428 2901 Schade,
460 2840 514 2900 daß
552 2840 608 2900 das
645 2846 762 2906 Schiff
787 2847 965 2907 gescheitert
997 2844 1052 2904 ist!
1089 2843 1144 2903 das
1188 2841 1273 2901 wäre

261 2890 346 2950 nicht
375 2891 487 2951 nöthig
516 2888 674 2948 gewesen.
732 2894 947 2954 Wenigstens
982 2893 1162 2953 wünschten
1203 2888 1281 2948 wir,

262 2948 320 3008 daß
351 2945 391 3005 die
416 2944 556 3004 Schrift
575 2942 627 3002 des
651 2942 828 3002 Verfassers
852 2948 904 3008 sich
929 2948 993 3008 mit
1011 2946 1070 3006 auf
1088 2945 1182 3005 diesem
1218 2942 1276 3002 un¬

1316 369 1502 429 glücklichen
1533 369 1666 429 Schiffe
1684 371 1842 431 befunden
1878 371 1994 431 hätte;
2030 370 2170 430 alsdenn
2206 372 2334 432 würden

1327 416 1382 476 wir
1416 418 1498 478 nicht
1527 419 1637 479 nöthig
1671 419 1799 479 haben,
1833 421 1887 481 die
1916 422 2065 482 betrübte
2094 422 2282 482 Wahrheit
2305 422 2332 482 zu

1323 467 1574 527 verkündigen,
1604 466 1660 526 daß
1700 467 1771 527 man
1817 470 1856 530 ein
1897 470 2043 530 tapferer
2074 470 2240 530 Officier,
2276 472 2335 532 und

1319 516 1390 576 doch
1418 516 1462 576 ein
1496 518 1662 578 schlechter
1685 517 1923 577 Schriftsteller
1957 522 2090 582 zugleich
2124 521 2196 581 seyn
2229 521 2345 581 könne.

1324 566 1436 626 Kostet
1453 569 1480 629 in
1507 566 1745 626 vorbemeldten
1778 572 1988 632 Kanterschen
2021 575 2329 635 Buchhandlungen

1326 617 1362 677 15
1393 619 1447 679 gr.

1565 664 1810 724 Frankfurt
1842 664 1890 724 am
1940 670 2100 730 Mayn.

1375 715 1596 775 "Allgemeine
1624 715 1823 775 Bibliothek
1851 712 1906 772 des
1929 718 2083 778 Schönen
2123 721 2183 781 und
2206 721 2338 781 Guten.

1343 760 1455 820 Erster
1479 769 1608 829 Band,
1643 766 1682 826 19
1717 763 1830 823 Bogen
1864 762 1892 822 in
1927 765 2017 825 8vo,
2040 769 2153 829 1764.
2234 769 2340 829 Diese

1322 810 1513 870 periodische
1543 815 1681 875 Schrift
1699 813 1756 873 hat
1774 812 1820 872 die
1845 813 2006 873 nämliche
2030 813 2157 873 Absicht
2175 817 2232 877 und
2262 817 2342 877 Ein¬

1318 858 1498 918 richtung,
1525 864 1583 924 wie
1604 864 1657 924 der
1679 861 1938 921 Hamburgische
1966 864 2193 924 Bienenstock.
2247 867 2336 927 Man

1323 909 1476 969 sammlet
1498 912 1540 972 die
1567 912 1662 972 besten
1694 912 1821 972 Stücke
1843 912 1864 972 in
1896 912 2012 972 Poesie
2034 915 2097 975 und
2124 915 2251 975 Prose,
2278 917 2336 977 aus

1323 957 1376 1017 den
1408 957 1503 1017 besten
1530 963 1699 1023 Autoren.
1747 963 2012 1023 Hagedorn,
2039 966 2225 1026 Haller,
2247 965 2352 1025 Gel¬

1318 1007 1431 1067 lert,
1452 1007 1586 1067 Gleim
1633 1013 1694 1073 und
1721 1010 1803 1070 viele
1824 1011 1938 1071 andere
1959 1013 2051 1073 geben
2093 1013 2144 1073 den
2176 1013 2279 1073 Stoff
2305 1013 2330 1073 zu

1322 1055 1421 1115 dieser
1465 1059 1708 1119 Sammlung.

1781 1064 2040 1124 Spaldings
2090 1064 2332 1124 Bestimmung

1321 1101 1378 1161 des
1411 1105 1585 1165 Menschen
1612 1112 1696 1172 hätte
1728 1109 1817 1169 wohl
1845 1113 1929 1173 schon
1966 1114 2025 1174 aus
2057 1113 2156 1173 diesem
2200 1111 2336 1171 Grunde

1325 1154 1527 1214 weggelaßen
1559 1158 1678 1218 werden
1710 1157 1860 1217 können,
1886 1163 1964 1223 weil
1980 1163 2016 1223 sie
2043 1165 2110 1225 eher
2136 1164 2177 1224 ein
2209 1166 2349 1226 Traktat

1318 1201 1364 1261 als
1391 1201 1437 1261 ein
1464 1204 1683 1264 Einschiebsel
1705 1207 1761 1267 ist,
1788 1207 1877 1267 wenn
1909 1210 1965 1270 wir
1992 1210 2065 1270 auch
2092 1210 2148 1270 das
2180 1213 2336 1273 vergessen

1323 1249 1477 1309 wollten,
1504 1253 1561 1313 daß
1589 1255 1626 1315 sie
1653 1255 1721 1315 nach
1748 1256 1838 1316 einer
1865 1257 1934 1317 sehr
1961 1258 2088 1318 falschen
2120 1261 2342 1321 Philosophie

1318 1303 1519 1363 geschrieben
1546 1306 1599 1366 ist.
1653 1305 1727 1365 Und
1754 1305 1785 1365 da
1823 1306 1891 1366 auch
1930 1306 2068 1366 überdem
2116 1308 2158 1368 ein
2195 1309 2344 1369 mäßiger

1323 1357 1453 1417 Kenner
1481 1357 1534 1417 der
1568 1357 1697 1417 schönen
1731 1359 1990 1419 Wissenschaften
2029 1359 2077 1419 die
2111 1362 2327 1422 sämmtlichen

1324 1407 1437 1467 Werke
1461 1407 1556 1467 dieser
1580 1410 1733 1470 Männer
1757 1410 1779 1470 in
1813 1409 1909 1469 seiner
1938 1410 2114 1470 Biblothek
2137 1410 2216 1470 hat,
2257 1410 2279 1470 so
2308 1413 2341 1473 ist

1323 1458 1355 1518 es
1376 1458 1439 1518 fast
1461 1460 1524 1520 eine
1551 1460 1752 1520 unbelohnte
1774 1461 1917 1521 Arbeit,
1944 1461 2091 1521 einzelne
2119 1463 2245 1523 Stücke
2277 1461 2335 1521 aus

1322 1506 1528 1566 denenselben
1563 1512 1873 1572 herauszureißen,
1903 1512 1966 1572 und
1996 1511 2060 1571 uns
2095 1512 2198 1572 damit
2228 1512 2257 1572 zu
2292 1512 2345 1572 be¬

1316 1558 1480 1618 schenken.
1534 1560 1581 1620 Es
1614 1560 1715 1620 bleibt
1747 1560 1816 1620 auch
1854 1560 1943 1620 wohl
1965 1561 2087 1621 immer
2115 1560 2162 1620 die
2189 1563 2343 1623 leichteste

1322 1605 1454 1665 Arbeit.
1503 1608 1661 1668 Möchten
1694 1608 1762 1668 doch
1789 1609 1836 1669 die
1858 1610 2038 1670 Sammler
2071 1610 2256 1670 künftighin
2288 1609 2346 1669 lie¬

1321 1652 1370 1712 ber
1395 1652 1489 1712 solche
1519 1655 1622 1715 kleine
1647 1655 1854 1715 interessante
1884 1658 2012 1718 Stücke
2042 1661 2244 1721 aufsuchen,
2289 1660 2338 1720 die

1321 1697 1426 1757 längst
1445 1697 1613 1757 vergriffen
1647 1700 1733 1760 sind,
1757 1700 1819 1760 und
1853 1703 1939 1763 ohne
1968 1704 2096 1764 Namen
2130 1706 2221 1766 ihrer
2251 1706 2341 1766 Ver¬

1323 1739 1414 1799 fasser
1442 1742 1707 1802 herausgegeben
1749 1745 1886 1805 waren;
1919 1748 2037 1808 wovon
2079 1750 2138 1810 wir
2175 1751 2220 1811 ein
2262 1754 2344 1814 ganz

1320 1790 1530 1850 Verzeichniß
1558 1793 1663 1853 liefern
1697 1796 1851 1856 könnten.
1902 1799 2018 1859 Kostet
2041 1802 2062 1862 in
2096 1805 2328 1865 vorbemeldten

1321 1840 1535 1900 Kanterschen
1564 1845 1872 1905 Buchhandlungen
1902 1849 1913 1909 1
1942 1852 1976 1912 fl.
1994 1852 2028 1912 18
2058 1854 2109 1914 gr.

1746 1900 1904 1960 Halle.

1389 1943 1515 2003 Paul
1544 1951 1755 2011 Sarpius
1789 1954 1933 2014 Historie
1961 1952 2016 2012 des
2051 1954 2333 2014 Tridentinischen

1339 2000 1490 2060 Concilii
1512 2000 1571 2060 mit
1593 2002 1815 2062 Conrayer
1837 2002 2107 2062 Anmerkungen,
2124 2005 2194 2065 6ter
2222 2005 2334 2065 Theil.

1326 2049 1616 2109 "Herausgegeben
1648 2049 1700 2109 von
1738 2050 1800 2110 Fr.
1817 2051 1859 2111 E.
1886 2052 2118 2112 Rambach.
2145 2052 2160 2112 1
2187 2053 2335 2113 Alphab.

1337 2097 1380 2157 16
1414 2097 1525 2157 Bogen
1553 2097 1580 2157 in
1609 2097 1692 2157 8vo,
1720 2097 1847 2157 1764.”

1920 2097 1999 2157 Mit
2026 2100 2127 2160 diesen
2166 2100 2271 2160 Theil
2299 2102 2346 2162 be¬

1321 2145 1445 2205 schließt
1466 2145 1549 2205 Herr
1571 2145 1622 2205 R.
1644 2143 1690 2203 die
1712 2145 1930 2205 weitläuftige
1951 2145 2139 2205 Geschichte
2170 2148 2259 2208 einer
2285 2151 2337 2211 der

1320 2193 1601 2253 merkwürdigsten
1642 2193 2111 2253 Kirchenversammlungen,
2151 2198 2210 2258 auf
2240 2200 2329 2260 deren

1321 2240 1410 2300 guten
1442 2239 1510 2299 oder
1532 2237 1616 2297 bösem
1664 2242 1785 2302 Glücke
1807 2243 1854 2303 die
1876 2246 2128 2306 protestantische
2156 2248 2266 2308 Sache
2288 2249 2335 2309 zu=

1318 2291 1411 2351 gleich
1440 2290 1498 2350 mit
1522 2288 1655 2348 beruhet
1679 2292 1755 2352 hat.
1802 2294 1854 2354 Es
1895 2297 2023 2357 enthält
2053 2297 2151 2357 dieser
2187 2300 2291 2360 Theil
2309 2303 2326 2363 8

1321 2339 1472 2399 Bücher,
1497 2339 1522 2399 in
1553 2339 1638 2399 deren
1679 2342 1815 2402 letzterem
1862 2346 1917 2406 das
1943 2348 2033 2408 Ende
2064 2350 2119 2410 des
2150 2349 2336 2409 ehrwürdi¬

1318 2391 1372 2451 gen
1405 2390 1556 2450 Concilii
1585 2390 1725 2450 erzählet
1753 2395 1856 2455 wird.
1906 2398 1986 2458 Das
2020 2399 2155 2459 ehrliche
2183 2402 2334 2462 Begräb¬

1321 2440 1368 2500 niß
1406 2439 1590 2499 desselbigen
1628 2443 1791 2503 vermisset
1818 2446 1891 2506 man
1929 2447 2034 2507 noch,
2071 2449 2102 2509 ob
2140 2451 2198 2511 wir
2230 2452 2319 2512 gleich

1321 2489 1400 2549 schon
1432 2488 1479 2548 oft
1496 2490 1548 2550 dem
1592 2491 1718 2551 Moder
1740 2494 1798 2554 und
1836 2497 1883 2557 die
1905 2497 2107 2557 Verwesung
2139 2500 2324 2560 desselbigen

1321 2540 1372 2600 hie
1393 2539 1454 2599 und
1475 2539 1511 2599 da
1537 2541 1728 2601 empfunden
1759 2547 1877 2607 haben.
1914 2548 1985 2608 Die
2012 2548 2135 2608 Menge
2161 2548 2212 2608 von
2244 2548 2331 2608 wich¬

1313 2590 1394 2650 tigen
1433 2592 1732 2652 Begebenheiten,
1771 2596 1978 2656 Gesprächen
2017 2596 2076 2656 und
2110 2598 2327 2658 Charakteren

1318 2641 1374 2701 der
1402 2641 1583 2701 Cardinale
1612 2643 1673 2703 und
1702 2646 1900 2706 Bischöffe,
1935 2645 1985 2705 ihr
2014 2646 2150 2706 heiliger
2173 2646 2330 2706 Ehrgeiz,

1313 2688 1383 2748 ihre
1405 2689 1546 2749 fromme
1568 2694 1796 2754 Zankereyen,
1819 2694 1883 2754 und
1906 2694 1976 2754 ihre
1998 2694 2237 2754 altkatholische
2264 2697 2329 2757 Ge¬

1319 2742 1524 2802 winnsucht,
1545 2745 1669 2805 werden
1700 2745 1782 2805 einen
1814 2742 2040 2802 vernünftigen
2072 2743 2154 2803 Leser
2185 2748 2252 2808 sehr
2283 2751 2329 2811 di¬

1317 2792 1476 2852 vertiren.
1528 2794 1616 2854 Man
1648 2796 1714 2856 muß
1746 2793 1942 2853 erstaunen,
1968 2792 2024 2852 wie
2056 2792 2097 2852 ein
2128 2799 2334 2859 Concilium,

1317 2839 1375 2899 auf
1397 2841 1530 2901 welchem
1578 2844 1604 2904 so
1642 2847 1722 2907 viele
1754 2841 2058 2901 Menschlichkeiten
2096 2849 2324 2909 vorgegangen

1313 2891 1403 2951 sind,
1430 2894 1499 2954 noch
1526 2891 1595 2951 jetzt
1617 2894 1670 2954 bey
1697 2894 1745 2954 der
1772 2891 1959 2951 Römischen
1991 2894 2109 2954 Kirche
2136 2896 2162 2956 in
2200 2897 2311 2957 solchem

1311 2942 1421 3002 Werth
1449 2947 1549 3007 stehen
1577 2948 1699 3008 könne.
1744 2945 1855 3005 Wenn
1894 2942 1971 3002 wird
2006 2945 2077 3005 man
2111 2949 2177 3009 doch
2211 2946 2327 3006 aufhö¬

2240 2998 2326 3058 ren,
