2479 3508
178 335 1207 423 zen hervorbringen möchte, wovon man eine Probe
181 418 1146 498 machen wird; solches wird die Erfahrung lehren.
227 467 1205 552 Der Hr. Verfasser der schwedischen Abhandlung ist
178 524 1207 591 der Meynung, daß es nicht unrecht wäre, wenn man
186 583 1207 648 einen Versuch mit der Gerste machte, und damit eben
183 635 1202 699 so, wie mit dem Hafer umgienge: ob nicht vielleicht
178 686 1210 740 daraus auch etwas edlers und bessers gebauet werden
178 740 1202 800 könnte? Ob nun gleich der Hr. Verfasser meldet: daß
181 777 1210 849 er damit noch keinen Versuch gemacht habe: so hat
178 833 1202 893 er doch dadurch Gelegenheit gegeben, auch davon im
181 885 1200 957 Kleinen eine Probe zu machen, wovon ich noch mit
178 929 813 1017 wenigem Erwähnung thun will.
219 962 1205 1068 Die Breite desjenigen Beetes, worauf die Gerste
170 1060 1202 1115 gestecket worden ist, war 2 eine Viertel Elle, und die
178 1112 1205 1171 Länge desselben 17 ein halb Elle. Der Tag, da diese
173 1161 1202 1210 Sommergerste gestecket worden ist, war ebenfalls der
170 1207 1213 1272 3te Junius des verwichenen Jahres. Die Anzahl
2069 333 2265 423 Sie wur¬
1233 348 2043 423 der gesteckten Körner waren 400 Stücke.
1233 413 2265 472 den ebenfalls wie der Hafer, den 22sten Junius ge¬
1236 457 2263 519 dachten Jahres so weit abgeschnitten, daß sie ungefähr
1241 513 2263 573 zwey Querfinger hoch stehen geblieben ist. Von der
1241 557 2270 622 Zeit an wollte sie nicht mehr wachsen, so daß sie
1233 611 2268 673 den 18ten Aug. c. a. wo der Hafer zum andernmale
1233 660 2263 715 abgeschnitten wurde, nicht zugleich mit abgeschnitten
1236 710 2260 771 werden konnte. Man ließ sie also überwintern, und
1236 759 2268 823 zu Anfange des Frühjahrs fand man, daß alle Stö¬
1231 808 2265 872 cke bis auf 44 ausgegangen waren, welche alsdann
1231 857 2265 913 nichts anders als schöne Gerste wieder hervorgebracht
1419 908 2260 968 Dieser Versuch hat also keinen Nutzen;
1236 913 1375 973 haben.
1228 968 2263 1024 theils weil die meisten Körner ausgewintert sind,
1233 1009 2265 1063 theils auch, weil keine bessere Frucht daraus gekom¬
1238 1053 2263 1120 men ist., Jedoch ist allezeit zu bewundern, daß die
1241 1107 2263 1169 Sommergerste, nachdem sie einmal abgeschnitten
1231 1153 2263 1210 worden ist, und überwintert hat, dennoch etwas gu¬
1231 1207 2010 1285 te Gerste wiederum hervorgebracht hat.
382 1249 2263 1354 Im vorigen Stück dieser Zeitung in der ersten Recens. nahe dem Ende, ist ein Druckfehler
459 1329 1649 1404 eingeschlichen, es soll statt familieren, Familien, heissen.
454 1496 944 1569 Cleve, den 1. Merz.
232 1545 1210 1615 Der berühmte Hr. Doctor Schütte, der jüngere,
173 1605 1205 1677 hat aufs neue einen Beweis seiner ausnehmenden
186 1659 1205 1721 Wissenschaften und Erfahrungen durch die Ausgebung
183 1705 1215 1767 eines Werkes zu Tage gelegt, welches den Ti¬
188 1752 1207 1819 tel führet: Anmerkungen über des Hrn. Hofman,
181 1806 1202 1870 Hofraths und Leibmedici des Churfürsten von Cöln,
181 1852 1213 1917 Nachricht von einer guten Cur= der Kinderblattern,
183 1912 1205 1966 und von einem neuen und kräftigen Mittel bey und
188 1958 1205 2015 gegen übelartige und zusammenlaufende Blattern.
186 2007 1202 2064 Er zeiget darin erstlich, daß die Cur und Mittel,
181 2046 1200 2113 welche der Hr. D. Hofman so stark anpreiset, nicht
181 2105 1202 2162 allein von keinem Nutzen, sondern auch sogar schäd¬
178 2157 1200 2219 lich sind. Sodann giebt er ein eben so besonderes,
183 2203 1207 2260 als leicht zu habendes Mittel an die Hand, das An¬
183 2255 1207 2319 gesicht für den Blatternarben zu sichern. Dieses Mit¬
188 2307 1205 2366 tel bestehet darin: Man macht von einem wollenen
181 2353 1210 2412 Lappen, welcher auf den Seiten mit sanftem Leinen
178 2412 1202 2469 besetzet ist, und an den Stellen vor den Augen und
186 2448 1207 2521 dem Munde ausgeschnitten wird, eine Maske oder
183 2500 1207 2565 Larve, welche man den Kindern vor dem Gesichte
181 2557 1200 2619 vestbindet, und so lange sitzen läßt, bis die Vereite
183 2601 1205 2670 rung vorüber ist. Es ist bekannt, sagt er weiter,
178 2644 2247 2712 daß die Blattern nicht sowol auf dem bedeckten Lei= wissen, daß sie ein wichtiger Platz und ein regulir¬
178 2701 1205 2768 be, als in dem Gesichte, welches beständig der Luft
186 2750 1202 2815 bloß gestellet ist, unangenehme und selbst hinderliche
186 2799 1202 2861 Merkmale nachlassen; und es ist daher, fügt er hin
186 2843 1989 2908 zu, zu bewundern, daß man nicht eher darauf be= lisaden sich auf 36000 betragen werde.
186 2902 1205 2998 dacht gewesen ist, die Angesichter der Patienten für
181 2954 624 3037 der Luft zu bewahren.
1406 1481 2085 1558 Regenspurg, vom 4. Merz.
1275 1540 2260 1620 Sicheren Nachrichten zufolge, haben Se. Chur¬
1238 1602 2258 1669 fürstl. Durchl in Bayern den Brautschatz für Dero
1241 1654 2260 1723 Durchlauchtigsten Frau Schwester, Ihro Majestät,
1233 1713 2263 1778 die Römische Königin, bereits nach Wien übermacht,
1233 1762 2265 1842 und soll derselbe aus fünfmalhundert tausend Gul¬
1231 1816 1507 1896 den bestehen.
1406 1842 2126 1953 Nieder=Elbe, vom 11. Merz.
1275 1935 2260 1992 Se. Majest. der König von Polen, haben einer
1236 1987 2260 2038 vornehmen Dame ohnweit Lüneburg, eine Krönungs¬
1238 2030 2255 2087 Medaille, welche mit Dero Brustbild in England
1228 2069 2260 2162 verfertigt worden ist, allerhuldreichst übersenden
1231 2128 1367 2208 lassen.
1514 2162 1984 2265 Cöln, vom 8. Merz.
1277 2247 2255 2312 Die an das Hochstift Münster gränzende Hollän¬
1228 2301 2250 2371 dische Provinz Overyssel scheinet dermalen auf die
1236 2358 2242 2417 gute Verfassung ihrer Plätze mit Ernst bedacht zu seyn.
1231 2410 2250 2461 Die Vestungswerke der am kleinen Flusse Aa gelege¬
1233 2451 2245 2516 nen Stadt Couverden werden, wie wir hören, von
1228 2500 2247 2567 geschaftigen Händen fleißiger Arbeiter unermüdet
1228 2549 2247 2614 ausgebessert. Es dürfte denen, die den ansehnlichen
1231 2603 2247 2665 Umfang dieser Stadt gar nicht kennen, und nicht
1231 2696 2247 2766 tes Siebeneck ist, auch durch ein vestes Schloß be¬
1231 2753 2247 2817 schützet wird, befremdlich vorkommen, wenn man
1228 2807 2245 2864 ihnen sagt, daß die Zahl der dazu erforderlichen Pal¬
2041 2853 2250 2913 Gleichwol
1228 2905 2247 2962 wil man uns versichern, daß sich in den Münsteri¬
1228 2954 2250 3052 schen Landen eine Compagnie hevorgethan, welche
2170 3006 2252 3070 die
