2479 3508
228 351 1262 439 die Lieferung derselben, das Stück zu einem Gul¬
231 404 705 478 den, übernommen habe.
482 459 1015 514 London, den 26. Febr.
285 498 1268 568 Gestern empfieng der Hof sehr wichtige Depeschen
234 556 1266 619 aus Jrland, wo einige Römisch=Katholische Einwoh=
237 611 1265 660 ner ziemlich unartige Gesinnungen zu Tage gelegt.
243 656 1262 714 Einige, nemlich zu Clommel, haben sich geweigert,
237 708 1269 764 die ihnen aufgelegte dreymonathliche Abgift zu be¬
240 757 1262 815 zahlen, andere aber, den Eid darauf abzulegen, daß
237 805 1269 861 das Haus Stuart auf immer von der Krone von
237 855 1271 913 Großbritannien und Irland ausgeschlossen sey. Ein
246 904 1271 966 jeder von diesen letzten ist in eine Geldstrafe von 40
248 953 1271 1009 Schillingen verurtheilt worden. Aber dergleichen
252 998 1268 1053 Strafen machen wenigern Eindruck auf die Gemü¬
237 1049 1277 1110 ther, als die verführerischen Eingebungen eines Prie¬
248 1101 1271 1167 sters von Schanraghan, in der Grafschaft Tippera¬
243 1150 1269 1204 ry, Namens Nicolaus Seeby, auf dessen Gefangen¬
240 1196 1273 1248 nehmung die Irländische Regierung unter dem 12ten
240 1244 1273 1305 dieses eine Belohnung von 300 Pf. St. öffentlich
237 1291 1269 1357 ausgelobet hat, mit der Anzeige: Daß gegen diesen
242 1343 1269 1405 Priester nicht allein bereits den 28sten Merz 1764.
243 1395 1271 1461 eine Beschuldigung von Hochverrath und Rebellion
243 1453 1269 1514 eingebracht worden, sondern derselbe auch eidlich an¬
237 1505 1271 1556 gegeben sey, daß er seit dem bey allen Unternehmun¬
237 1550 1269 1609 gen, die dahin gegangen sind, einen Aufruhr im Rei¬
248 1599 1009 1668 che zu erregen, Theil genommen habe.
464 1642 1065 1704 Warschau, den 14. März.
296 1673 1274 1743 Die Kronschatzcommission hat unter andern Ein¬
240 1732 1274 1788 richtungen beschlossen, zum Behuf des Kronassesso=
246 1785 1279 1840 rials und Kronhofmarschallsgerichts, wie auch vor
255 1832 1280 1897 sich selbsten, das hinter dem Reformatenkloster lie¬
246 1880 1271 1947 gende Palais von dem Grafen Oginski, Woywod
246 1930 1278 1997 von Wilda zu kaufen, welcher hingegen ein ander Pa¬
242 1989 1271 2059 lais vom Grafen Mniszek Kronhofmarschallen zu
243 2036 1269 2100 kaufen Vorhabens ist. Hochgedachter Hr. Kronhof¬
237 2090 1271 2140 marschall ist vorgestern von hier nach Posen abgerei¬
252 2138 1271 2197 set, um daselbst seine Jurisdiction als General von
243 2188 1265 2246 Großpohlen zu fundiren, von wannen derselbe wie¬
243 2236 1271 2292 derum nach 14 Tagen abzureisen Vorhabens ist. Es
248 2280 1271 2341 sind gleichfalls von hier abgereiset die Grafen von
243 2335 1271 2391 Wessel, Krongroßschatzmeister Goubeski Woywod
237 2383 1269 2449 von Masovien und der Fürst Sanguszko Hofmarschall
237 2436 1269 2499 von Lithauen. Die Kronkriegescommission wird täg¬
237 2492 1266 2548 lich fleißig fortgesetzet, ohne doch bis dato einige
246 2536 1268 2594 Processen vorgenommen zu haben; es hat dieselbe
243 2584 1271 2649 den Hrn. Dunin Mieczguski als ihrem Notario
240 2631 1273 2700 14000, und dem Regenten Hrn. Nowicki einen Bru¬
235 2681 1270 2752 der des Secretarii bey dem Fürsten Woywoden von
240 2735 1271 2794 Nußland 7000 pohlnische Gulden jährliche Pension
231 2783 1264 2837 zugestanden. Es wird versichert, daß Sr. Maj. 2
231 2831 1264 2882 neue Ritterordens zu errichten Vorhabens seyn, und
242 2885 1269 2948 zwar ersteren zu Ehren des heil. Stanislai, Bischofs
231 2935 1268 2984 von Cracau, als Sr. Maj. Namenspatron. Die
234 2982 1277 3058 Anzahl dieser Ritter soll 60 Personen betragen, un=
1288 337 2328 421 ter welche die Ordens am Fest des heil. Stanislai als
1294 415 2334 472 Sr. Maj. Namenstag vertheilet werden sollen, weshal=
1297 460 2323 525 ben an Verfertigung dieser Ritterorden, sowohl hiesige
1299 512 2328 581 Goldschmiede als Sticker fleißig arbeiten. Der andere
1296 562 2330 627 Ritterorden soll zu Ehren des heil. Casimiri, Königl.
1297 618 2324 671 Prinzen von Pohlen, gewidmet werden. Zu Com¬
1294 666 2334 716 pletirung des neuerrichteten Regiments zum Dienst
1300 715 2334 780 Sr. Königl. Maj.wird sowohl hier alssin anderen Woy-
1294 767 2326 838 wodschaften durch ausgesandte Officiers stark geworben.
1573 810 2077 871 Thorn, den 18. März.
1346 844 2330 926 Nachdem am verwichenen Mittwoch Nachmittag
1299 884 2328 975 das Eis allhier aus der Weichsel gerücket, und in der
1300 953 2324 1030 folgenden Nacht bey anwachsendem Wasser 5 Joch
1299 1008 2330 1076 von der pohln. Brücke fortgeführet, ist es bey diesem
1309 1058 2331 1123 Schaden nicht verblieben, sondern das durch das Eis
1305 1114 2334 1179 gestern immer mehr beynahe 5 Ellen hoch angewachsene
1299 1161 2327 1227 Wasser, und mit demselben eine große Menge aus¬
1308 1201 2330 1278 gerissene und mitgetriebene große Bäume haben noch
1300 1269 2330 1327 andere 10 Joch von dieser Brücke mitgenommen, so
1306 1309 2335 1372 daß nur noch deren 9 wiewohl sehr beschädigt stehen
1301 1361 2331 1426 geblieben. Von der deutschen größern Brücke sind
1308 1413 2335 1478 keine Joch weggeführet, außer 2 die die Gewalt des
1305 1462 2334 1520 Wassers, des Eises und der Bäume niedergedruckt.
1308 1509 2335 1582 Alle hiesige Niederungen stehen ganz unter Wasser,
1300 1550 2250 1626 das Eis scheinet schon völlig abgelaufen zu seyn.
1612 1659 2018 1719 AVERTISSEMENT.
1356 1686 2339 1765 Bey dem Verleger dieser Zeitung ist zu haben:
1305 1743 2334 1820 Lebensregeln für junge Leute besonders Handlungs¬
1306 1789 2334 1856 befließene, 8, Altona 765, 9 gr. Der vertheidigte
1308 1849 2335 1918 Kornjude von Joh. Albrecht Philippi, gr. 8, Berl.
1313 1893 1554 1966 765, 2 fl.
1573 1910 2334 1979 Christ. Sam. Ulber erbaulicher Denk¬
1314 1960 2330 2031 zettel auf das Jahr 764, 7ter Jahrgang, gr. 8,
1301 2001 1555 2072 Hamb. 3 fl.
1360 2096 2339 2158 Pietro Nikolosi, von Rom, welcher kürzlich all¬
1306 2148 2334 2207 hier angekommen, bietet denen respectiven Liebha¬
1305 2204 2339 2254 bern der Italienischen Sprache seine Dienste an. Er
1312 2248 2334 2313 verspricht nicht allein, diese Sprache auf die leichteste
1312 2297 2334 2365 Art beyzubringen, sondern wird sie auch, nach denen
1312 2350 2331 2414 gründlichsten Regeln der Rechtschreibung zu lehren
1313 2400 2331 2470 bemüht seyn, wie er davon schon in denen vornehm¬
1318 2447 2331 2502 sten Städten von Europa viele Proben abgelegt, und
1318 2499 2334 2551 sich dadurch einen fast allgemeinen Beyfall erworben
1306 2548 2332 2612 hat. Diejenigen Dames und Herrn, welche in ih¬
1309 2580 2328 2658 ren Häusern von ihme unterrichtet zu seyn verlangen,
1306 2648 2326 2714 zahlen monatlich 4 Rthlr. 16 Stunden den Monat
1300 2691 2332 2756 gerechnet, und wann einige bey ihm zu Hause Stun¬
1306 2746 2328 2807 den nehmen, zahlen solche 2 Rthlr. den Monat.
1306 2787 2327 2859 Seine Behausung ist bey der Frau Gessingen im Lö=
1306 2855 1836 2906 benicht, am Krönichenthor.
1308 2873 2324 2974 Diese Gelehrte und Politische Zeitung wird des Montags
1414 2958 2227 3029 und Freytags Vormittags um 10 Uhr in dem
1488 2994 2146 3067 Kanterschen Buchladen ausgegeben.
