2479 3508
161 383 285 443 machen
326 381 336 441 —
400 380 490 440 Oder
520 380 593 440 man
622 379 735 439 müßte
753 377 826 437 ihre
849 377 963 437 kranke
986 374 1105 434 Seelen
1134 373 1196 433 erst

165 433 265 493 heilen
307 430 322 490 —
381 428 454 488 Und
481 428 549 488 eben
581 428 664 488 das,
691 431 822 491 welches
849 428 896 488 die
912 425 1085 485 Weisheit
1112 424 1180 484 gern

162 482 237 542 thun
282 479 434 539 möchte,
462 479 505 539 ist
532 476 565 536 am
614 479 783 539 wenigsten
821 476 990 536 möglich;
1034 476 1115 536 weil
1143 475 1197 535 der

162 532 296 592 Kranke
329 527 383 587 die
405 529 545 589 Arzeney
573 530 762 590 wegwirft,
785 528 849 588 und
871 527 930 587 aus
958 527 1066 587 eigner
1088 524 1195 584 Wahl

161 580 217 640 sein
254 578 367 638 Leiden
409 578 620 638 vergrößert!
647 580 765 640 Haltet
792 578 848 638 ihr
880 578 956 638 denn
988 578 1096 638 ferner
1128 575 1179 635 den

163 625 310 685 Scepter
337 625 410 685 über
438 628 484 688 die
506 628 616 688 Welt,
633 631 653 691 in
686 629 775 689 eurer
797 628 928 688 geraden
961 628 1076 688 Hand.
1103 625 1192 685 Mö¬

155 680 215 740 gen
243 679 309 739 doch
343 679 387 739 die
410 682 587 742 Menschen
616 682 693 742 über
716 681 781 741 euch
810 676 937 736 klagen.
1005 678 1104 738 Gebt
1121 676 1187 736 mir

429 840 620 900 Berlin,
650 843 707 903 den
754 843 789 903 2.
818 840 922 900 Febr.

209 888 262 948 Am
311 888 407 948 hohen
446 891 682 951 Geburtstage
710 891 763 951 der
801 891 1038 951 verwittweten
1071 891 1178 951 Prin¬

162 939 252 999 zessin
287 937 343 997 von
372 936 525 996 Preußen
565 940 712 1000 Königl.
730 942 860 1002 Hoheit
889 942 990 1002 haben
1025 944 1098 1004 Sr.
1122 939 1183 999 Kö¬

159 986 249 1046 nigl.
266 987 366 1047 Maj.
383 989 633 1049 Hochdieselben
665 992 723 1052 mit
745 992 830 1052 einer
852 992 1016 1052 kostbaren
1043 990 1176 1050 goldnen

159 1033 239 1093 reich
272 1034 331 1094 mit
359 1037 548 1097 Brillanten
587 1040 732 1100 besetzten
760 1043 944 1103 Tabatiere
972 1044 998 1104 zu
1037 1043 1182 1103 beschen¬

158 1083 212 1143 ken
237 1085 400 1145 geruhet.

442 1132 598 1192 Cleve,
622 1134 680 1194 den
715 1141 778 1201 17.
808 1141 901 1201 Jan.

215 1181 352 1241 Sichern
385 1184 559 1244 Berichten
591 1184 644 1244 von
671 1184 787 1244 Berlin
814 1189 940 1249 zufolge
963 1190 1084 1250 werden
1111 1190 1184 1250 Sr.

162 1228 264 1288 Maj.
280 1231 334 1291 der
356 1229 463 1289 König
502 1231 529 1291 zu
562 1232 712 1292 Anfange
740 1232 793 1292 des
826 1237 988 1297 künftigen
1021 1237 1182 1297 Maymo¬

158 1276 232 1336 nats
263 1279 329 1339 eine
354 1277 454 1337 Reise
475 1279 546 1339 nach
581 1277 682 1337 dieser
703 1279 859 1339 Provinz
884 1282 1060 1342 antreten,
1086 1285 1171 1345 wozu

160 1324 277 1384 bereits
302 1327 498 1387 verschiedne
518 1324 679 1384 Anstalten
709 1327 758 1387 zum
798 1327 983 1387 Empfange
1003 1328 1072 1388 Sr.
1087 1330 1179 1390 Maj.

163 1372 221 1432 von
253 1373 300 1433 der
322 1372 458 1432 hiesigen
486 1369 675 1429 Regierung
702 1372 844 1432 gemacht
866 1372 1008 1432 werden.

419 1413 614 1473 Coburg,
641 1416 693 1476 den
735 1414 796 1474 23.
822 1415 915 1475 Jan.

202 1462 252 1522 In
299 1461 435 1521 hiesiger
470 1461 589 1521 Stadt
619 1463 721 1523 zeigte
756 1463 807 1523 sich
841 1462 875 1522 am
927 1467 1035 1527 20sten
1070 1464 1166 1524 dieses

160 1512 292 1572 Abends
326 1512 364 1572 um
409 1512 480 1572 halb
514 1509 530 1569 7
553 1510 619 1570 Uhr
653 1513 686 1573 am
730 1516 891 1576 Himmel
919 1518 962 1578 ein
997 1518 1168 1578 besondres

155 1563 376 1623 Luftzeichen,
400 1565 530 1625 welches
559 1566 752 1626 Personen,
781 1569 826 1629 die
850 1569 917 1629 eben
946 1572 1003 1632 zum
1043 1571 1168 1631 Fenster

160 1613 456 1673 hinausgesehen,
500 1619 786 1679 folgendergestalt
824 1622 927 1682 genau
976 1622 1175 1682 besbachtet.

160 1666 229 1726 Bey
262 1669 430 1729 wolkigten
453 1670 566 1730 trüben
594 1671 751 1731 Himmel
767 1673 869 1733 zeigte
892 1673 940 1733 sich
973 1675 1038 1735 eine
1071 1673 1168 1733 etwas

155 1720 265 1780 hellere
298 1722 441 1782 Wolke,
468 1721 526 1781 und
564 1721 595 1781 in
632 1724 791 1784 derselben
834 1726 903 1786 eine
930 1727 1036 1787 runde
1063 1729 1174 1789 Kugel

153 1769 209 1829 von
238 1772 357 1832 mattem
398 1772 517 1832 Feuer,
535 1773 717 1833 ohngefähr
746 1776 768 1836 so
791 1778 865 1838 groß
894 1778 939 1838 als
968 1778 1031 1838 eine
1054 1779 1178 1839 öpfün¬

156 1821 228 1881 dige
254 1822 543 1882 Kanonenkugel,
580 1824 699 1884 welche
725 1825 761 1885 am
808 1826 978 1886 Horizont
1005 1828 1082 1888 über
1114 1831 1165 1891 den

156 1870 274 1930 ganzen
305 1870 423 1930 Markt
444 1870 490 1930 sich
521 1870 721 1930 bogenweise
748 1874 953 1934 hinwälzte,
979 1876 1040 1936 und
1077 1876 1158 1936 einen

154 1918 275 1978 breiten
303 1918 403 1978 hellen
430 1915 546 1975 Strich
574 1918 648 1978 nach
680 1918 727 1978 sich
754 1921 887 1981 führte,
925 1921 994 1981 auch
1026 1923 1084 1983 auf
1111 1926 1153 1986 ein

152 1968 224 2028 mal
240 1967 307 2027 eine
334 1969 426 2029 solche
453 1969 671 2029 Erleuchtung
697 1969 837 2029 machte,
874 1969 930 2029 daß
967 1971 1044 2031 viele
1071 1974 1179 2034 Leute,

153 2018 201 2078 die
223 2020 255 2080 es
278 2017 331 2077 vom
375 2020 527 2080 Anfange
554 2020 635 2080 nicht
664 2020 820 2080 entstehen
854 2020 978 2080 sahen,
1006 2023 1173 2083 geglaubt,

155 2070 187 2130 es
221 2070 264 2130 sey
298 2070 342 2130 ein
381 2069 475 2129 Blitz
497 2070 674 2130 gewesen,
713 2070 873 2130 während
907 2070 989 2130 einer
1028 2072 1166 2132 Minute

156 2120 229 2180 aber
262 2121 525 2181 herunterwarts
557 2124 710 2184 gleichsam
758 2124 815 2184 zur
837 2124 921 2184 Erde
948 2123 1079 2183 neigte,
1106 2121 1163 2181 und

156 2170 214 2230 auf
235 2172 362 2232 einmal
389 2172 467 2232 ohne
495 2174 600 2234 Knall
621 2174 695 2234 oder
722 2175 849 2235 Schall
876 2173 922 2233 sich
960 2175 1076 2235 wieder
1108 2172 1176 2232 ver¬

156 2223 253 2283 lohr,
280 2223 315 2283 am
357 2223 521 2283 wölkigten
553 2223 707 2283 Himmel
728 2223 800 2283 aber
821 2226 908 2286 einen
940 2226 1057 2286 weißen
1089 2226 1176 2286 brei¬

153 2270 195 2330 ten
234 2273 352 2333 Streif
369 2270 499 2330 zurücke
516 2273 597 2333 ließ.
646 2273 721 2333 Die
743 2275 818 2335 Luft
835 2273 906 2333 war
928 2276 1025 2336 stille.
1085 2278 1171 2338 Eine

159 2323 354 2383 erwachsene
375 2321 455 2381 sonst
476 2321 716 2381 unerschrockne
737 2325 983 2385 Mannsperson
1009 2327 1074 2387 war
1094 2325 1164 2385 eben

153 2370 214 2430 auf
242 2372 291 2432 der
325 2372 481 2432 Straße,
515 2372 565 2432 als
599 2372 693 2432 dieses
727 2378 921 2438 Luftzeichen
961 2375 1011 2435 sich
1045 2377 1139 2437 begab

157 2419 237 2479 diese
259 2420 453 2480 versichert,
476 2420 508 2480 es
536 2420 578 2480 sey
606 2420 654 2480 ihm
698 2423 724 2483 in
757 2425 811 2485 den
844 2426 1038 2486 Augenblick
1071 2426 1098 2486 so
1131 2428 1157 2488 zu

152 2470 262 2530 muthe
288 2467 444 2527 gewesen,
460 2468 509 2528 als
535 2467 620 2527 wenn
651 2470 677 2530 er
702 2475 868 2535 elektrisirt
889 2476 1025 2536 würde;
1051 2476 1146 2536 indem

157 2521 183 2581 er
205 2521 253 2581 die
275 2518 448 2578 elektrische
471 2518 584 2578 Probe
606 2519 724 2579 vorher
747 2524 828 2584 schon
855 2526 1071 2586 ausgehalten
1099 2526 1168 2586 hat¬

150 2569 202 2629 te,
229 2569 345 2629 mithin
373 2569 462 2629 wohl
478 2569 578 2629 weiß,
600 2569 658 2629 wie
680 2570 764 2630 einem
807 2572 839 2632 zu
871 2575 976 2635 muthe
998 2573 1050 2633 ist,
1067 2575 1156 2635 wenn

153 2617 180 2677 er
209 2623 375 2683 elektrisirt
392 2620 502 2680 wird;
525 2620 620 2680 kurz,
648 2620 675 2680 er
704 2620 770 2680 will
793 2626 859 2686 eine
882 2626 1004 2686 gewisse
1021 2626 1170 2686 Erschüt¬

148 2670 266 2730 terung
293 2673 325 2733 am
363 2672 482 2732 ganzen
510 2667 595 2727 Leibe
618 2670 763 2730 bemerkt
786 2671 904 2731 haben.

373 2721 644 2781 Göttingen,
673 2721 729 2781 den
769 2722 831 2782 19.
860 2724 950 2784 Jan.

199 2762 276 2822 Der
304 2772 476 2832 Ueberfluß
510 2770 565 2830 von
605 2769 888 2829 Lebensmitteln,
927 2772 1077 2832 wodurch
1111 2777 1160 2837 ihr

156 2814 259 2874 Preis
280 2818 352 2878 sehr
373 2823 559 2883 verringert
581 2820 736 2880 worden,
773 2820 959 2880 verursacht
980 2823 1047 2883 eine
1068 2824 1171 2884 merk¬

148 2860 220 2920 liche
254 2869 486 2929 Vermehrung
520 2870 647 2930 unserer
681 2868 914 2928 akademischen
948 2870 1169 2930 Mitbürger.

143 2909 267 2969 Unsere
291 2918 483 2978 Regierung
506 2921 534 2981 zu
563 2919 750 2979 Hannover
773 2920 943 2980 unterläßt
961 2921 1085 2981 nichts,
1108 2924 1142 2984 um

154 2961 204 3021 den
233 2964 300 3024 hier
324 2972 573 3032 Studierenden
602 2969 687 3029 ihren
716 2972 932 3032 Aufenthalt,
944 2972 1068 3032 sowohl
1085 2975 1170 3035 min=

153 3011 204 3071 der
228 3015 384 3075 kostbarer
415 3024 461 3084 als
485 3023 652 3083 angenehm
694 3023 722 3083 zu
752 3023 897 3083 machen.

1235 372 1293 432 nur
1318 372 1417 432 soviel
1436 372 1624 432 Weisheit,
1648 374 1700 434 daß
1731 374 1765 434 ich
1796 374 1913 434 gerecht
1937 372 1978 432 sey
2014 369 2025 429 —
2085 369 2137 429 die
2155 366 2249 426 Wei¬

1232 425 1273 485 sen
1304 422 1366 482 und
1398 422 1449 482 die
1470 423 1724 483 Tugendhaften
1761 422 1900 482 belohne
1932 419 1942 479 —
2005 420 2097 480 unter
2130 419 2258 479 unglei¬

1229 473 1297 533 chen
1324 473 1440 533 Uebeln
1472 473 1525 533 das
1553 473 1679 533 kleinste
1701 473 1806 533 wähle
1839 470 1849 530 -
1913 472 1976 532 und
2004 473 2082 533 mein
2115 470 2193 530 Land
2221 465 2246 525 so

1231 524 1383 584 regiere,
1411 522 1465 582 daß
1492 524 1557 584 man
1596 524 1705 584 zuletzt
1738 524 1825 584 sehen
1858 523 1966 583 kann:
1999 524 2064 584 Ich
2097 521 2178 581 habe
2206 518 2254 578 die

1234 573 1352 633 Götter
1379 572 1576 632 gefürchtet,
1608 575 1670 635 und
1701 573 1763 633 nur
1794 572 1882 632 durch
1919 572 1966 632 die
1997 572 2085 632 freye
2117 570 2246 630 Schuld

1230 623 1280 683 der
1309 622 1484 682 Menschen
1519 623 1597 683 habe
1626 625 1671 685 ich
1700 625 1739 685 sie
1762 625 1847 685 nicht
1876 625 1937 685 alle
1966 625 2056 685 gleich
2097 622 2238 682 glücklich

1221 676 1348 736 machen
1381 676 1534 736 können!

1465 840 1702 900 München,
1727 840 1780 900 den
1823 840 1881 900 14.
1912 834 2006 894 Jan.

1273 887 1410 947 Gestern
1439 891 1471 951 ist
1494 891 1543 951 die
1566 891 1648 951 hohe
1671 888 1902 948 Vermählung
1930 888 1985 948 per
2008 882 2228 942 Procuration

1222 939 1248 999 in
1276 939 1324 999 die
1346 942 1464 1002 Hände
1492 939 1562 999 Sr.
1584 939 1795 999 Churfürstl.
1806 936 1952 996 Durchl.
1969 933 1995 993 in
2023 933 2163 993 Bayern
2190 931 2244 991 ge¬

1226 990 1377 1050 schehen,
1410 990 1523 1050 wobey
1556 990 1605 1050 des
1638 990 1729 1050 Hrn.
1757 987 1913 1047 Bischofs
1947 983 2000 1043 von
2039 982 2233 1042 Freusingen

1224 1040 1282 1100 und
1304 1040 1526 1100 Regensburg
1553 1037 1696 1097 Königl.
1712 1037 1844 1097 Hoheit
1861 1034 1919 1094 auf
1936 1032 1983 1092 die
2010 1031 2068 1091 aus
2084 1031 2158 1091 Rom
2196 1029 2243 1089 er¬

1223 1088 1348 1148 haltene
1371 1088 1479 1148 Licenz
1502 1088 1550 1148 die
1573 1088 1785 1148 Einsegnung
1813 1083 1998 1143 verrichtet.
2047 1079 2118 1139 Die
2140 1079 2243 1139 Chur¬

1222 1139 1403 1199 bayerschen
1426 1139 1619 1199 Landstände
1637 1139 1733 1199 haben
1762 1139 1812 1199 den
1836 1136 1960 1196 Schluß
1989 1130 2136 1190 gefasset,
2148 1130 2232 1190 Jhro

1222 1188 1348 1248 Hoheit
1378 1187 1429 1247 der
1453 1190 1637 1250 Prinzessin
1667 1190 1810 1250 Josepha
1846 1187 1885 1247 ein
1926 1184 2139 1244 freywilliges
2169 1178 2238 1238 Ge¬

1226 1240 1325 1300 schenk
1347 1238 1405 1298 von
1437 1240 1569 1300 120000
1601 1240 1638 1300 fl.
1654 1237 1875 1297 auszusetzen.

1485 1287 1654 1347 Paris,
1683 1288 1739 1348 den
1774 1288 1842 1348 18.
1865 1285 1961 1345 Jan.

1265 1333 1360 1393 Nach
1390 1333 1440 1393 den
1469 1333 1565 1393 Listen
1594 1336 1690 1396 dieser
1714 1333 1912 1393 Hauptstadt
1935 1333 1997 1393 sind
2021 1330 2168 1390 hieselbst
2191 1326 2219 1386 im

1216 1375 1401 1435 verfloßnen
1454 1378 1613 1438 1764sten
1655 1381 1752 1441 Jahr
1789 1381 1902 1441 19404
1939 1378 2099 1438 getauft,
2136 1378 2222 1438 4838

1215 1416 1313 1476 Paar
1333 1419 1479 1479 getraut,
1505 1422 1563 1482 und
1593 1422 1700 1482 17199
1730 1419 1896 1479 Personen
1921 1419 2107 1479 gestorben.
2157 1419 2230 1479 Die

1217 1470 1347 1530 Anzahl
1364 1470 1415 1530 der
1444 1470 1670 1530 Findelkinder
1693 1470 1834 1530 erstreckt
1852 1470 1902 1530 sich
1931 1467 1987 1527 auf
2005 1467 2117 1527 5560.

1465 1521 1663 1581 London,
1703 1521 1758 1581 den
1792 1521 1858 1581 15.
1880 1520 1974 1580 Jan.

1264 1572 1354 1632 Man
1383 1573 1439 1633 hat
1457 1574 1519 1634 mit
1542 1575 1637 1635 vielem
1684 1575 1876 1635 Vergnüͤgen
1905 1572 2069 1632 bemerkt,
2098 1566 2148 1626 daß
2177 1566 2227 1626 der

1218 1625 1327 1685 König
1357 1625 1408 1685 bey
1449 1625 1501 1685 der
1524 1628 1680 1688 Oefnung
1710 1628 1767 1688 des
1796 1625 2021 1685 Parlaments
2057 1622 2096 1682 ein
2132 1619 2224 1679 Kleid

1217 1676 1273 1736 von
1302 1678 1478 1738 englischer
1501 1679 1637 1739 Fabrike
1654 1681 1835 1741 angehabt,
1853 1678 1915 1738 und
1939 1676 2006 1736 man
2040 1673 2154 1733 hoffet,
2171 1670 2227 1730 daß

1214 1730 1260 1790 der
1282 1728 1380 1788 große
1407 1730 1464 1790 und
1490 1731 1595 1791 kleine
1616 1730 1699 1790 Adel
1720 1730 1814 1790 diesem
1851 1726 2007 1786 Exempel
2029 1724 2127 1784 folgen
2159 1721 2242 1781 wer¬

1337 1779 1408 1839 Der
1431 1781 1497 1841 Hr.
1514 1781 1680 1841 Midleton
1709 1781 1747 1841 ist
1770 1779 1942 1839 ohnlängst
1964 1776 2025 1836 mit
2048 1775 2131 1835 einer
2154 1772 2236 1832 com¬

1220 1781 1284 1841 de.

1206 1828 1304 1888 pleten
1336 1828 1601 1888 Buchdruckerey
1628 1828 1700 1888 nach
1733 1828 1868 1888 Tabago
1894 1825 2087 1885 gegangen,
2119 1822 2149 1882 in
2181 1819 2228 1879 der

1216 1876 1364 1936 Absicht,
1391 1876 1523 1936 daselbst
1544 1876 1613 1936 eine
1634 1878 1772 1938 Zeitung
1799 1876 1830 1936 zu
1857 1875 2005 1935 drucken.
2053 1870 2132 1930 Vor
2154 1869 2232 1929 eini¬

1211 1922 1268 1982 gen
1295 1926 1405 1986 Tagen
1432 1925 1574 1985 verstarb
1601 1924 1711 1984 allhier
1743 1924 1795 1984 der
1828 1925 1895 1985 Hr.
1912 1923 2043 1983 Daniel
2065 1918 2227 1978 Curtney.

1214 1972 1286 2032 Den
1317 1972 1385 2032 Tag
1411 1972 1468 2032 vor
1494 1972 1592 2032 seinem
1629 1972 1717 2032 Tode
1739 1972 1795 2032 ließ
1827 1974 1853 2034 er
1879 1970 1930 2030 sich
1957 1971 1983 2031 in
2014 1969 2096 2029 einer
2113 1966 2237 2026 Porte¬

1214 2020 1327 2080 Chaise
1348 2020 1378 2080 zu
1405 2020 1508 2080 seinen
1540 2021 1704 2081 Freunden
1736 2021 1875 2081 tragen,
1907 2020 1947 2080 um
1995 2017 2088 2077 ihnen
2119 2017 2227 2077 Nach¬

1212 2067 1291 2127 richt
1307 2067 1333 2127 zu
1365 2067 1491 2127 geben,
1518 2070 1570 2130 daß
1597 2070 1628 2130 er
1645 2070 1671 2130 in
1708 2070 1755 2130 ein
1787 2070 1861 2130 oder
1893 2067 1977 2127 zwey
2009 2064 2119 2124 Tagen
2157 2064 2214 2124 sein

1205 2121 1299 2181 Ende
1326 2121 1521 2181 erwartete,
1549 2120 1606 2180 und
1639 2121 1675 2181 sie
1697 2121 1722 2181 zu
1755 2121 1849 2181 seinem
1893 2119 2087 2179 Begräbniß
2120 2115 2225 2175 einzu¬

1211 2173 1323 2233 laden.
1367 2172 1518 2232 Hierauf
1540 2175 1675 2235 meldete
1697 2175 1729 2235 er
1752 2175 1875 2235 ihnen,
1897 2172 1956 2232 daß
1989 2169 2021 2229 er
2054 2169 2140 2229 einem
2178 2169 2226 2229 je¬

1211 2223 1260 2283 den
1287 2223 1374 2283 einen
1408 2226 1609 2286 Trauerring
1636 2226 1810 2286 verehret,
1843 2226 1903 2286 und
1931 2223 1968 2283 sie
1985 2221 2165 2281 sämmtlich
2192 2220 2213 2280 in

1211 2276 1295 2336 einem
1341 2276 1539 2336 öffentlichen
1573 2276 1686 2336 Hause
1715 2276 1771 2336 mit
1800 2273 2014 2333 Kalbfleisch,
2038 2270 2207 2330 Schinken

1211 2326 1270 2386 und
1309 2324 1547 2384 hinlänglichem
1596 2327 1725 2387 Punsch
1764 2326 1910 2386 tractiret
1937 2321 2056 2381 werden
2094 2318 2223 2378 sollten,

1208 2375 1340 2435 welches
1377 2375 1451 2435 auch
1488 2375 1567 2435 alles
1605 2378 1815 2438 buchstäblich
1858 2373 2021 2433 vollzogen
2064 2366 2217 2426 worden.

1215 2423 1284 2483 Der
1307 2425 1370 2485 Hr.
1394 2423 1510 2483 Allen,
1533 2429 1776 2489 Kammerherr
1806 2425 1858 2485 der
1881 2422 2055 2482 Königin,
2084 2414 2217 2474 welcher

1211 2474 1324 2534 neulich
1357 2473 1411 2533 von
1439 2474 1541 2534 seinen
1569 2476 1682 2536 Reisen
1716 2473 1823 2533 allhier
1856 2470 1975 2530 wieder
2003 2462 2209 2522 eingetroffen

1209 2524 1268 2584 ist,
1305 2523 1358 2583 hat
1389 2523 1436 2583 die
1462 2524 1551 2584 Ehre
1582 2527 1726 2587 gehabt,
1757 2524 1834 2584 Sr.
1859 2521 1955 2581 Maj.
1986 2512 2034 2572 dem
2082 2515 2214 2575 Könige

1210 2574 1277 2634 eine
1298 2572 1406 2632 schöne
1427 2573 1639 2633 Sammlung
1666 2572 1723 2632 von
1754 2569 1867 2629 Plans
1894 2566 1945 2626 von
1977 2563 2023 2623 den
2060 2563 2225 2623 sämmtli¬

1202 2625 1272 2685 chen
1300 2624 1484 2684 Vestungen
1513 2623 1572 2683 und
1599 2625 1713 2685 starken
1736 2618 1866 2678 Plätzen
1893 2616 1914 2676 in
1937 2614 2127 2674 Frankreich
2155 2617 2214 2677 und

1200 2673 1381 2733 französisch
1416 2670 1615 2730 Flandern,
1644 2673 1695 2733 die
1718 2668 1786 2728 sehr
1821 2667 1912 2727 wohl
1935 2668 2122 2728 gerathen,
2145 2667 2207 2727 und

1208 2721 1385 2781 vortreflich
1407 2721 1617 2781 ausgezieret
1634 2721 1711 2781 sind,
1740 2719 1767 2779 zu
1796 2718 2022 2778 überreichen,
2050 2721 2111 2781 und
2139 2718 2221 2778 gnä¬

1202 2772 1282 2832 digst
1303 2769 1551 2829 aufgenommen
1582 2769 1612 2829 zu
1643 2766 1789 2826 werden.

1327 2818 1526 2878 Fellingsbro
1555 2817 1577 2877 in
1611 2817 1816 2877 Schweden,
1845 2823 1894 2883 den
1934 2823 2000 2883 10.
2023 2823 2117 2883 Dec.

1260 2870 1329 2930 Vor
1352 2867 1362 2927 8
1400 2870 1530 2930 Jahren
1558 2867 1666 2927 wurde
1693 2869 1742 2929 bey
1770 2870 1823 2930 dem
1867 2873 2116 2933 Landgerichte,
2139 2866 2214 2926 wel=

1205 2921 1269 2981 ches
1297 2921 1355 2981 alle
1378 2918 1513 2978 Herbste
1536 2918 1675 2978 gehalten
1709 2921 1806 2981 wird,
1833 2924 1876 2984 ein
1910 2922 2028 2982 Bauer
2056 2918 2218 2978 verklagt,

1202 2975 1331 3035 welcher
1364 2972 1456 3032 gegen
1494 2970 1548 3030 das
1581 2969 1710 3029 Verbot
1743 2975 1971 3035 Brandtwein
2009 2969 2214 3029 gebrennet,

2128 3019 2202 3079 und
