2479 3508
539 1620 1721 1710 1t.s Stück. Freytag, den 4. Januar, 1765.
80 1855 1114 1907 kungen erwarten, die wenn sie nicht neu sind, den¬
86 1899 1109 1954 noch den Trost vor sich haben, daß man in diesen
91 1954 1114 2003 Tagen wenig Neues zu hören gewohnt ist. Es giebt
80 2044 1109 2109 Augenblick gemacht zu seyn scheinen; so daß ihnen
78 2156 1114 2216 haben, und daß sie leben werden. Sie ster¬
83 2192 1112 2262 ben, wenn man so sagen soll, mit jeder Stunde, we¬
78 2254 1112 2311 nigstens ist der Anfang der folgenden ihnen jederzeit
80 2298 1106 2361 so neu, als ob sie eben geboren wären: und in ihrem
83 2350 1106 2410 ganzen Leben herrscht so wenig Zusammenhang, als
83 2399 1104 2462 in einem geöfneten Audienzzimmer, oder wenns köst¬
93 2501 1104 2558 so wenig Lust auszumachen, in wie weit Leichtsinn
73 2555 1101 2607 oder Tragheit an diesem Character Schuld sind; als
73 2607 1104 2661 wir diese Art Menschen zurecht zu helfen gedenken,
75 2646 1101 2710 die weit weniger zu bessern sind, als Mondsüchtige,
83 2692 2143 2749 welche, wie man sagt, zu sich selbst kommen sollen man wird gründlicher, man klagt, man sieht seine
78 2736 658 2796 wenn sie ihren Namen hören.
127 2778 1099 2853 Man erlaube uns blos diese Unempfindlichkeit
73 2832 1101 2907 die sogar zuweilen gewisse Vorzüge mit einigen
78 2894 1101 2975 Schein des Rechts an sich zu bringen sucht, ihres
80 1679 2164 1778 Unsere Leser werden nichts weniger als statt der ge¬ angemaßten Rangs zu entsetzen, und unsere Leser zu
83 1754 2161 1804 wöhnlichen Wünsche, die man sich beym Neuen Betrachtungen aufzufordern, die eine Art von Sys¬
93 1798 2159 1861 Jahre einander aufzusagen pflegt, ein Paar Anmer= tem aus unserm Lebenslaufe machen, und nie ohne
1132 1848 2159 1905 Vortheil angestellet zu werden pflegen. Wir haben
1140 1899 2161 1956 hier keinen Einfall zur Wendung nöthig, um die
1138 1946 2164 2006 Grenzscheidung des alten und neuen Jahres als eine
80 1998 2159 2052 Menschen in der Welt, die nur bloß für den jetzigen vorzügliche Gelegenheit zu diesen Betrachtungen zu
1132 2050 2153 2130 empfehlen, denn unsere Leser sind so gütig dieses von
83 2094 2159 2156 nichts so sauer wird als der Gedanke, daß sie gelebt selbst zu verstehen. So unbillig es ist, weder vor
1135 2146 2151 2208 noch hinter sich zu sehen, und unser Leben nie als
1135 2187 2156 2262 eine Kette, sondern stets als ein Glied dieser Kette
1135 2244 2161 2309 zu beobachten, so unzureichend pfleget unsere Sorg¬
1140 2296 2151 2355 falt auszufallen, wenn wir uns nur blos zu einer von
1125 2342 2153 2410 den beyden Betrachtungen aufstuͤtzen, es sey zur Be¬
1125 2389 2153 2457 trachtung des Vergangnen oder zu der, der Zukunft.
80 2446 2153 2506 lich gewesen, in einer pindarischen Ode. Wir haben Vergangene Jahre können in gewisser Beziehung als
1130 2493 2146 2550 eine Art von großer Welt angesehen werden, in der
1125 2542 2148 2602 man sich allmählig zu einem Anstande gewöhnen kann,
1125 2591 2148 2646 den nur die Erfahrung zu geben im Stande ist.
1125 2635 2148 2700 Man irrt, man wird zurecht gewiesen, man prüft,
1132 2744 2153 2796 Thorheit ein, kurz, man lernet die schwere Wissen¬
1132 2793 2153 2850 schaft zu leben, in dem man mit Aufmerksamkeit le¬
1119 2843 2146 2900 bet. Doch alles ist Theorie und nichts mehr, so
1119 2892 2153 2962 lange man nicht aus den Eindrücken des Vergange=
2063 2944 2146 3011 nen
