2479 3508
246 322 402 382 "Wort!
427 327 530 387 Wenn
567 326 681 386 JEsus
706 327 802 387 war,
833 330 894 390 ehe
925 329 972 389 die
1003 327 1094 387 Welt
1119 330 1215 390 war,
1239 327 1269 387 so

251 368 311 428 "ist
339 376 454 436 JEsus
483 377 521 437 ein
549 377 687 437 Wesen,
704 377 836 437 welches
864 377 924 437 mit
947 380 996 440 dem
1041 380 1145 440 Vater
1168 380 1262 440 gleich

239 421 345 481 sewig
372 420 457 480 ist;”
495 425 569 485 oder
591 428 681 488 wenn
719 428 745 488 er
778 428 836 488 von
874 430 958 490 einer
986 431 1081 491 Zeit
1109 428 1182 488 vor
1215 428 1268 488 der

250 476 455 536 Schöpfung
483 476 590 536 redet;
618 479 736 539 gerade
758 479 806 539 als
828 479 914 539 wenn
947 479 974 539 er
1001 481 1049 541 nie
1072 479 1120 539 die
1137 478 1271 538 Defini¬

245 527 315 587 tion
348 525 402 585 der
424 527 494 587 Zeit
522 528 587 588 und
615 528 668 588 des
701 530 836 590 Raums
869 530 999 590 gelernt
1027 530 1135 590 hätte!
1179 527 1265 587 Was

247 574 326 634 wird
364 578 422 638 der
449 578 662 638 Socinianer
699 580 731 640 zu
768 580 885 640 solchen
928 578 1098 638 Beweisen
1141 578 1268 638 sagen?

248 625 424 685 Vielleicht
457 628 654 688 verstummt
688 628 735 688 er.
811 629 907 689 Aber
934 630 987 690 der
1009 628 1196 688 Arrianer?

247 676 369 736 Hum!
402 676 455 736 der
487 679 609 739 möchte
637 679 711 739 laut
738 679 871 739 lachen,
898 679 972 739 alles
1010 676 1180 736 zugeben,
1207 676 1265 736 und

253 726 328 786 doch
356 725 393 785 ein
426 728 583 788 Arrianer
605 730 751 790 bleiben.
827 727 913 787 Eben
946 727 972 787 so
995 727 1136 787 hinkend
1158 727 1195 787 ist
1217 724 1270 784 das

248 875 337 935 will.
383 876 466 936 Wir
483 876 572 936 loben
601 875 684 935 sonst
707 873 751 933 die
774 873 852 933 gute
875 873 1004 933 Absicht
1021 873 1082 933 und
1110 873 1160 933 den
1189 870 1278 930 Eifer

248 922 302 982 des
330 927 422 987 Hrn.
439 925 657 985 Verfassers,
685 923 826 983 möchten
871 921 947 981 aber
975 921 1067 981 wohl
1090 924 1122 984 zu
1161 921 1258 981 seinem

253 975 426 1035 Vortheile
449 975 644 1035 wünschen,
677 974 731 1034 daß
759 970 786 1030 er
808 971 878 1031 noch
906 971 949 1031 ein
977 969 1058 1029 paar
1080 972 1194 1032 Jahre
1216 968 1275 1028 nur

251 1024 346 1084 allein
379 1025 436 1085 das
469 1024 679 1084 Catechisiren
719 1022 743 1082 in
783 1019 833 1079 der
860 1019 980 1079 Kirche
1007 1019 1038 1079 zu
1071 1019 1141 1079 St.
1167 1019 1269 1079 Petri
1302 1016 1346 1076 ich
1372 1016 1461 1076 einem
1500 1016 1583 1076 jeden
1603 1022 1807 1082 zureichende
1827 1025 2044 1085 Gelegenheit
2064 1028 2249 1088 verschaffe,
2263 1028 2313 1088 sein

246 1124 411 1184 ablaßung
446 1124 474 1184 zu
515 1121 565 1181 der
590 1121 767 1181 Fähigkeit
796 1118 847 1178 der
870 1118 1019 1178 Zuhörer
1054 1118 1122 1178 man
1157 1116 1271 1176 nöthig

252 1172 362 1232 habe,
388 1171 479 1231 wenn
515 1170 585 1230 man
626 1168 691 1228 mit
717 1166 843 1226 Nutzen
879 1166 1061 1226 predigen,
1092 1166 1162 1226 aber
1193 1163 1278 1223 nicht

255 1219 481 1279 Kanzelreden
508 1218 657 1278 schreiben
688 1216 776 1276 will.
823 1216 987 1276 Ordnung
1014 1216 1075 1276 und
1101 1216 1173 1276 gute
1194 1213 1281 1273 The¬

254 1419 340 1479 einen
376 1422 462 1482 üblen
486 1419 614 1479 Begrif
638 1419 690 1479 von
725 1419 823 1479 seinen
847 1419 1022 1479 Predigten
1051 1419 1277 1479 beygebracht.

254 1467 298 1527 Er
322 1472 390 1532 sagt
413 1470 566 1530 daselbst:
601 1467 652 1527 Es
687 1469 749 1529 sind
784 1470 874 1530 bloße
903 1470 1188 1530 Nachahmungen

255 1521 287 1581 es
314 1521 377 1581 sind
404 1523 451 1583 die
479 1524 568 1584 ersten
601 1518 771 1578 Geburten
803 1520 888 1580 einer
920 1521 1180 1581 mittelmäßigen
1212 1514 1281 1574 Be¬

588 1567 624 1627 es
661 1569 748 1629 sind!
801 1569 884 1629 Nun
920 1569 946 1629 ja
977 1569 1076 1629 doch!
1118 1565 1180 1625 das
1211 1562 1273 1622 sind

255 1572 425 1632 lesenheit

257 1619 299 1679 sie
326 1614 341 1674 —
405 1615 489 1675 Aber
511 1613 536 1673 im
579 1611 689 1671 Ernst,
711 1613 917 1673 liebwerther
939 1613 1007 1673 Hr.
1023 1608 1213 1668 Magister!

246 1664 311 1724 wie
341 1664 461 1724 können
501 1664 565 1724 wir
596 1661 675 1721 denn
706 1659 999 1719 Nachahmungen

1096 1655 1180 1715 erste
1210 1652 1283 1712 Ge¬

252 1764 310 1824 von
348 1763 491 1823 fremder
513 1757 794 1817 Belesenheiten,
816 1757 868 1817 für
896 1757 1113 1817 Kanzelreden
1151 1752 1278 1812 halten,

251 1813 326 1873 oder
354 1811 392 1871 sie
414 1811 468 1871 gar
491 1810 648 1870 öffentlich
676 1805 878 1865 anpreisen?
906 1807 1003 1867 Weil
1026 1805 1063 1865 sie
1096 1805 1167 1865 aber
1200 1804 1270 1864 auch

259 1864 394 1924 zugleich
423 1861 479 1921 aus
508 1861 592 1921 einem
638 1859 806 1919 geruͤhrten
835 1858 953 1918 Herzen
982 1852 1213 1912 herkommen:
1242 1855 1270 1915 so

251 1915 359 1975 wollen
398 1912 487 1972 wir,
514 1912 551 1972 um
604 1912 654 1972 den
687 1912 782 1972 Hrn.
809 1909 911 1969 Verf.
944 1909 976 1969 zu
1009 1909 1168 1969 schonen,
1195 1906 1258 1966 kein
1304 1906 1560 1966 unvorsichtigen
1586 1909 1644 1969 und
1670 1913 1875 1973 lasterhaften
1895 1915 2112 1975 Aufführung
2139 1918 2311 1978 begreiflich

248 1966 351 2026 Wort
373 1966 465 2026 mehr
487 1965 585 2025 davon
619 1963 738 2023 sagen,
760 1962 809 2022 als
837 1961 890 2021 daß
929 1963 967 2023 sie
995 1960 1022 2020 in
1061 1960 1109 2020 der
1137 1959 1278 2019 Kanter¬

248 2017 330 2077 schen
361 2017 632 2077 Buchhandlung
662 2015 791 2075 allhier,
816 2014 880 2074 wie
904 2014 974 2074 auch
999 2011 1028 2071 in
1058 2011 1175 2071 Elbing
1206 2011 1264 2071 und

254 2069 372 2129 Mitau
402 2070 413 2130 2
443 2070 478 2130 fl.
503 2068 537 2128 15
568 2067 620 2127 gr.
639 2064 756 2124 kosten.

655 2114 870 2174 Leipzig.

311 2163 495 2223 Breitkopf
525 2163 582 2223 hat
617 2162 674 2222 auf
710 2161 727 2221 3
768 2160 883 2220 Bogen
924 2158 952 2218 in
993 2157 1056 2217 Zvo
1086 2157 1270 2217 geliefert:

249 2194 333 2254 *I.
351 2210 401 2270 G.
419 2211 657 2271 Wilhelmi
680 2205 821 2265 Versuch
850 2208 935 2268 einer
959 2208 1128 2268 poetischen
1157 2203 1275 2263 Ueber¬

252 2259 400 2319 „setzung
430 2259 482 2319 des
514 2258 631 2318 Hohen
667 2255 774 2315 Liedes
810 2255 987 2315 Salomo,
1024 2254 1112 2314 nebst
1143 2252 1266 2312 einigen

266 2312 386 2372 "hierzu
420 2309 591 2369 dienlichen
619 2306 906 2366 Anmerkungen."
984 2300 1060 2360 Der
1089 2300 1154 2360 Hr.
1172 2300 1259 2360 Verf

248 2364 309 2424 hat
332 2363 381 2423 das
410 2363 510 2423 ganze
533 2357 622 2417 Buch
650 2355 705 2415 des
728 2354 840 2414 Liedes
869 2354 896 2414 in
935 2351 1097 2411 wirkliche
1120 2348 1270 2408 Gesänge

252 2414 484 2474 verwandelt,
510 2408 555 2468 wo
581 2407 733 2467 Salomo
764 2404 819 2464 und
850 2405 1027 2465 Sulamith
1058 2402 1255 2462 gegeneinan

248 2459 303 2519 der
326 2464 443 2524 sitzen,
471 2461 533 2521 und
567 2458 694 2518 verräth
728 2453 896 2513 dadurch,
930 2452 985 2512 daß
1020 2452 1047 2512 er
1081 2451 1136 2511 das
1170 2450 1270 2510 Hohe

248 2511 320 2571 Lied
343 2512 398 2572 für
421 2512 487 2572 eine
510 2512 571 2572 Art
600 2510 655 2570 von
690 2503 957 2563 Schäferstücken
991 2500 1063 2560 oder
1092 2497 1264 2557 poetischen

252 2561 450 2621 Gesprächen
485 2563 588 2623 halte.
662 2557 713 2617 Er
736 2554 884 2614 übersetzt
902 2551 930 2611 so
953 2552 1090 2612 ziemlich
1119 2551 1272 2611 fließend,

250 2608 320 2668 und
342 2608 423 2668 wird
445 2611 542 2671 Hrn.
559 2607 840 2667 Gottscheden
873 2602 948 2662 noch
981 2602 1007 2662 in
1041 2601 1137 2661 seinem
1181 2599 1267 2659 Alter

252 2657 324 2717 eine
350 2658 475 2718 Freude
501 2658 657 2718 machen,
683 2656 740 2716 daß
772 2654 802 2714 er
834 2652 885 2712 sich
917 2650 974 2710 von
1011 2652 1109 2712 denen
1146 2649 1265 2709 neuern

251 2706 445 2766 Dichtarten
474 2706 557 2766 nicht
585 2706 752 2766 hinreißen
786 2703 875 2763 läßt.
948 2701 1014 2761 Hin
1054 2702 1114 2762 und
1149 2700 1265 2760 wieder

243 2757 357 2817 hinken
385 2757 433 2817 die
456 2754 576 2814 Reime
598 2757 729 2817 etwas,
762 2757 822 2817 und
855 2754 909 2814 zur
938 2751 1145 2811 Ausfüllung
1178 2748 1259 2808 wird

245 2811 358 2871 manch
387 2805 495 2865 eignes
517 2805 719 2865 Gedänkgen
747 2805 948 2865 eingeflickt,
982 2804 1090 2864 woran
1129 2802 1177 2862 der
1200 2799 1270 2859 Kö¬

238 2859 297 2919 nig
325 2855 476 2915 Salomo
510 2851 602 2911 wohl
625 2852 700 2912 kaum
744 2854 880 2914 gedacht
903 2855 978 2915 hat.
1039 2852 1131 2912 Aber
1159 2850 1256 2910 lieber

241 2909 414 2969 Himmel!
441 2905 505 2965 wer
531 2903 601 2963 kann
634 2904 685 2964 sich
705 2906 841 2966 helfen!
867 2909 957 2969 Muß
983 2906 1015 2966 es
1035 2906 1105 2966 doch
1125 2902 1260 2962 gereimt

1308 330 1396 390 seyn.
1420 331 1538 391 Kostet
1556 333 1585 393 in
1615 333 1851 393 vorbemeldten
1881 339 2087 399 Kanterschen
2117 339 2323 399 Buchhand=

1300 383 1418 443 lungen
1454 383 1489 443 15
1520 383 1572 443 gr.

1660 530 1954 590 Fortsetzung

1424 589 1481 649 des
1504 592 1574 652 letzt
1597 595 1834 655 abgebrochnen
1864 595 2032 655 Artikels,
2062 595 2212 655 betitelt:

1472 650 1530 710 der
1570 658 1785 718 unglückliche
1819 655 2158 715 Menschenfreund!

1352 722 1397 782 Zu
1431 724 1515 784 einer
1533 727 1651 787 andern
1686 727 1753 787 Zeit
1776 727 1849 787 fand
1872 727 1928 787 der
1951 728 2058 788 König
2082 730 2109 790 in
2144 730 2233 790 einer
2251 733 2329 793 klei¬

253 776 428 836 Gleichniß
457 777 513 837 S.
530 778 614 838 237,
632 778 666 838 da
695 778 745 838 der
774 778 841 838 Hr.
859 775 960 835 Verf.
989 775 1039 835 die
1068 775 1271 835 verschiedne
1306 770 1362 830 nen
1396 772 1509 832 Stadt
1527 777 1611 837 einen
1645 778 1775 838 Mann,
1804 778 1854 838 der
1877 778 1928 838 ihm
1968 778 1996 838 zu
2025 780 2131 840 Füßen
2166 780 2233 840 fiel,
2256 781 2318 841 und

258 825 451 885 Zeitpunkte
473 825 618 885 Christi,
646 825 710 885 wie
738 824 765 884 er
798 823 845 883 sich
878 822 1077 882 ausdrückt,
1105 825 1261 885 erläutern
1311 820 1358 880 ihn
1391 819 1461 879 bat,
1478 819 1509 879 er
1532 825 1650 885 möchte
1672 825 1720 885 ihn
1747 828 1806 888 von
1840 828 1920 888 einer
1948 828 2076 888 Menge
2093 828 2152 888 von
2179 828 2324 888 Schuld¬

1305 870 1378 930 nern
1413 867 1576 927 befreyen,
1594 875 1639 935 die
1662 876 1713 936 ihn
1741 879 1826 939 keine
1849 879 1961 939 Nacht
1985 879 2081 939 ruhig
2104 879 2233 939 schlafen
2268 879 2324 939 lie¬

1300 922 1384 982 ßen.
1436 918 1514 978 Wie
1538 919 1594 979 ists
1617 925 1776 985 möglich,
1799 927 1861 987 rief
1884 927 1934 987 der
1958 927 2065 987 König
2094 930 2178 990 aus,
2202 928 2258 988 daß
2287 929 2314 989 in

1304 969 1429 1029 meinem
1470 966 1575 1026 Lande
1601 974 1812 1034 verschuldete
1838 978 2053 1038 Unterthanen
2084 978 2250 1038 wohnen,
2281 981 2315 1041 da

253 1073 372 1133 treiben
404 1073 547 1133 möchte;
573 1073 610 1133 um
656 1072 774 1132 daraus
800 1070 830 1130 zu
863 1070 993 1130 lernen,
1019 1067 1082 1127 wie
1108 1067 1170 1127 viel
1190 1067 1277 1127 Herr
1302 1064 1427 1124 Brodt
1447 1064 1471 1124 zu
1504 1068 1704 1128 verdienen?
1736 1072 1854 1132 Doch,
1880 1076 2037 1136 wohlan,
2063 1076 2144 1136 mein
2170 1077 2301 1137 Freund

1307 1115 1389 1175 Hier
1418 1112 1500 1172 habt
1528 1115 1578 1175 ihr
1606 1118 1655 1178 die
1683 1121 1865 1181 Summe,
1894 1124 1943 1184 die
1966 1124 2037 1184 euch
2071 1124 2170 1184 fehlt.
2226 1127 2319 1187 Lebet

1306 1163 1480 1223 glücklich,
1507 1163 1565 1223 und
1592 1166 1713 1226 werdet
1735 1170 1930 1230 vorsichtig,
1957 1172 2062 1232 damit
2079 1173 2126 1233 ihr
2153 1175 2237 1235 nicht
2264 1174 2327 1234 fer¬

1304 1211 1360 1271 ner
1387 1210 1428 1270 ein
1459 1213 1620 1273 betrübtes
1651 1214 1744 1274 Leben
1776 1219 1884 1279 führen
1916 1219 2050 1279 dörftet.
2113 1222 2206 1282 Kaum
2253 1222 2320 1282 war

249 1266 337 1326 mata
368 1267 467 1327 finden
498 1264 557 1324 wir
581 1267 604 1327 in
634 1265 734 1325 seinen
759 1264 865 1324 Reden
890 1264 960 1324 noch
984 1264 1090 1324 wohl,
1102 1264 1162 1324 und
1192 1261 1274 1321 seine
1304 1261 1339 1321 er
1369 1262 1476 1322 seines
1512 1264 1695 1324 Wunsches
1725 1267 1932 1327 gewähret,
1968 1270 2027 1330 und
2064 1268 2211 1328 bezahlte
2241 1271 2323 1331 seine

257 1316 386 1376 Absicht
405 1316 440 1376 ist
458 1315 558 1375 gewiß
588 1315 670 1375 ohne
688 1315 812 1375 Tadel.
860 1315 948 1375 Nur
966 1315 1019 1375 der
1043 1315 1107 1375 Hr.
1120 1312 1172 1372 M.
1185 1312 1273 1372 hatte
1310 1315 1504 1375 Schulden,
1528 1315 1575 1375 als
1605 1317 1634 1377 er
1652 1318 1787 1378 anfing,
1812 1318 1912 1378 seiner
1936 1318 2024 1378 selbst
2048 1320 2071 1380 in
2102 1321 2195 1381 seiner
2220 1321 2313 1381 neuen

249 1368 341 1428 uns,
365 1371 399 1431 da
429 1369 486 1429 wir
510 1369 613 1429 zuerst
637 1369 718 1429 seine
742 1367 892 1427 Vorrede
922 1369 1037 1429 lasen,
1061 1366 1142 1426 schon
1177 1366 1269 1426 selbst
1299 1369 1438 1429 ruhigen
1461 1369 1623 1429 Stellung
1648 1369 1844 1429 überdrüßig
1868 1371 1902 1431 zu
1932 1370 2076 1430 werden.
2123 1372 2186 1432 Ein
2216 1372 2325 1432 müßi¬

1302 1420 1358 1480 ges
1387 1419 1511 1479 Leben,
1540 1419 1641 1479 wenig
1665 1422 1862 1482 Geschäfte,
1885 1422 1947 1482 und
1976 1420 2026 1480 der
2049 1424 2179 1484 Stolz,
2213 1422 2269 1482 daß
2293 1422 2320 1482 er

1304 1467 1472 1527 nunmehr
1499 1468 1594 1528 seinen
1626 1470 1822 1530 ehemaligen
1849 1473 2049 1533 Gläubigern
2082 1473 2145 1533 mit
2166 1473 2250 1533 einer
2267 1473 2330 1533 tro¬

1306 1515 1395 1575 tzigen
1426 1515 1546 1575 Miene
1572 1518 1727 1578 begegnen
1758 1521 1898 1581 konnte,
1924 1521 2064 1581 brachten
2100 1524 2149 1584 ihn
2185 1524 2215 1584 zu
2250 1524 2300 1584 dem

1304 1563 1504 1623 Entschluß,
1530 1563 1584 1623 den
1615 1565 1810 1625 vornehmen
1841 1566 1946 1626 Mann
1976 1569 2006 1629 zu
2032 1570 2167 1630 spielen.
2202 1572 2247 1632 Er
2273 1572 2322 1632 be¬

1309 1610 1406 1670 suchte
1432 1608 1478 1668 die
1499 1608 1710 1668 Coffehäuser
1741 1607 1751 1667 —
1813 1612 1900 1672 ward
1926 1613 1972 1673 ein
2003 1616 2162 1676 Spieler,
2184 1618 2245 1678 und
2271 1619 2322 1679 zu¬

1305 1655 1396 1715 letzt,
1424 1657 1483 1717 wie
1506 1655 1538 1715 es
1560 1658 1608 1718 oft
1625 1658 1723 1718 geht,
1751 1658 1793 1718 ein
1821 1661 1978 1721 Räuber.
2039 1664 2104 1724 Als
2137 1664 2185 1724 der
2213 1667 2315 1727 König

253 1715 369 1775 burten
403 1710 415 1770 —
481 1714 546 1774 und
573 1709 657 1769 zwar
684 1709 768 1769 nicht
788 1706 905 1766 eigne,
939 1706 1069 1766 sondern
1096 1703 1265 1763 Geburten
1311 1706 1422 1766 hievon
1455 1706 1723 1766 benachrichtiget
1743 1709 1873 1769 wurde,
1907 1711 1965 1771 ließ
1998 1712 2030 1772 er
2057 1715 2108 1775 ihn
2142 1715 2174 1775 an
2214 1715 2311 1775 seinen

1306 1752 1378 1812 Hof
1404 1754 1579 1814 kommen,
1621 1757 1683 1817 und
1720 1758 1750 1818 da
1787 1757 1818 1817 er
1844 1758 1921 1818 sichs
1953 1763 2035 1823 recht
2062 1766 2315 1826 vorgenommen

1307 1805 1414 1865 hatte,
1436 1805 1490 1865 ihn
1518 1805 1610 1865 unter
1632 1807 1729 1867 seiner
1752 1811 1898 1871 Aufsicht
1915 1811 1941 1871 zu
1969 1814 2115 1874 bessern:
2142 1818 2169 1878 so
2197 1819 2321 1879 wandte

1300 1855 1333 1915 er
1356 1855 1413 1915 alle
1436 1855 1515 1915 seine
1538 1858 1789 1918 Beredsamkeit
1812 1861 1868 1921 an,
1892 1864 1942 1924 ihm
1989 1864 2039 1924 das
2069 1867 2210 1927 Unglück
2233 1867 2318 1927 einer

1305 1962 1331 2022 zu
1364 1960 1510 2020 machen.
1560 1960 1608 2020 Er
1641 1962 1717 2022 wieß
1750 1963 1803 2023 ihm
1853 1965 1918 2025 eine
1945 1966 2178 2026 anständigere
2201 1969 2324 2029 Gesell¬

1301 2012 1400 2072 schaft
1429 2011 1500 2071 an,
1523 2011 1584 2071 und
1618 2013 1767 2073 erlaubte
1801 2014 1896 2074 ihm,
1930 2014 1984 2074 daß
2024 2014 2056 2074 er
2091 2016 2185 2076 selbst
2213 2017 2318 2077 einige

1298 2059 1454 2119 Stunden
1486 2058 1510 2118 in
1541 2058 1638 2118 seinem
1679 2058 1826 2118 Zimmer
1852 2058 1882 2118 an
1913 2058 2009 2118 denen
2035 2061 2258 2121 Gesprächen,
2274 2064 2319 2124 die

1297 2106 1330 2166 er
1355 2106 1417 2166 mit
1436 2106 1533 2166 seinen
1562 2104 1802 2164 Staatsleuten
1832 2106 1952 2166 hielte,
1986 2108 2048 2168 und
2087 2109 2120 2169 an
2160 2111 2236 2171 allen
2276 2112 2328 2172 de¬

1299 2154 1359 2214 nen
1393 2154 1614 2214 unschuldigen
1649 2154 1865 2214 Vergnügen,
1877 2157 1926 2217 die
1949 2159 1998 2219 sich
2027 2158 2076 2218 der
2099 2160 2209 2220 König
2232 2157 2326 2217 selbst

1299 2202 1476 2262 erlaubte,
1504 2199 1642 2259 Antheil
1660 2202 1792 2262 nehmen
1820 2208 1941 2268 durfte.
2004 2208 2108 2268 Diese
2131 2211 2324 2271 Einschrän¬

1299 2249 1418 2309 kungen
1457 2249 1581 2309 gefielen
1620 2252 1717 2312 diesem
1761 2256 1962 2316 Menschen,
1996 2257 2125 2317 welcher
2159 2258 2212 2318 der
2235 2260 2327 2320 Aus¬

1302 2300 1567 2360 schweifungen,
1596 2300 1658 2360 wie
1687 2302 1732 2362 ein
1760 2306 1862 2366 Thier
1897 2306 1947 2366 des
1976 2309 2139 2369 Raubes,
2163 2309 2321 2369 gewohnt

1299 2348 1390 2408 war,
1418 2348 1505 2408 nicht
1528 2348 1554 2408 im
1599 2353 1800 2413 geringsten.
1871 2356 1920 2416 Er
1948 2360 2138 2420 entzündete
2172 2363 2313 2423 heimlich

1299 2397 1369 2457 eine
1386 2399 1494 2459 Fackel
1517 2399 1565 2459 der
1587 2402 1804 2462 Verrätherey
1832 2407 1930 2467 wider
1958 2411 2006 2471 des
2028 2412 2158 2472 Königs
2175 2414 2321 2474 Person.

1304 2447 1378 2507 Der
1399 2449 1620 2509 Hochverrath
1659 2453 1743 2513 ward
1775 2458 1933 2518 entdeckt,
1960 2461 2023 2521 und
2050 2461 2102 2521 der
2129 2461 2313 2521 Verräther

1305 2499 1390 2559 hatte
1413 2497 1480 2557 noch
1509 2499 1560 2559 die
1584 2505 1827 2565 Dreistigkeit,
1856 2511 1912 2571 den
1941 2512 2048 2572 König
2084 2512 2117 2572 an
2152 2510 2207 2570 sein
2242 2512 2326 2572 Ver¬

1302 2549 1440 2609 sprechen
1468 2550 1500 2610 zu
1529 2553 1694 2613 erinnern,
1722 2557 1755 2617 da
1783 2557 1810 2617 er
1833 2560 1882 2620 ihn
1910 2560 2048 2620 glücklich
2076 2558 2202 2618 machen
2231 2560 2319 2620 woll¬

1294 2599 1343 2659 te.
1394 2596 1443 2656 Er
1466 2599 1521 2659 bat
1544 2601 1583 2661 um
1622 2604 1683 2664 sein
1712 2608 1828 2668 Leben.
1878 2611 1956 2671 Wie
1979 2608 2190 2668 schmerzhaft
2213 2607 2262 2667 siel
2285 2608 2312 2668 es

1299 2649 1349 2709 dem
1394 2649 1482 2709 guten
1512 2652 1661 2712 Könige,
1673 2655 1729 2715 daß
1758 2655 1785 2715 er
1808 2655 1840 2715 an
1869 2657 1969 2717 seinem
2009 2655 2126 2715 Worte
2149 2655 2204 2715 zum
2244 2657 2321 2717 Lüg¬

1305 2697 1360 2757 ner
1382 2699 1503 2759 werden
1532 2703 1664 2763 mußte!
1692 2708 1924 2768 Ohngeachtet
1952 2703 2023 2763 aller
2057 2706 2305 2766 großmüthigen

1298 2748 1478 2808 Neigung,
1505 2750 1552 2810 die
1574 2754 1600 2814 er
1627 2757 1797 2817 empfand,
1824 2754 1945 2814 Gnade
1967 2754 2216 2814 auszutheilen,
2243 2755 2311 2815 war

1303 2799 1360 2859 das
1389 2802 1550 2862 Geschrey
1586 2804 1637 2864 der
1667 2808 1908 2868 Gerechtigkeit
1938 2804 1960 2864 in
2001 2803 2099 2863 seinem
2146 2805 2301 2865 Gewissen

1298 2849 1438 2909 stärker.
1495 2851 1543 2911 Er
1568 2857 1678 2917 mußte
1697 2858 1752 2918 den
1783 2855 2010 2915 undankbaren
2042 2856 2225 2916 Verräther
2244 2860 2317 2920 auf¬

1304 2903 1427 2963 hängen
1452 2903 1559 2963 laßen.

2207 2957 2315 3017 Bald
