2479 3508
1021 339 1267 399 Ueberschrift:

244 342 302 402 het
331 339 390 399 des
425 339 577 399 Prinzen
614 339 794 399 Brustbild
836 341 900 401 mit
936 341 987 401 der

1031 384 1103 444 Die
1136 388 1274 448 Gegen=

246 386 404 446 Gustavus
430 386 584 446 Princeps
605 386 712 446 Haer.
728 389 846 449 Regni
872 389 974 449 Suec.

249 437 326 497 seite
347 437 444 497 stellet
465 437 511 497 die
538 438 816 498 Gustavianische
842 439 1017 499 Akademie
1038 437 1115 497 vor,
1141 437 1203 497 mit
1219 437 1265 497 der

251 488 494 548 Ueberschrift:
537 485 605 545 Tua
632 487 679 547 sum
722 488 790 548 Tua
817 488 901 548 dicar
928 488 1080 548 oportet.

1160 488 1261 548 Unten

542 536 749 596 Cancellario
781 536 832 596 suo
864 539 1019 599 Sereniss.

254 539 378 599 stehet.

620 586 805 646 Academia
827 586 908 646 Vps.

547 637 596 697 A.
647 637 998 697 MDCCLXIV.

540 712 707 772 Paris,
738 712 791 772 den
834 712 892 772 18.
924 710 1012 770 Dec.

303 760 372 820 Aus
400 757 448 817 den
481 760 675 820 Einkünften
720 760 768 820 der
801 759 947 819 Königl.
969 759 1271 819 Oeconomiestücke

255 810 319 870 sind
345 807 455 867 50000
486 807 596 867 Livres
622 810 677 870 zum
723 807 798 867 Bau
829 807 879 867 der
904 807 1095 867 juristischen
1126 807 1186 867 und
1211 806 1271 866 me¬

252 860 436 920 dicinischen
469 858 588 918 Classen
616 858 642 918 in
675 858 805 918 hiesiger
838 855 1044 915 Hauptstadt
1066 856 1260 916 angewiesen

253 908 405 968 worden.
455 906 558 966 Diese
578 909 676 969 beyde
701 906 779 966 neue
804 903 966 963 Gebäude
991 903 1114 963 werden
1144 906 1173 966 zu
1203 905 1276 965 bey¬

254 957 305 1017 den
337 959 455 1019 Seiten
486 957 537 1017 des
574 956 713 1016 Platzes
749 956 805 1016 von
842 957 893 1017 der
930 954 1032 1014 neuen
1069 957 1182 1017 Kirche
1208 954 1265 1014 von

257 1006 330 1066 St.
348 1007 541 1067 Genevieve
570 1004 779 1064 aufgeführt.

511 1079 724 1139 Madrit,
747 1078 803 1138 den
843 1078 904 1138 28.
927 1077 1028 1137 Nov.

308 1129 410 1189 Unsre
438 1130 561 1190 Briefe
589 1127 648 1187 von
681 1124 826 1184 Lissabon
860 1127 1010 1187 melden,
1033 1127 1092 1187 daß
1130 1130 1189 1190 seit
1222 1127 1276 1187 der

254 1179 391 1239 Abreise
413 1177 465 1237 des
492 1175 618 1235 Grafen
656 1175 713 1235 von
751 1175 804 1235 der
831 1177 1179 1237 Lippe=Bückeburg,
1206 1175 1274 1235 eine

261 1227 360 1287 starke
388 1224 559 1284 Desertion
604 1225 697 1285 unter
731 1225 786 1285 den
825 1223 1068 1283 portugisischen
1113 1225 1267 1285 Truppen

260 1276 430 1336 herrsche.

522 1324 769 1384 Mayland,
789 1324 845 1384 den
878 1324 921 1384 8.
948 1322 1035 1382 Dec.

310 1374 387 1434 Der
418 1375 575 1435 Kayserin
618 1375 762 1435 Königin
799 1375 968 1435 Majestät
999 1376 1095 1436 haben
1138 1378 1173 1438 in
1216 1377 1288 1437 hie¬

255 1428 334 1488 siger
363 1428 482 1488 Stadt
511 1427 579 1487 eine
608 1427 710 1487 Bau=
733 1428 795 1488 und
835 1431 1199 1491 Bildhauerakademie
1234 1428 1284 1488 ge=

253 1479 377 1539 stiftet,
406 1479 463 1539 und
498 1479 623 1539 bereits
657 1479 713 1539 alle
748 1479 879 1539 nöthige
902 1480 1015 1540 Fonds
1050 1482 1078 1542 zu
1118 1479 1271 1539 derselben

256 1530 443 1590 Unterhalt
466 1530 625 1590 anweisen
660 1530 779 1590 laßen.

415 1597 820 1657 Constantinopel,
846 1598 898 1658 den
935 1596 997 1656 17.
1024 1599 1121 1659 Nov.

302 1640 387 1700 Das
419 1645 519 1705 Haus
552 1643 604 1703 des
642 1644 737 1704 Hrn.
764 1645 902 1705 Magy,
929 1646 1013 1706 eines
1051 1645 1273 1705 französischen

260 1695 481 1755 Kaufmanns
513 1691 543 1751 in
580 1691 677 1751 dieser
709 1688 822 1748 Stadt
859 1691 921 1751 hat
957 1691 1003 1751 sich
1045 1692 1215 1752 insolvent
1241 1689 1287 1749 er¬

260 1745 360 1805 klärt.
435 1742 513 1802 Der
551 1742 735 1802 ehemalige
773 1739 1005 1799 Gouverneur
1043 1740 1100 1800 von
1143 1742 1275 1802 Cyperr

259 1793 353 1853 Abdy
384 1793 454 1853 Aga
490 1790 525 1850 ist
556 1792 609 1852 vor
645 1793 680 1853 14
722 1793 828 1853 Tagen
865 1793 1030 1853 erbroßelt
1061 1790 1208 1850 worden.

488 1864 747 1924 Warschau,
781 1867 831 1927 den
876 1867 938 1927 27.
967 1867 1062 1927 Dec.

316 1915 448 1975 Freytag
485 1916 538 1976 des
569 1918 743 1978 Morgens
774 1918 810 1978 um
859 1918 870 1978 3
907 1920 979 1980 Uhr
1004 1919 1075 1979 ging
1112 1918 1166 1978 der
1197 1918 1287 1978 Krö¬

262 1969 534 2029 nungsreichstag
563 1969 733 2029 ordentlich
762 1969 790 2029 zu
819 1969 927 2029 Ende.
1001 1971 1051 2031 Am
1092 1969 1279 2029 Dienstage

261 2020 368 2080 kamen
407 2019 455 2079 die
482 2020 709 2080 Forderungen
748 2022 780 2082 an
818 2017 871 2077 das
910 2023 1094 2083 Churhaus
1127 2020 1272 2080 Sachsen

259 2070 341 2130 vor,
375 2070 491 2130 welche
531 2070 608 2130 Sr.
631 2073 736 2133 Maj.
759 2070 847 2130 selbst
875 2073 969 2133 durch
1003 2072 1142 2132 gütliche
1165 2070 1286 2130 Unter¬

258 2118 470 2178 handlungen
507 2121 698 2181 beyzulegen
735 2121 1000 2181 unternahmen.
1075 2121 1149 2181 Der
1182 2119 1281 2179 Russ.

264 2166 583 2226 Generallieutnant
615 2166 713 2226 Fürst
744 2168 867 2228 Caspar
904 2169 1121 2229 Lubomirski
1153 2166 1276 2226 machte

263 2217 442 2277 gleichfalls
469 2214 537 2274 eine
569 2216 769 2276 ansehnliche
802 2214 991 2274 Forderung
1018 2217 1054 2277 an
1092 2216 1149 2276 das
1176 2214 1287 2274 Chur¬

259 2267 364 2327 haus.
413 2264 460 2324 Am
503 2264 678 2324 Mittwoch
705 2262 838 2322 wurden
865 2263 912 2323 die
934 2264 1273 2324 Grenzstreitigkeiten

260 2315 508 2375 vorgetragen,
535 2312 592 2372 und
619 2312 672 2372 der
693 2312 1058 2372 Grzumulkowskische
1079 2312 1216 2372 Tractat
1238 2312 1285 2372 er¬

260 2366 390 2426 neuret,
416 2363 653 2423 Commissarii
673 2363 845 2423 ernennet,
871 2363 931 2423 und
962 2363 1002 2423 ein
1038 2363 1133 2423 neues
1164 2362 1284 2422 Bünd¬

259 2417 310 2477 niß
334 2417 391 2477 mit
409 2414 565 2474 Rußland
595 2414 744 2474 beliebet.
769 2414 843 2474 Die
861 2411 1093 2471 Reichsgrafen
1116 2411 1272 2471 Friedrich

261 2466 319 2526 und
347 2466 433 2526 Carl
456 2467 509 2527 von
542 2464 661 2524 Brühl
678 2461 834 2521 schwuren
867 2461 916 2521 den
944 2458 1003 2518 Eid
1030 2463 1078 2523 der
1101 2461 1209 2521 Treue
1231 2460 1279 2520 der

257 2512 447 2572 Republik.
518 2515 602 2575 Das
629 2514 713 2574 letzte
735 2510 1170 2570 Kronmundschenkenamt
1197 2511 1281 2571 ward

260 2563 297 2623 an
329 2563 376 2623 den
408 2566 587 2626 Starosten
619 2563 672 2623 von
704 2563 847 2623 Glinian
868 2563 1005 2623 Potocki
1021 2563 1179 2623 gegeben.
1206 2560 1280 2620 Der

261 2610 432 2670 Verfasser
466 2614 515 2674 des
549 2614 759 2674 Compendii
782 2614 909 2674 politici
938 2614 998 2674 von
1032 2611 1198 2671 Pohlen,
1231 2611 1281 2671 ein

265 2661 422 2721 Franzose
446 2660 586 2720 Pyrhus
615 2664 626 2724 a
649 2661 830 2721 Varillaus
853 2661 909 2721 hat
933 2661 1107 2721 gleichfalls
1136 2661 1192 2721 das
1215 2658 1260 2718 In

260 2710 398 2770 digenat
419 2709 583 2769 erhalten.
631 2712 678 2772 Am
716 2712 944 2772 Donnerstage
971 2712 1098 2772 wurden
1130 2709 1177 2769 die
1199 2709 1289 2769 Con¬

260 2757 615 2817 föderationsgerichte
643 2757 701 2817 von
728 2763 913 2823 Lithauen,
945 2763 1009 2823 und
1047 2762 1094 2822 die
1121 2760 1290 2820 General¬

262 2808 506 2868 confoderation
544 2808 636 2868 durch
664 2809 810 2869 Decrete
832 2814 1005 2874 bestätigt.
1071 2811 1152 2871 Dem
1196 2810 1287 2870 Hrn.

270 2855 452 2915 Marschall
475 2855 596 2915 sowohl
619 2855 673 2915 vom
713 2857 812 2917 letzten
840 2861 962 2921 Wahl=
984 2862 1034 2922 als
1068 2860 1289 2920 gegenwärti=

262 2913 318 2973 gen
356 2909 726 2969 Krönungsreichstage
765 2913 884 2973 machte
922 2915 991 2975 man
1030 2915 1149 2975 60000
1187 2915 1261 2975 poln

1309 342 1471 402 Gulden,
1505 342 1564 402 und
1602 342 1673 402 auch
1711 342 1759 402 dem
1814 345 1976 405 Secretär
2010 343 2178 403 gedachter
2205 342 2340 402 Reichs¬

1302 389 1379 449 tage
1405 389 1518 449 16000
1555 389 1647 449 poln.
1674 389 1808 449 Gulden
1844 394 1926 454 aus.
1999 389 2076 449 Die
2103 392 2324 452 Bestätigung

1311 440 1364 500 des
1387 437 1538 497 Herzogs
1566 437 1663 497 Ernst
1685 439 1826 499 Johann
1854 441 1880 501 in
1908 443 1962 503 der
1979 440 2097 500 Person
2142 443 2239 503 seines
2261 440 2342 500 Erb¬

1305 487 1429 547 prinzen
1461 485 1565 545 Peter
1586 485 1643 545 soll
1669 488 1721 548 den
1758 488 1862 548 letzten
1894 491 2081 551 December
2113 493 2138 553 in
2175 491 2226 551 der
2253 491 2336 551 Ver¬

1309 536 1489 596 sammlung
1516 536 1568 596 des
1594 538 1728 598 Staats
1749 539 1936 599 geschehen.
2014 544 2102 604 Man
2139 542 2330 602 verordnete

1310 586 1456 646 darauf,
1482 586 1537 646 daß
1573 586 1628 646 von
1664 586 1734 646 jetzt
1760 587 1794 647 an
1831 586 1952 646 immer
1978 590 2048 650 noch
2089 591 2129 651 ein
2165 595 2321 655 Castellan

1309 634 1414 694 Busk
1439 634 1469 694 im
1520 637 1641 697 Senat
1667 638 1732 698 und
1763 639 1838 699 drey
1874 637 2130 697 Kronsecretärs
2167 643 2227 703 und
2257 643 2322 703 drey

1314 682 1541 742 Kronnotarii
1568 686 1636 746 seyn
1679 688 1795 748 sollen.
1870 685 1948 745 Die
1981 690 2155 750 Assessores
2187 691 2224 751 zu
2266 694 2324 754 den

1310 735 1650 795 Assessorialgerichten
1683 738 1742 798 und
1770 739 1823 799 den
1851 739 2126 799 Kriegscollegiis
2148 739 2175 799 in
2197 745 2321 805 Pohlen

1311 784 1369 844 und
1407 784 1592 844 Lithauen,
1624 787 1699 847 auch
1737 788 1789 848 die
1822 789 1980 849 Herren,
2014 791 2130 851 welche
2162 792 2326 852 beständig

1310 832 1373 892 aus
1405 832 1458 892 dem
1501 832 1623 892 Senat
1650 836 1702 896 bey
1746 837 1798 897 dem
1846 838 1978 898 Könige
2011 840 2069 900 zum
2117 843 2228 903 Rathe
2260 843 2323 903 seyn

1311 882 1459 942 müssen,
1484 879 1618 939 wurden
1648 882 1717 942 auch
1742 888 1906 948 ernannt,
1936 889 1995 949 und
2020 888 2074 948 bey
2100 891 2153 951 der
2174 894 2341 954 Gelegen¬

1317 934 1380 994 heit
1402 932 1455 992 den
1487 930 1630 990 Städten
1662 930 1709 990 ihr
1742 937 1927 997 bisheriges
1949 941 2134 1001 Vorrecht,
2162 943 2230 1003 blos
2268 943 2320 1003 von

1317 981 1369 1041 den
1396 981 1501 1041 Herrn
1534 979 1692 1039 Kanzlern
1724 982 1750 1042 im
1788 986 1925 1046 Namen
1957 990 2009 1050 des
2036 991 2184 1051 Königes
2216 992 2337 1052 gerich¬

1316 1028 1360 1088 tet
1386 1028 1415 1088 zu
1451 1028 1602 1088 werden,
1637 1029 1849 1089 ohngeachtet
1875 1034 1924 1094 der
1955 1038 2086 1098 jetzigen
2121 1043 2222 1103 neuen
2253 1040 2337 1100 Ein=

1315 1078 1460 1138 richtung
1488 1076 1542 1136 des
1564 1076 1650 1136 Hof=
1667 1079 1736 1139 oder
1759 1085 2083 1145 Assessorialgerichts
2111 1091 2235 1151 gelaßen
2268 1091 2327 1151 und

1320 1127 1499 1187 bestätiget.
1549 1127 1674 1187 Wegen
1702 1127 1755 1187 der
1778 1131 2006 1191 Protestanten
2034 1139 2137 1199 redete
2165 1139 2213 1199 der
2235 1142 2333 1202 Fürst

1327 1178 1462 1238 Primas
1491 1175 1536 1235 als
1571 1177 1615 1237 ein
1650 1178 1881 1238 vernünftiger
1899 1183 2012 1243 Herr,
2035 1187 2085 1247 als
2120 1190 2165 1250 ein
2194 1187 2335 1247 christli¬

1319 1225 1384 1285 cher
1413 1225 1628 1285 Erzbischof,
1651 1227 1712 1287 und
1751 1228 1795 1288 als
1829 1228 1872 1288 ein
1906 1233 2150 1293 Staatskluger
2172 1239 2338 1299 Primas,

1319 1276 1374 1336 und
1402 1278 1497 1338 stellte
1520 1276 1569 1336 den
1603 1276 1760 1336 Ständen
1789 1278 1866 1338 alles
1889 1279 2039 1339 Nöthige
2063 1282 2140 1342 vor,
2169 1287 2258 1347 allein
2287 1291 2336 1351 die

1327 1330 1472 1390 Materie
1494 1330 1591 1390 muste
1613 1330 1829 1390 abgebrochen
1856 1330 2012 1390 werden,
2040 1330 2094 1390 daß
2127 1333 2158 1393 es
2191 1336 2266 1396 alles
2300 1336 2326 1396 so

1321 1382 1506 1442 geblieben,
1533 1381 1590 1441 wie
1612 1381 1638 1441 es
1665 1381 1723 1441 auf
1744 1381 1792 1441 dem
1835 1381 1935 1441 letzten
1962 1384 2337 1444 Convocationsreichs¬

1309 1432 1383 1492 tage
1405 1434 1607 1494 bestanden,
1629 1434 1693 1494 und
1720 1434 1810 1494 durch
1848 1434 1896 1494 die
1918 1432 2024 1492 Pacta
2051 1437 2222 1497 Conventa
2260 1437 2339 1497 befe=

1313 1482 1386 1542 stigt
1408 1479 1529 1539 worden
1567 1482 1619 1542 ist.
1673 1482 1746 1542 Der
1779 1483 2081 1543 Reichsmarschall
2103 1488 2187 1548 hielt
2214 1488 2308 1548 darau

1318 1527 1364 1587 die
1390 1529 1606 1589 gewöhnliche
1627 1530 1947 1590 Abdankungsrede,
1973 1533 2035 1593 und
2061 1536 2138 1596 alles
2164 1537 2236 1597 ging
2257 1537 2313 1597 zum

1319 1573 1478 1633 Throne,
1507 1574 1584 1634 Sr.
1607 1575 1756 1635 Königl.
1784 1578 1889 1638 Maj.
1918 1578 1967 1638 die
2001 1578 2106 1638 Hand
2145 1586 2178 1646 zu
2218 1587 2339 1647 küssen,

1319 1622 1451 1682 worauf
1472 1621 1546 1681 Sr.
1567 1622 1662 1682 Maj.
1683 1622 1772 1682 durch
1805 1623 1857 1683 des
1884 1625 1973 1685 Hrn.
1995 1628 2326 1688 Krongroßkanzlers

1322 1670 1479 1730 Excellenz
1512 1670 1561 1730 dem
1605 1670 1799 1730 Reichstage
1827 1672 1881 1732 den
1920 1676 2158 1736 gewöhnlichen
2196 1682 2326 1742 Schluß

1317 1718 1440 1778 machen
1477 1718 1605 1778 ließen,
1642 1720 1703 1780 und
1734 1721 1785 1781 zum
1838 1724 1884 1784 Te
1915 1725 2012 1785 Deum
2059 1730 2239 1790 laudamus
2271 1735 2322 1795 den

1320 1766 1353 1826 um
1398 1769 1436 1829 11
1465 1769 1530 1829 Uhr
1553 1769 1580 1829 in
1615 1771 1664 1831 der
1687 1772 1897 1832 Pfarrkirche
1931 1775 1958 1835 zu
1998 1778 2169 1838 haltenden
2198 1781 2342 1841 Gottes¬

1314 1819 1433 1879 dienst,
1456 1819 1493 1879 da
1527 1819 1673 1879 ohnedem
1724 1822 1778 1882 das
1805 1825 2023 1885 Thomasfest
2045 1828 2214 1888 begangen
2247 1831 2339 1891 wur¬

1317 1868 1379 1928 de,
1402 1871 1464 1931 und
1488 1870 1555 1930 jetzo
1578 1870 1605 1930 in
1634 1873 1685 1933 der
1708 1873 1821 1933 Nacht
1845 1871 1900 1931 kein
1929 1879 2161 1939 Gottesdienst
2185 1882 2325 1942 gehalten

1312 1924 1433 1984 werden
1466 1924 1603 1984 konnte,
1630 1926 1810 1986 ansetzten,
1837 1927 1921 1987 wozu
1959 1929 2012 1989 sich
2044 1930 2118 1990 auch
2150 1933 2240 1993 nebst
2262 1935 2335 1995 Sr.

1320 1978 1414 2038 Maj.
1437 1978 1492 2038 alle
1515 1978 1703 2038 Magnaten
1737 1978 1798 2038 und
1821 1981 1987 2041 Edelleute
2010 1981 2204 2041 einfanden.

1631 2079 2028 2139 AVERTISSEMENT.

1368 2130 1442 2190 Der
1466 2130 1610 2190 Königl.
1629 2130 1912 2190 Hofuhrmacher,
1936 2133 2023 2193 Herr
2047 2136 2197 2196 Abraham
2238 2143 2336 2203 Tous¬

1323 2181 1418 2241 saint,
1441 2181 1576 2241 welcher
1605 2179 1627 2239 in
1667 2178 1717 2238 der
1741 2181 2124 2241 Landhofmeisterstrasse
2159 2191 2333 2251 gewohne,

1318 2229 1370 2289 bey
1398 2229 1450 2289 der
1472 2229 1582 2289 großen
1615 2229 1858 2289 Feuersbrunst
1880 2231 1953 2291 aber
1975 2233 2181 2293 abgebrannt
2203 2240 2255 2300 ist,
2288 2243 2335 2303 lo¬

1322 2280 1402 2340 giret
1426 2279 1489 2339 jetzt
1513 2277 1536 2337 in
1565 2278 1618 2338 der
1641 2279 1896 2339 Kneiphöfschen
1926 2285 2117 2345 Langgasse.
2164 2288 2251 2348 Auch
2280 2290 2337 2350 hat

1321 2327 1349 2387 er
1384 2329 1451 2389 eine
1492 2327 1696 2387 ansehnliche
1725 2333 1879 2393 Parthey
1913 2336 2061 2396 Londner
2095 2339 2157 2399 und
2193 2342 2328 2402 Pariser

1324 2378 1427 2438 Uhren
1455 2378 1482 2438 zu
1516 2381 1706 2441 verkaufen.

1334 2480 1668 2540 Wechsel-Cours
1690 2479 1703 2539 &
1760 2488 1913 2548 Species
1934 2487 1975 2547 d.
1990 2489 2059 2549 10.
2080 2494 2185 2554 Jan.
2206 2497 2331 2557 1765.

1907 2533 1954 2593 71
1973 2543 2160 2603 Tage307½
2185 2548 2232 2608 gr.

1330 2533 1513 2593 Amsterdam
1551 2537 1594 2597 41
1616 2535 1702 2595 Tage
1719 2539 1778 2599 309
1805 2539 1853 2599 gr.

1326 2587 1495 2647 Hamburg
1527 2579 1539 2639 3
1566 2586 1621 2646 W.
1641 2590 1704 2650 134
1723 2593 1773 2653 gr.

1870 2584 1889 2644 6
1921 2589 1972 2649 W.
1991 2596 2080 2656 133½
2107 2593 2157 2653 gr.

1324 2635 1433 2695 Berlin

1836 2641 1982 2701 Dantzig
2017 2641 2051 2701 26
2087 2638 2140 2698 pr.
2158 2641 2233 2701 Cto.

1322 2685 1467 2745 Ducaten
1489 2683 1570 2743 neue
1586 2685 1596 2745 9
1624 2687 1656 2747 fl.
1672 2690 1682 2750 3
1700 2693 1747 2753 gr.

1885 2688 2017 2748 Alberts
2034 2688 2128 2748 Taler
2151 2691 2206 2751 130
2235 2691 2283 2751 gr.

1326 2736 1440 2796 Rubel
1459 2736 1519 2796 113
1550 2740 1604 2800 gr.

1787 2736 1838 2796 Alt
1856 2739 1996 2799 Polnisch
2020 2739 2089 2799 Geld
2113 2744 2176 2804 133
2200 2747 2246 2807 pr.
2259 2748 2333 2808 Cto.

1319 2829 1414 2889 Diese
1435 2832 1577 2892 Gelehrte
1594 2830 1646 2890 und
1673 2832 1836 2892 Politische
1852 2835 1978 2895 Zeitung
2005 2835 2078 2895 wird
2100 2835 2147 2895 des
2174 2841 2326 2901 Montag¬

1428 2876 1485 2936 und
1517 2873 1662 2933 Freytags
1683 2876 1886 2936 Vormittags
1907 2876 1943 2936 um
1980 2876 2005 2936 10
2037 2876 2094 2936 Uhr
2115 2877 2141 2937 in
2167 2881 2214 2941 dem

1505 2918 1701 2978 Kanterschen
1729 2921 1904 2981 Buchladen
1937 2921 2144 2981 ausgegeben.
