2479 3508
207 312 1247 382 ich in meinen Abhandlungen von den Lei¬
213 389 1244 465 den des Erlösers nach Veranlassung der
216 447 1247 516 Schwierigkeit, daß GOtt, wenn derselbe für alle
222 504 1251 578 Menschen gelitten hat, die Strafen der Süͤnden de¬
213 576 1244 644 rer, welche verdammt werden, zweimal vollziehe,
216 643 1241 736 es theils für eine unschädliche Lehre erklärt habe,
222 717 1244 779 wenn man dieser Schwierigkeit auszuweichen an
216 780 1239 839 nehme, daß das Verdienst Christi auch noch endlich
216 840 1252 910 den Verdammten werde zugerechnet werden, theils
219 903 1252 981 diese Auflösung derselben als vernunft- und schrift¬
216 964 1247 1043 mäßiger vorgestellt habe, als diejenige, daß Christus
219 1034 1250 1103 für diejenigen welche verdammt werden, nicht ge¬
213 1090 1248 1159 litten habe. Allein ich habe gar nicht solcher Auflö¬
213 1158 1248 1247 sung einen ausdrücklichen Beifall gegeben, sondern
213 1221 1252 1295 dieselbe blos als die möglichere und mehrscheinliche¬
216 1296 1247 1368 re vorgestellt: und nachdem es in einer für allerley
224 1368 1247 1434 Leser ausgefertigten Schrift mir sicherer zu seyn
219 1431 1248 1506 geschienen, den Nutzen des Verdienstes Christi auch
210 1498 1246 1566 an denen, welche verloren werden, zu erweisen, da
219 1566 1248 1632 solches theologische Gründe erforderte, welche ich
219 1620 1238 1686 nicht bey allerley Lesern voraussetzen können, nich
219 1684 1238 1756 nachher unterlassen, solchen in meiner Dogmatik zu
213 1742 1251 1820 erweisen, und also die gedachte Schwierigkeit ohne
222 1811 1251 1890 Annehmung einer endlichen Wiederbringung der
219 1874 706 1969 Verdammten zu heben.
261 2009 1241 2075 Ich eile zu der von mir angezeigten Schrift.
224 2078 1234 2145 Mein Gewissen giebt mir Zeugniß vor GOtt, daß
211 2149 1235 2213 ich solche mit der lautersten Absicht, einen der
223 2202 1235 2283 scheinbarsten Anstösse an der Göttlichkeit der heili
219 2278 1242 2336 gen Schrift aus dem Wege zu räumen, und also
222 2335 1247 2405 Glauben und Gehorsam gegen dieselbe zu befördern
219 2419 1248 2476 ausgefertigt habe. Nun würde ich mich nicht zu¬
219 2464 1244 2541 frieden geben können, wenn ich dieselbe auf eine so
219 2526 1248 2599 verkehrte Weise eingerichtet haben solte, daß die
222 2599 1244 2675 Zweifel und Anstösse dadurch eher vermehrt als
231 2661 1246 2732 vermindert worden wären. Es soll dieses nach
211 2730 1242 2808 Inhalt der Anzeige wirklich theils durch die Anmer,
213 2808 1250 2861 kungen geschehen seyn, welche ich über die vorhan¬
211 2871 1247 2936 denen Beweisthümer gemacht habe, theils durch die
1278 307 2310 407 von mir behauptete Möglichkeit augenscheinliche¬
1282 390 2313 476 rer Beweisthümer. Allein meine gantze Beur¬
1276 450 2302 531 theilung der von GOtt für die Offenbarung wirklich
1278 518 2309 609 verliehenen Beweisthümer vereinigt sich nach §. 19.
1274 587 2307 668 blos dahin, daß solche, wenn sie zu Ende gebracht
1279 642 2309 723 werden sollen, Erkenntnisse erfordern, welche nur
1278 714 2303 795 wenige Menschen besitzen, und daß sie keine mathe,
1281 787 2301 868 matische sondern eine moralische Gewißheit mit sich
1278 844 2305 919 führen. Nun ist nicht nur beydes unläugbar, und
1281 900 2300 994 alle Theologen haben den letztern Punkt einstimmig
1285 984 2305 1047 gelehrt; sondern wie wenig ich auch damit diesen
1287 1034 2306 1125 Beweisthümern ihre Hinlänglichkeit zur Ueberzeu¬
1278 1111 2305 1178 gung abspreche, davon zeuget mein ganzer Vortrag.
1279 1173 2314 1243 Ich behaupte, daß diese Beweisthümer zu Ende ge¬
1285 1220 2310 1305 bracht, und die Wahrheit der Wunder und Weissa¬
1282 1304 2292 1383 gungen, auf welchen sie beruhen, unwiderleglich
1285 1360 2307 1441 nach allen Merkmalen der historischen Wahrheit er¬
1276 1436 2307 1510 kannt werden könne §. 18. Ungelehrte aber, wel¬
1282 1502 2311 1570 che diese Untersuchung nicht anstellen können, ohne
1282 1567 2305 1645 Vollendung des Beweises überzeugt werden §. 13.
1282 1629 2302 1703 Und ich behaupte von der dadurch möglichen mora¬
1279 1699 2303 1762 lischen Gewißheit so gar, daß sie die Stärke einer
1282 1755 2307 1828 völligen Gewißheit habe, und widersetze mich
1285 1824 2303 1891 denjenigen, welche solche auf mathematische Beweis¬
1276 1889 2301 1977 thümer einschränken §. 18. Alles was ich in An¬
1279 1960 2298 2033 sehung des Beweises aus den Wundern insonderheit
1285 2013 2309 2105 erinnere, ist, daß die Wahrheit derselben von uns
1276 2093 2301 2157 in unsern Tagen geglaubt, und daher nach den Re=
1288 2160 2305 2228 geln des historischen Glaubens untersucht werden
1282 2223 2294 2293 muß, wenn die Erkenntniß derselben überzeugend
1291 2278 2303 2355 seyn soll. Aber damit wird solche wahrhaftig nicht
1282 2353 2294 2432 verdächtig, da die Nachricht von derselben die ganze
1287 2411 2311 2494 Probe nach diesen Regeln aushält: und ich behaupte
1281 2476 2307 2555 solches aufs seyerlichste §. 18. Mithin behält
1276 2546 2305 2620 auch der Beweis der Göttlichkeit der heiligen
1281 2605 2307 2683 Schrift aus dem Zeugniß JEsu seine ganze
1279 2670 2309 2736 Kraft: nachdem unsre Ueberzeugung, daß er ein
1276 2731 2298 2809 zu einem untrüglichen Zeugnisse darüber geschick¬
1282 2806 2305 2869 ter Gesandte GOttes an die Menschen gewesen, auf
1273 2863 2298 2950 den von ihm zum Beweis seiner Sendung verrichte=
2232 2941 2309 3011 ten
