2479 3508
162 366 238 426 halb
271 366 392 426 Landes
419 360 508 420 selbst
534 357 758 417 Gelegenheit
778 360 899 420 genung
939 360 1098 420 gefunden
1131 356 1182 416 ha¬

159 415 237 475 ben,
267 415 340 475 ihre
369 410 499 470 Schiffe
534 407 596 467 und
630 407 743 467 Güter
773 410 965 470 assecuriren
1000 410 1028 470 zu
1068 410 1181 470 lassen,

171 464 300 524 sondern
333 461 354 521 in
387 458 479 518 denen
507 456 636 516 meisten
675 460 788 520 Fällen
821 461 1010 521 gemüßiget
1039 460 1173 520 gewesen

166 514 252 574 sind,
276 511 328 571 sich
352 506 490 566 deshalb
514 509 572 569 mit
602 507 763 567 Aufwand
799 509 961 569 mehrerer
991 509 1106 569 Kosten
1142 509 1176 569 an

164 560 389 620 Auswärtige
411 557 442 617 zu
474 558 625 618 wenden.

214 607 275 667 Als
300 606 399 666 haben
431 606 504 666 Wir
529 610 584 670 auf
610 610 974 670 allerunterthänigstes
1013 607 1172 667 Ansuchen

158 656 299 716 Unserer
327 658 479 718 getreuen
512 658 818 718 Kaufmannschaft
851 658 922 718 Uns
950 658 1184 718 allergnädigst

163 706 384 766 entschlossen,
412 708 439 768 in
467 709 605 769 Unserer
628 706 876 766 Residenzstadt
899 706 1014 766 Berlin
1042 706 1108 766 eine
1131 708 1185 768 As=
1219 703 1279 763 auf
1302 703 1346 763 ein
1380 703 1622 763 Westindisches

167 757 467 817 securanzkammer
506 757 653 817 errichten
690 757 721 817 zu
759 757 869 817 lassen,
896 757 1012 817 welche
1039 757 1117 817 Wir
1144 756 1170 816 in

167 804 288 864 Unsere
310 807 453 867 Königl.
469 807 665 867 Protection
692 804 850 864 nehmen,
877 804 935 864 und
967 804 1062 864 unter
1095 805 1184 865 nach¬

166 855 332 915 stehenden
360 855 632 915 Bedingungen,
655 855 682 915 so
711 855 771 915 auf
794 855 838 915 die
867 855 1089 915 Befestigung
1123 855 1183 915 die¬

164 904 208 964 ses
239 903 507 963 Etablissements
533 905 696 965 abzielen,
721 903 888 963 octroyren
919 906 1055 966 wollen.

214 946 291 1006 Wir
314 951 391 1011 thun
425 954 497 1014 auch
525 954 641 1014 solches
670 955 803 1015 hiemit,
826 957 886 1017 und
914 957 936 1017 in
964 957 1064 1017 Kraft
1081 954 1174 1014 dieses

155 1001 214 1061 für
237 1002 308 1062 Uns
330 1002 395 1062 und
423 1001 544 1061 Unsere
566 1004 796 1064 Thronfolger
819 1004 878 1064 und
906 1005 1092 1065 accordiren

208 1052 250 1112 1)
283 1050 379 1110 dieser
411 1052 758 1112 Assecuranzkammer
791 1052 833 1112 ein
871 1055 1181 1115 unwiederufliches

158 1097 280 1157 Octroy
308 1099 368 1159 auf
391 1099 541 1159 Dreyßig
570 1100 708 1160 Jahre,
747 1101 808 1161 vom
848 1103 931 1163 1sten
965 1105 1070 1165 Junii
1087 1106 1175 1166 1765

152 1145 188 1205 an
220 1148 406 1208 gerechnet,
427 1148 453 1208 so
485 1148 541 1208 daß
568 1148 723 1208 während
750 1148 848 1208 dieser
870 1151 942 1211 Zeit
963 1154 1046 1214 keine
1062 1154 1181 1214 andere

159 1196 506 1256 Assecuranzkammer
522 1196 553 1256 an
579 1196 683 1256 keinem
720 1198 797 1258 Orte
824 1198 849 1258 in
881 1198 1000 1258 Unsern
1031 1201 1181 1261 Provin¬

156 1243 214 1303 zen
244 1241 302 1301 soll
323 1243 474 1303 etabliret
500 1243 622 1303 werden
657 1244 794 1304 können,
819 1246 867 1306 die
893 1249 975 1309 nicht
996 1249 1049 1309 von
1079 1249 1177 1309 dieser

157 1290 328 1350 abhängig
344 1291 450 1351 wäre,
472 1291 573 1351 jedoch
600 1291 685 1351 sollen
712 1292 754 1352 die
771 1294 999 1354 Assecuranzen
1022 1294 1101 1354 schon
1123 1297 1170 1357 den

161 1336 245 1396 1sten
270 1338 364 1398 April
384 1339 414 1399 a.
424 1339 454 1399 c.
469 1338 518 1398 den
549 1336 682 1396 Anfang
707 1336 841 1396 nehmen
871 1336 1014 1396 können.

151 1428 215 1488 vor
240 1426 299 1486 wie
329 1425 397 1485 nach
427 1425 456 1485 zu
492 1427 703 1487 assecuriren,
728 1428 787 1488 und
822 1428 890 1488 auch
921 1426 979 1486 da,
1009 1425 1053 1485 wo
1078 1427 1112 1487 sie
1133 1428 1162 1488 es
1202 1428 1472 1488 administriren.

163 1479 202 1539 am
242 1476 474 1536 profitablesten
502 1476 625 1536 finden,
644 1479 886 1539 verassecuriren
920 1479 953 1539 zu
988 1479 1100 1539 lassen.

286 1527 362 1587 Der
392 1530 481 1590 Fond
523 1530 618 1590 dieser
660 1533 1003 1593 Assecuranzkammer
1034 1534 1087 1594 soll
1117 1534 1175 1594 auf

160 1580 250 1640 Eine
275 1581 408 1641 Million
439 1581 626 1641 festgesetzet
645 1584 789 1644 werden.

202 1636 249 1696 4)
274 1632 392 1692 Dieser
417 1634 499 1694 Fond
530 1634 583 1694 soll
607 1634 630 1694 in
661 1637 875 1697 Viertausend
905 1637 1005 1697 Actien
1036 1637 1178 1697 verthei=

164 1688 205 1748 let
229 1685 376 1745 werden,
400 1687 464 1747 jede
489 1685 576 1745 Actie
601 1688 630 1748 zu
661 1688 902 1748 Zweyhundert
932 1690 990 1750 und
1026 1689 1161 1749 Funfzig

164 1739 285 1799 Thaler
309 1739 331 1799 in
367 1739 621 1799 Friedrichsd'or
645 1739 674 1799 zu
704 1739 744 1799 21
773 1742 894 1802 Karath
925 1742 941 1802 9
977 1739 1075 1799 Grän
1104 1742 1161 1802 und

154 1796 193 1856 35
228 1790 331 1850 Stück
361 1790 417 1850 auf
442 1790 492 1850 die
522 1790 631 1850 Mark
654 1790 838 1850 gerechnet.

210 1840 257 1900 5)
275 1838 339 1898 Auf
364 1837 428 1897 jede
446 1837 540 1897 Actie
558 1837 617 1897 soll
641 1837 694 1897 der
718 1837 830 1897 Vierte
854 1837 954 1897 Theil
978 1837 1007 1897 in
1031 1837 1149 1897 baarem

156 1934 289 1994 sonstige
313 1930 533 1990 Sicherheit,
557 1930 609 1990 als
633 1930 725 1990 durch
749 1933 1010 1993 Hypothequen,
1028 1932 1172 1992 Obliga¬

154 1985 264 2045 tiones
295 1981 366 2041 oder
392 1981 472 2041 sonst
493 1981 629 2041 gegeben
655 1978 806 2038 werden.

153 2088 207 2148 nii
225 2079 313 2139 1765
341 2079 601 2139 angenommen,
623 2082 678 2142 von
707 2082 756 2142 der
784 2079 855 2139 Zeit
867 2082 900 2142 an
923 2080 1022 2140 stehet
1039 2079 1066 2139 es
1094 2078 1160 2138 aber

153 2135 247 2195 denen
281 2129 474 2189 Directeurs
497 2128 558 2188 und
586 2131 824 2191 Interessenten
864 2132 946 2192 frey,
975 2133 1018 2193 die
1047 2131 1157 2191 Actien

157 2190 217 2250 auf
242 2180 327 2240 einen
352 2175 473 2235 höhern
504 2178 608 2238 Preis
633 2181 662 2241 zu
694 2181 803 2241 setzen.

207 2243 254 2303 7)
272 2229 342 2289 Die
360 2226 554 2286 Bezahlung
584 2227 636 2287 der
661 2231 872 2291 gezeichneten
896 2234 996 2294 Actien
1026 2231 1096 2291 muß
1120 2232 1166 2292 be¬

145 2285 228 2345 reits
252 2279 311 2339 vor
330 2276 382 2336 dem
425 2273 555 2333 Monat
579 2278 692 2338 Junii
716 2279 745 2339 c.
770 2284 959 2344 geschehen.
1031 2282 1155 2342 Wegen

154 2331 378 2391 Annehmung
409 2324 479 2384 aber
503 2324 550 2384 der
574 2327 858 2387 Subscriptionen
888 2332 958 2392 auch
983 2333 1147 2393 Empfang

151 2383 325 2443 nehmung
349 2375 403 2435 der
421 2372 673 2432 Einsetzgelder,
704 2378 769 2438 und
800 2381 854 2441 von
891 2381 1022 2441 welchem
1071 2382 1136 2442 Tag

154 2435 189 2495 an
219 2432 266 2492 die
290 2423 625 2483 Assecuranzkammer
651 2424 697 2484 sich
727 2426 750 2486 in
780 2429 945 2489 Activität
957 2431 1039 2491 setzen
1063 2432 1139 2492 wird

157 2485 211 2545 soll
231 2480 285 2540 das
317 2474 463 2534 Nöthige
489 2470 605 2530 annoch
631 2471 679 2531 dem
723 2477 864 2537 Publico
889 2480 968 2540 durch
994 2482 1036 2542 die
1055 2482 1165 2542 öffent=

151 2536 226 2596 liche
250 2529 424 2589 Zeitungen
454 2521 593 2581 bekannt
617 2521 779 2581 gemachet
798 2527 948 2587 werden.

200 2590 251 2650 8)
271 2582 315 2642 Es
335 2577 391 2637 soll
411 2572 603 2632 niemanden
630 2569 694 2629 frey
720 2575 854 2635 stehen,
886 2578 944 2638 aus
983 2578 1034 2638 der
1060 2578 1162 2638 Com=

154 2638 268 2698 pagnie
296 2634 329 2694 zu
357 2626 507 2686 scheiden,
535 2622 561 2682 es
589 2620 629 2680 sey
657 2623 758 2683 dann,
786 2626 840 2686 daß
875 2626 908 2686 er
936 2629 1023 2689 seine
1045 2632 1145 2692 Actien

149 2688 307 2748 verkaufe
328 2679 400 2739 oder
421 2674 538 2734 cedire.

204 2736 308 2796 O)Es
330 2730 420 2790 sollen
449 2727 498 2787 die
520 2721 624 2781 Actien
646 2717 702 2777 von
731 2718 808 2778 allen
837 2722 983 2782 Abgaben
1012 2725 1067 2785 frey
1096 2727 1152 2787 und

148 2787 243 2847 gegen
275 2784 332 2844 alle
353 2777 570 2837 Repressalien
603 2769 749 2829 gesichert
770 2769 858 2829 seyn,
878 2773 948 2833 auch
981 2775 1076 2835 unter
1103 2778 1160 2838 kei¬

147 2835 251 2895 nerley
288 2830 478 2890 Vorwand,
504 2823 595 2883 sogar
627 2820 713 2880 nicht
732 2817 836 2877 wegen
873 2823 1143 2883 herrschaftlichen

142 2882 402 2942 Forderungen,
428 2878 489 2938 mit
515 2872 619 2932 Arrest
645 2869 768 2929 beleget
794 2868 948 2928 werden,
974 2870 1085 2930 wobey
1117 2873 1153 2933 es

151 2936 205 2996 sich
227 2936 288 2996 doch
316 2936 378 2996 von
407 2932 502 2992 selbst
524 2924 689 2984 verstehet,
711 2921 766 2981 daß
801 2921 917 2981 selbige
945 2924 1042 2984 denen
1077 2924 1159 2984 Cre=

1216 357 1335 417 ditoren
1369 357 1422 417 zum
1463 360 1582 420 Besten
1609 360 1636 420 in
1670 360 1976 420 Concursprocessen
2010 359 2070 419 mit
2090 357 2116 417 ad
2144 357 2229 417 mas¬

1209 404 1263 464 sam
1315 404 1466 464 bonorum
1517 407 1653 467 gezogen
1679 407 1800 467 werden
1830 407 1966 467 müssen.

1260 455 1327 515 10)
1345 453 1418 513 Der
1442 455 1532 515 Fond
1567 457 1663 517 dieser
1698 458 2039 518 Assecuranzkammer
2069 455 2125 515 soll
2143 455 2222 515 nicht

1215 506 1281 566 viel
1304 506 1386 566 über
1415 506 1515 566 zwey-
1537 506 1598 566 und
1637 506 1804 566 höchstens
1832 508 1892 568 nur
1926 506 2104 566 dreymahl
2126 509 2214 569 durch

1210 557 1437 617 Zeichnungen
1470 555 1518 615 der
1541 554 1769 614 Assecuranzen
1802 555 1997 615 überstiegen
2025 554 2176 614 werden.

1267 604 1335 664 11)
1352 604 1397 664 Es
1420 604 1476 664 soll
1500 607 1556 667 auf
1579 606 1618 666 ein
1647 604 1862 664 Ostindisches
1891 604 1993 664 Schif
2022 604 2107 664 nicht
2136 604 2220 664 mehr

1209 652 1304 712 dann

1758 658 2040 718 Vierzigtausend
2081 653 2227 713 Thaler,

1916 703 2226 763 Dreyßigtausend

1217 752 1360 812 Thaler,
1391 754 1451 814 auf
1488 755 1529 815 ein
1573 754 1675 814 Schif
1700 751 1729 811 in
1766 749 1898 809 Europa
1935 754 2134 814 Funfzehn-
2164 754 2218 814 bis

1213 802 1506 862 Zwanzigtausend
1534 800 1659 860 Thaler
1681 801 1860 861 gezeichnet
1888 800 2034 860 werden.

1256 850 1333 910 12)
1356 852 1406 912 Es
1429 853 1517 913 sollen
1557 852 1612 912 zur
1640 855 1863 915 Verwaltung
1897 852 1991 912 dieser
2025 852 2230 912 Assecuranz¬

1212 900 1359 960 kammer
1386 902 1476 962 Drey
1503 903 1703 963 Direkteurs
1731 903 1788 963 und
1816 903 1910 963 Zwey
1937 900 2116 960 Aßistenten
2149 900 2222 960 oder

1218 951 1466 1011 Committirte,
1488 951 1595 1011 ferner
1623 951 1681 1011 Ein
1721 951 1941 1011 Buchhalter,
1974 949 2033 1009 Ein
2072 951 2233 1011 Caßirer,

1214 998 1273 1058 Ein
1304 1000 1480 1060 Secretair
1506 1001 1562 1061 und
1592 998 1647 1058 Ein
1678 999 1794 1059 Bothe
1815 1001 1971 1061 ernennet
1992 995 2138 1055 werden,
2158 998 2233 1058 wel¬

1214 1047 1259 1107 che
1283 1049 1375 1109 durch
1405 1050 1451 1110 die
1474 1052 1654 1112 Mehrheit
1672 1052 1723 1112 der
1747 1052 1921 1112 Stimmen
1951 1052 2037 1112 derer
2067 1049 2222 1109 Interes¬

1214 1097 1312 1157 senten
1344 1100 1512 1160 gewählet
1534 1100 1653 1160 werden
1691 1100 1832 1160 können.

1256 1148 1326 1208 13)
1349 1148 1424 1208 Das
1452 1151 1583 1211 Salair
1611 1151 1698 1211 derer
1720 1151 1943 1211 Direkteurs,
1971 1148 2020 1208 als
2042 1148 2113 1208 auch
2135 1148 2222 1208 derer

1212 1197 1434 1257 Officianten,
1456 1201 1535 1261 kann
1568 1201 1716 1261 ebenfals
1748 1201 1801 1261 von
1844 1200 1939 1260 denen
1977 1196 2215 1256 Interessenten

1220 1246 1403 1306 festgesetzet
1427 1249 1574 1309 werden,
1599 1252 1698 1312 jedoch
1729 1252 1816 1312 sollen
1853 1249 1905 1309 die
1929 1249 2112 1309 Aßistenten
2154 1249 2212 1309 kein

1209 1294 1344 1354 Salair
1371 1297 1580 1357 bekommen.

1259 1339 1329 1399 14)
1356 1336 1426 1396 Die
1449 1342 1644 1402 Direkteurs
1677 1345 1769 1405 sollen
1797 1345 1970 1405 sämmtlich
2004 1345 2139 1405 zugleich
2161 1345 2214 1405 den

203 1385 255 1445 3)
272 1383 319 1443 Es
351 1381 403 1441 soll
430 1381 524 1441 jedoch
562 1381 640 1441 allen
672 1381 898 1441 Particuliers
931 1380 993 1440 frey
1031 1378 1172 1438 bleiben,
1205 1381 1299 1441 Fond
1326 1381 1373 1441 der
1400 1387 1736 1447 Assecuranzkammer
1769 1390 1821 1450 zur
1853 1390 1995 1450 mehrern
2027 1391 2221 1451 Sicherheit

1252 1479 1322 1539 15)
1347 1477 1393 1537 Es
1424 1476 1482 1536 soll
1506 1481 1547 1541 ein
1578 1482 1755 1542 geschickter
1779 1482 1986 1542 Dispacheur
2016 1482 2075 1542 aus
2111 1482 2199 1542 einem

1199 1528 1347 1588 Seeorte
1369 1532 1495 1592 berufen
1528 1533 1675 1593 werden,
1702 1534 1755 1594 dem
1798 1536 1850 1596 vor
1877 1533 1924 1593 der
1951 1536 2046 1596 Hand
2073 1533 2131 1593 von
2163 1533 2210 1593 der

1198 1584 1539 1644 Assecuranzkammer
1591 1587 1635 1647 ein
1687 1590 1818 1650 Salair
1864 1587 2097 1647 ausgemachet
2138 1584 2222 1644 wer¬

1205 1634 1255 1694 den
1289 1636 1384 1696 muß.

1252 1686 1317 1746 16)
1342 1688 1451 1748 Ueber
1482 1689 1531 1749 den
1562 1691 1743 1751 Schaden,
1780 1691 1907 1751 welcher
1945 1689 1974 1749 an
2017 1690 2120 1750 Schif
2151 1688 2211 1748 und

1202 1739 1363 1799 Gütern,
1387 1739 1415 1799 so
1450 1742 1618 1802 assecurirt
1647 1741 1785 1801 gewesen
1827 1739 1919 1799 sind,
1949 1739 2127 1799 entstehet,
2162 1741 2219 1801 soll

1197 1787 1289 1847 durch
1311 1789 1365 1849 den
1392 1790 1604 1850 Dispacheur
1626 1790 1674 1850 die
1697 1790 1935 1850 Ausrechnung
1963 1790 2142 1850 gemachet,
2153 1787 2207 1847 und

1202 1834 1273 1894 was
1298 1837 1387 1897 dafür
1418 1837 1465 1897 die
1490 1837 1694 1897 Compagnie
1719 1837 1742 1897 zu
1773 1840 1958 1900 vergütigen
1989 1840 2067 1900 hat,
2103 1840 2211 1900 aufge=

153 1885 265 1945 Gelde
290 1885 441 1945 bezahlet
467 1885 525 1945 und
560 1885 637 1945 über
668 1885 716 1945 die
746 1884 878 1944 übrigen
913 1885 1005 1945 Drey
1045 1885 1162 1945 Theile
1202 1882 1353 1942 nommen
1393 1885 1549 1945 werden;
1584 1885 1676 1945 wenn
1717 1885 1794 1945 aber
1829 1885 1873 1945 ein
1913 1888 1985 1948 oder
2015 1887 2069 1947 der
2094 1887 2211 1947 andere

1200 1930 1307 1990 Theil
1324 1930 1382 1990 mit
1410 1933 1458 1993 der
1486 1933 1674 1993 Aufnahme
1707 1933 1755 1993 des
1782 1933 2013 1993 Dispacheurs
2052 1936 2132 1996 nicht
2160 1936 2213 1996 zu¬

1196 1978 1314 2038 frieden
1341 1978 1402 2038 ist,
1429 1978 1454 2038 so
1485 1981 1573 2041 sollen
1610 1981 1681 2041 gute
1713 1984 1873 2044 Männer
1899 1983 2043 2043 ernannt
2070 1984 2214 2044 werden,

204 2034 251 2094 6)
268 2029 338 2089 Die
360 2030 639 2090 Subscriptiones
667 2031 785 2091 werden
818 2028 866 2088 bis
883 2028 930 2088 den
958 2028 1087 2088 Monat
1104 2027 1168 2087 Ju=
1195 2025 1313 2085 welche
1335 2025 1383 2085 die
1405 2024 1518 2084 Sache
1535 2027 1566 2087 zu
1594 2030 1782 2090 vergleichen
1815 2028 1938 2088 suchen,
1960 2028 1992 2088 es
2020 2031 2116 2091 stehet
2133 2031 2208 2091 aber

1198 2074 1329 2134 alsdenn
1369 2076 1440 2136 noch
1473 2079 1567 2139 frey,
1595 2081 1688 2141 wenn
1733 2079 1771 2139 sie
1799 2079 1848 2139 sich
1887 2078 1975 2138 nicht
2009 2079 2201 2139 vergleichen

1197 2127 1345 2187 können,
1374 2127 1407 2187 an
1442 2127 1498 2187 das
1533 2127 1623 2187 See=
1647 2130 1720 2190 oder
1743 2130 2101 2190 Handlungsgericht,
2136 2133 2214 2193 wel=

1192 2181 1258 2241 ches
1287 2179 1437 2239 etabliret
1454 2180 1576 2240 werden
1604 2181 1710 2241 wird,
1738 2181 1765 2241 zu
1794 2181 1994 2241 appelliren.

1236 2230 1304 2290 17)
1333 2231 1464 2291 Damit
1493 2231 1566 2291 aber
1596 2234 1755 2294 jederman
1796 2231 1898 2291 wissen
1933 2232 2057 2292 könne,
2092 2231 2200 2291 wessen

1192 2282 1225 2342 er
1248 2280 1291 2340 sich
1320 2279 1348 2339 in
1376 2282 1587 2342 Abmachung
1621 2282 1671 2342 des
1700 2282 1877 2342 Schadens
1906 2282 1967 2342 und
1990 2279 2039 2339 der
2062 2282 2201 2342 Avarien

1191 2333 1223 2393 zu
1260 2330 1313 2390 der
1340 2330 1562 2390 Berlinischen
1600 2333 1945 2393 Assecuranzkammer
1977 2330 2008 2390 zu
2052 2327 2194 2387 versehen

1194 2381 1296 2441 habe;
1324 2381 1384 2441 soll
1401 2381 1466 2441 mit
1482 2381 1618 2441 Unserer
1641 2381 1864 2441 allerhöchsten
1892 2378 2109 2438 Approbation
2143 2378 2207 2438 eine

1191 2429 1540 2489 Assecuranzordnung
1562 2432 1736 2492 publiciret
1758 2432 1900 2492 werden,
1927 2428 1980 2488 bey
2007 2428 2091 2488 deren
2123 2426 2207 2486 Aus¬

1193 2479 1363 2539 arbeitung
1394 2481 1584 2541 dasjenige,
1610 2482 1675 2542 was
1706 2481 1736 2541 an
1766 2479 1927 2539 mehreren
1952 2476 2052 2536 Orten
2088 2476 2208 2536 darun=

1188 2530 1236 2590 ter
1263 2527 1390 2587 bishero
1417 2530 1469 2590 für
1502 2530 1586 2590 billig
1624 2530 1682 2590 und
1715 2529 1794 2589 recht
1826 2527 1958 2587 erkannt
1991 2522 2112 2582 worden
2150 2527 2208 2587 ist,

1191 2578 1246 2638 zum
1287 2578 1428 2638 Grunde
1454 2578 1641 2638 genommen
1672 2578 1793 2638 werden
1824 2572 1920 2632 wird,
1946 2574 2011 2634 und
2037 2575 2097 2635 wie
2118 2575 2208 2635 über¬

1192 2626 1297 2686 haupt
1320 2627 1441 2687 Unsere
1464 2629 1652 2689 beständige
1680 2626 1847 2686 Sorgfalt
1870 2622 1930 2682 auf
1959 2625 2013 2685 die
2047 2628 2196 2688 prompte

1190 2673 1410 2733 Verwaltung
1434 2676 1521 2736 einer
1545 2676 1643 2736 völlig
1672 2670 1957 2730 unpartheyischen
1999 2676 2120 2736 Justitz
2144 2678 2207 2738 un¬

1195 2727 1371 2787 verändert
1394 2724 1543 2784 gerichtet
1560 2724 1620 2784 ist;
1643 2722 1693 2782 als
1721 2724 1842 2784 werden
1870 2721 1947 2781 Wir
1975 2729 2047 2789 auch
2081 2730 2174 2790 darau

1192 2775 1341 2835 vigiliren
1381 2773 1502 2833 lassen,
1541 2774 1596 2834 daß
1636 2772 1702 2832 auch
1742 2772 1763 2832 in
1803 2777 2101 2837 Assecuranzsachen
2141 2778 2206 2838 nie¬

1197 2826 1289 2886 mand
1326 2823 1411 2883 durch
1444 2823 1627 2883 chicaneuse
1653 2826 1973 2886 Weitläuftigkeiten
2011 2828 2072 2888 soll
2097 2829 2207 2889 aufge¬

1187 2876 1327 2936 halten,
1360 2873 1430 2933 noch
1468 2870 1516 2930 die
1544 2872 1804 2932 Auszahlungen
1843 2876 1891 2936 der
1929 2879 2194 2939 ausgemittelten

1180 2925 1425 2985 Vergütungen
1454 2921 1565 2981 irgend
1589 2927 1758 2987 verzögert
1782 2927 1928 2987 werden.

2122 2981 2198 3041 18)
