2479 3508
606 1581 723 1641 11tes
763 1584 904 1644 Stück.
968 1586 1163 1646 Freytag,
1205 1587 1267 1647 den
1307 1586 1361 1646 8.
1393 1585 1589 1645 Februar,
1621 1586 1770 1646 1765.

564 1661 759 1721 Altona.

152 1721 259 1781 Huf
278 1721 320 1781 15
350 1722 464 1782 Bogen
489 1721 512 1781 in
543 1719 603 1779 8vo
628 1721 681 1781 hat
706 1720 844 1780 Iversen
875 1721 1169 1781 herausgegeben:
1200 1718 1278 1778 get;
1309 1715 1404 1775 haben
1435 1712 1507 1772 aber
1532 1712 1615 1772 nicht
1634 1709 1712 1769 alles
1737 1709 1766 1769 so
1791 1709 2007 1769 merkwürdig
2038 1709 2218 1769 gefunden,

149 1819 357 1879 Lissabon,
398 1818 484 1878 nebst
519 1818 571 1878 der
607 1817 959 1877 Lebensbeschreibung
995 1818 1052 1878 des
1087 1817 1173 1877 Ver¬

155 1867 329 1927 "fassers."
388 1861 466 1921 Der
498 1864 598 1924 Verf.
625 1867 678 1927 des
705 1864 857 1924 Tomes
890 1864 1069 1924 Jones,
1090 1864 1164 1924 oder

143 1916 197 1976 des
231 1915 504 1975 Fündlings,
533 1915 603 1975 sahe
631 1913 675 1973 sich
703 1912 812 1972 wegen
840 1913 928 1973 einer
950 1912 1158 1972 unheilbaren

147 1969 390 2029 Wassersucht,
417 1966 611 2026 Podagra,
644 1966 703 2026 und
736 1963 979 2023 Auszehrung,
1012 1962 1168 2022 genöthi=
1196 1954 1336 2014 wirklich
1358 1954 1438 2014 schon
1466 1954 1492 2014 in
1525 1952 1617 2012 diesem
1656 1948 1768 2008 Werke
1791 1948 1839 2008 die
1856 1945 1990 2005 Spuren
2018 1948 2098 2008 eines
2126 1953 2217 2013 kran¬

137 2023 213 2083 get,
241 2023 312 2083 eine
334 2020 433 2080 Reise
455 2018 520 2078 nach
549 2020 691 2080 Lissabon
719 2014 751 2074 zu
780 2016 883 2076 thun,
911 2014 949 2074 um
994 2011 1086 2071 durch
1120 2010 1168 2070 die

150 2073 393 2133 Veränderung
422 2070 471 2130 des
500 2070 604 2130 Clima
633 2068 682 2128 den
716 2067 843 2127 Ablauf
860 2066 959 2126 seines
982 2061 1098 2121 Lebens
1126 2061 1153 2121 zu

148 2124 342 2184 verzögern.
399 2119 448 2179 Er
477 2118 559 2178 starb
593 2121 666 2181 aber
700 2118 727 2178 zu
767 2118 905 2178 Lissabon
945 2116 972 2176 im
1023 2114 1161 2174 October

143 2175 262 2235 1754.
308 2170 399 2230 Was
428 2169 461 2229 er
491 2166 627 2226 indessen
662 2168 718 2228 auf
747 2169 849 2229 seiner
878 2166 1077 2226 Schiffahrt
1101 2165 1157 2225 von

149 2223 424 2283 vorgekommnen
462 2217 795 2277 Merkwürdigkeiten
834 2217 1072 2277 aufgezeichnet
1099 2216 1156 2276 hat

150 2270 230 2330 wird
258 2270 372 2330 hiemit
394 2267 442 2327 dem
487 2266 627 2326 Publiko
655 2267 856 2327 übergeben.
890 2267 1041 2327 Zugleich
1064 2264 1101 2324 ist
1123 2264 1171 2324 die

150 2318 304 2378 englische
327 2315 481 2375 Zuschrift
498 2315 531 2375 an
559 2315 614 2375 das
636 2315 801 2375 Publikum
841 2318 1006 2378 übersetzt,
1023 2315 1072 2375 die
1095 2315 1166 2375 aber

150 2369 290 2429 ziemlich
313 2366 487 2426 bettelhaft
504 2366 672 2426 aussieht,
711 2366 770 2426 und
803 2366 858 2426 für
886 2369 934 2429 die
962 2366 1173 2426 hinterlaßne

147 2418 354 2478 unmündige
387 2414 512 2474 Kinder
540 2412 594 2472 des
621 2414 730 2474 Verf.
753 2416 872 2476 Sorge
900 2417 1009 2477 trägt.
1058 2414 1161 2474 Denn

151 2470 218 2530 man
253 2466 326 2526 muß
350 2461 485 2521 wissen,
509 2461 565 2521 daß
594 2461 662 2521 Hr.
686 2464 890 2524 Fielding
925 2467 1060 2527 ziemlich
1095 2464 1146 2524 arm

154 2518 314 2578 gewesen.
361 2513 412 2573 Er
436 2510 528 2570 hatte
557 2512 643 2572 zwar
672 2512 729 2572 das
765 2514 845 2574 Amt
868 2515 954 2575 eines
989 2515 1167 2575 Friedens=
1198 2508 1324 2568 dings
1359 2506 1514 2566 Odyssee.
1561 2503 1675 2563 Kostet
1705 2500 1727 2560 in
1768 2494 1819 2554 der
1849 2491 2055 2551 Kanterschen
2097 2495 2188 2555 Buch

153 2569 282 2629 richters
310 2566 336 2626 in
364 2563 515 2623 London,
543 2560 629 2620 besaß
663 2563 754 2623 dabey
782 2562 825 2622 ein
858 2565 977 2625 kleines
1004 2566 1172 2626 Landgut,

149 2620 263 2680 schrieb
288 2620 359 2680 auch
384 2616 451 2676 sehr
476 2614 541 2674 viel
560 2612 584 2672 zu
614 2611 711 2671 seinem
754 2611 910 2671 Vortheil
930 2615 941 2675 —
997 2614 1068 2674 Und
1093 2614 1159 2674 doch

153 2667 219 2727 war
242 2667 269 2727 er
292 2668 385 2728 arm!
419 2663 502 2723 Wie
525 2661 579 2721 das
602 2661 746 2721 zuging,
774 2663 879 2723 fragen
918 2664 1029 2724 unsere
1052 2661 1162 2721 Leser?

146 2715 233 2775 Herr
257 2718 460 2778 Fielding
497 2712 648 2772 brauchte
666 2711 712 2771 als
742 2711 782 2771 ein
812 2712 952 2772 witziger
976 2715 1080 2775 Autor
1110 2712 1167 2772 gu¬

138 2763 170 2823 te
193 2765 276 2825 feine
299 2766 416 2826 Weine
439 2765 500 2825 und
523 2760 773 2820 Delikatessen,
807 2760 890 2820 seine
913 2763 1097 2823 Phantasie
1125 2762 1152 2822 zu

147 2814 301 2874 beleben,
323 2817 386 2877 und
413 2815 460 2875 als
483 2814 631 2874 Esquire
653 2810 748 2870 liebte
770 2811 801 2871 er
823 2809 876 2869 das
903 2811 1015 2871 Spiel
1037 2812 1094 2872 und
1121 2811 1163 2871 die

150 2866 415 2926 Lustbarkeiten,
438 2864 504 2924 zwo
532 2862 725 2922 Ursachen,
765 2860 814 2920 die
848 2858 903 2918 das
931 2861 1074 2921 Räthsel
1097 2862 1152 2922 von

151 2915 251 2975 seiner
275 2918 411 2978 Armuth
436 2915 601 2975 auflösen.
655 2909 737 2969 Wir
762 2910 821 2970 sind
857 2913 1011 2973 übrigens
1047 2912 1070 2972 in
1100 2909 1170 2969 Ge=

1202 1664 1318 1724 danken
1354 1664 1406 1724 dem
1447 1664 1552 1724 Verf.
1564 1664 1621 1724 auf
1646 1661 1744 1721 seiner
1768 1658 1867 1718 Reise
1891 1658 2019 1718 treulich
2043 1658 2229 1718 nachgefol¬

148 1760 357 1820 "Hrn.
398 1772 601 1832 Heinrich
648 1772 892 1832 Fieldings
933 1773 1043 1833 Reise
1084 1772 1153 1832 nach
1201 1766 1252 1826 als
1276 1766 1305 1826 er
1334 1764 1363 1824 es
1398 1766 1462 1826 uns
1491 1764 1653 1824 vorstellt,
1683 1760 1741 1820 und
1770 1759 1874 1819 haben
1910 1757 1979 1817 noch
2009 1757 2153 1817 weniger
2183 1755 2212 1815 so

1206 1811 1263 1871 von
1290 1811 1411 1871 Herzen
1438 1811 1534 1871 dabey
1561 1810 1661 1870 lachen
1688 1808 1830 1868 können,
1857 1806 1905 1866 als
1932 1807 1963 1867 es
1990 1808 2121 1868 scheint,
2154 1811 2211 1871 daß

1203 1859 1256 1919 der
1279 1858 1381 1918 Verf.
1403 1858 1456 1918 zur
1484 1858 1576 1918 guten
1609 1855 1802 1915 Bewegung
1836 1852 1890 1912 bey
1923 1852 1976 1912 der
1998 1855 2208 1915 Wasserfucht

1200 1908 1290 1968 selbst
1311 1906 1337 1966 zu
1370 1906 1464 1966 lachen
1507 1906 1555 1966 für
1587 1904 1645 1964 gut
1672 1903 1830 1963 gefunden
1862 1897 1936 1957 hat.
1985 1900 2074 1960 Man
2112 1903 2212 1963 findet

1193 2003 1242 2063 ken
1276 2002 1430 2062 Geistes.
1497 2001 1596 2061 Doch
1630 1999 1690 2059 wer
1719 1999 1790 2059 Lust
1818 1998 1895 2058 hat,
1924 1996 2023 2056 etwas
2057 1999 2205 2059 komische

1198 2055 1305 2115 Laune
1332 2053 1359 2113 zu
1392 2049 1601 2109 empfinden,
1634 2048 1715 2108 wird
1748 2046 1796 2106 den
1829 2044 2006 2104 Charakter
2033 2044 2087 2104 der
2114 2051 2200 2111 Frau

1198 2104 1407 2164 Humphried
1430 2103 1492 2163 und
1521 2101 1611 2161 ihres
1640 2099 1820 2159 Mannes,
1849 2096 1905 2156 des
1934 2094 2143 2154 Gastwirths
2178 2099 2199 2159 in

1202 2158 1319 2218 Rhyde
1349 2155 1360 2215 —
1420 2154 1508 2214 nebst
1527 2154 1579 2214 dem
1615 2151 1792 2211 Charakter
1816 2150 1898 2210 eines
1916 2151 2204 2211 Schifskapitains

1192 2208 1355 2268 lächerlich
1383 2208 1464 2268 gnug
1487 2205 1617 2265 finden.
1672 2202 1792 2262 Sonst
1809 2201 1928 2261 werden
1961 2199 1988 2259 in
2016 2201 2064 2261 der
2087 2203 2211 2263 Vorre¬

1198 2258 1230 2318 de
1252 2258 1322 2318 noch
1350 2258 1545 2318 verschiedne
1579 2252 1676 2312 kleine
1698 2249 1904 2309 Schriften,
1927 2249 2208 2309 Wochenblätter,

1197 2309 1372 2369 Comödien
1415 2306 1478 2366 und
1516 2304 1690 2364 Journäle
1723 2302 1888 2362 bemerkt,
1920 2299 1967 2359 die
2005 2300 2074 2360 Hr.
2101 2300 2201 2360 Fiel

1197 2358 1294 2418 ding
1326 2357 1553 2417 geschrieben,
1590 2354 1651 2414 und
1687 2352 1801 2412 welche
1832 2348 1904 2408 noch
1941 2345 2028 2405 nicht
2055 2348 2209 2408 übersetzt

1200 2408 1277 2468 sind.
1329 2408 1463 2468 Seinen
1494 2405 1650 2465 Tomes
1686 2402 1831 2462 Jones
1862 2396 1971 2456 nennt
1992 2396 2038 2456 der
2060 2396 2209 2456 Ueberse¬

1193 2458 1249 2518 tzer
1284 2455 1522 2515 Fieldings
1562 2452 1687 2512 Ilias,
1722 2449 1784 2509 und
1825 2446 1875 2506 die
1904 2443 2063 2503 Amalia,
2098 2444 2211 2504 Fiel¬

1203 2559 1365 2619 handlung
1390 2554 1505 2614 allhier
1530 2554 1589 2614 wie
1614 2549 1686 2609 auch
1712 2548 1735 2608 in
1766 2544 1880 2604 Elbing
1911 2542 1965 2602 und
1996 2546 2110 2606 Mitau
2141 2549 2153 2609 1
2177 2549 2213 2609 fl.

1190 2655 1398 2715 Beschluß
1441 2649 1489 2709 des
1518 2648 1587 2708 letzt
1608 2642 1838 2702 abgebrochnen
1866 2641 2040 2701 Artikels,
2062 2646 2207 2706 betitelt;

1365 2700 1420 2760 der
1458 2697 1674 2757 unglückliche
1705 2694 2039 2754 Menschenfreund.

1248 2754 1322 2814 Der
1352 2754 1462 2814 König
1497 2748 1659 2808 ermüdete
1689 2745 1822 2805 indessen
1863 2751 1967 2811 nicht,
2002 2751 2071 2811 noch
2107 2751 2210 2811 andre

1202 2808 1358 2868 Versuche
1388 2802 1422 2862 zu
1457 2799 1596 2859 wagen,
1620 2796 1660 2856 um
1708 2799 1806 2859 seinen
1835 2799 2003 2859 Wunsch,
2027 2799 2207 2859 Menschen

1202 2862 1231 2922 zu
1256 2856 1438 2916 beglücken,
1457 2852 1527 2912 nach
1551 2849 1610 2909 alle
1634 2849 1729 2909 seinem
1771 2849 1954 2909 Vermögen
1990 2849 2013 2909 zu
2044 2848 2161 2908 stillen.

2110 2897 2215 2957 Was
