2479 3508
224 333 348 393 keusche
377 330 519 390 Mönche
542 330 603 390 und
626 330 767 390 Nonnen
796 327 847 387 des
870 330 1011 390 Klosters
1040 330 1131 390 durch
1154 328 1238 388 einen

225 380 398 440 ähnlichen
437 380 594 440 Schwur
632 378 691 438 von
736 380 827 440 ihrer
866 378 1147 438 Jünglingschaft
1186 377 1245 437 und

231 431 490 491 jungfräulichen
534 431 728 491 Unschuld,
777 430 841 490 mit
874 430 927 490 zum
982 428 1160 488 Gewinnst
1193 427 1241 487 des

229 479 425 539 Schinkens
450 479 651 539 concurriren
686 482 819 542 sollten!
849 476 863 536 —
921 476 935 536 —

988 473 1067 533 Die
1102 476 1237 536 übrigen

233 527 356 587 Stücke
379 530 567 590 enthalten:
595 530 832 590 "Nachrichten
865 528 919 588 von
952 530 1135 590 Münzen,
1157 527 1249 587 wäh=

237 574 337 634 rend
369 580 464 640 Carls
496 580 564 640 2ten
602 580 659 640 von
698 580 882 640 Engelland
915 577 1136 637 Regierung:

268 623 331 683 Den
363 628 486 688 Proceß
518 628 565 688 des
593 631 767 691 Admirals
789 628 895 688 Byng

1048 625 1166 685 "Leben
1198 627 1249 687 der

232 673 424 733 "Johanna
448 678 565 738 Grey”

612 673 621 733 —
672 682 891 742 Nachrichten
922 676 972 736 von
1004 676 1054 736 der
1074 676 1252 736 Handlung

231 730 534 790 Dännemarks”

629 727 756 787 "Leben
785 727 832 787 des
867 728 959 788 Joh.
983 723 1174 783 Sobieski”

231 776 424 836 "Triumph
463 780 516 840 der
544 778 700 838 Tugend,
755 781 824 841 eine
858 778 970 838 wahre
1003 778 1078 838 (wir
1106 775 1246 835 möchten

1128 822 1249 882 Sonst

238 831 463 891 hinzusetzen,
487 829 548 889 und
577 828 644 888 sehr
662 829 814 889 magere)
838 825 1024 885 Geschichte
1053 822 1069 882 -

236 879 336 939 finden
369 879 427 939 wir
449 879 517 939 hier
534 879 602 939 auch
629 879 719 939 einen
746 877 916 937 Vorschlag
943 879 974 939 zu
1002 876 1086 936 einem
1124 873 1261 933 Instru¬

236 930 351 990 ment,
376 930 411 990 um
462 930 512 990 den
553 929 703 989 Mangel
729 927 784 987 des
815 927 950 987 Gehörs
981 926 1011 986 zu
1052 922 1257 982 erleichtern,

236 981 368 1041 welches
396 980 443 1040 für
470 978 517 1038 der
545 978 719 1038 Akustick
741 978 814 1038 eben
842 977 889 1037 so,
906 977 963 1037 wie
986 975 1012 1035 in
1044 977 1091 1037 der
1113 972 1256 1032 Optick

237 1026 290 1086 die
307 1028 679 1088 Vergrößrungsgläser
702 1026 814 1086 wirken
847 1025 917 1085 soll.
972 1022 1052 1082 Wir
1075 1022 1247 1082 überlaßen

230 1074 286 1134 den
313 1076 488 1136 Vorschlag
515 1076 602 1136 einem
645 1073 821 1133 geschickten
852 1070 1033 1130 Künstler,
1065 1073 1126 1133 und
1163 1070 1256 1130 glau¬

236 1124 292 1184 ben
324 1127 447 1187 dabey,
474 1126 530 1186 daß
556 1124 602 1184 die
624 1121 850 1181 Ausführung
882 1121 1036 1181 desselben
1073 1121 1145 1181 nach
1176 1118 1258 1178 eini¬

240 1177 292 1237 gen
324 1172 535 1232 Versuchen,
557 1172 688 1232 möglich
715 1170 778 1230 und
805 1169 920 1229 heilsam
968 1169 1031 1229 seyn
1068 1169 1178 1229 kann;
1206 1167 1258 1227 zu¬

239 1222 313 1282 mal
339 1219 399 1279 wir
425 1216 660 1276 Erfahrungen
696 1216 827 1276 haben,
868 1216 922 1276 daß
958 1216 1058 1276 taube
1084 1216 1249 1276 Personen

236 1270 328 1330 durch
365 1267 520 1327 besondre
551 1267 726 1327 Anlegung
763 1264 850 1324 einer
887 1266 1140 1326 Tobackspfeise
1176 1264 1253 1324 oder

243 1320 333 1380 eines
356 1315 570 1375 Trinkglases
594 1318 627 1378 an
656 1318 706 1378 die
729 1315 864 1375 Zähne,
888 1315 960 1375 auch
989 1316 1073 1376 einen
1108 1315 1169 1375 sehr
1204 1315 1260 1375 lei¬

244 1366 285 1426 sen
328 1369 397 1429 Ton
440 1369 535 1429 hören
567 1367 710 1427 können.
737 1366 747 1426 —
816 1369 879 1429 Ein
912 1369 1038 1429 Recept
1065 1369 1166 1429 wider
1198 1369 1250 1429 das

240 1421 375 1481 Fieber,
404 1422 463 1482 und
491 1422 561 1482 eins
584 1422 686 1482 wider
709 1421 758 1481 die
780 1419 927 1479 Ratzen,
955 1422 1079 1482 wollten
1107 1419 1166 1479 wir
1194 1421 1248 1481 aus

236 1475 331 1535 diesem
380 1473 544 1533 Magazin
582 1473 656 1533 noch
694 1472 905 1532 empfehlen,
938 1473 1028 1533 wenn
1071 1471 1134 1531 wir
1167 1470 1251 1530 nicht

239 1524 387 1584 wüßten,
414 1524 470 1584 daß
501 1522 547 1582 die
568 1524 645 1584 erste
666 1523 727 1583 Art
743 1521 794 1581 das
820 1518 932 1578 Fieber
959 1520 1040 1580 nicht
1062 1519 1154 1579 besser
1180 1521 1256 1581 aus¬

237 1573 352 1633 fährt,
380 1572 432 1632 als
453 1572 543 1632 durch
570 1569 707 1629 Fasten,
734 1569 797 1629 und
824 1566 881 1626 daß
908 1566 934 1626 in
961 1566 1093 1626 Absicht
1115 1566 1162 1626 der
1189 1566 1257 1626 Ra¬

242 1619 298 1679 tzen
326 1619 367 1679 ein
396 1617 474 1677 paar
508 1615 688 1675 männliche
712 1613 814 1673 Kater
842 1613 930 1673 mehr
963 1613 1144 1673 ausrichten
1182 1610 1256 1670 kön¬

239 1667 327 1727 nen,
352 1667 400 1727 als
426 1663 474 1723 die
504 1661 577 1721 Nux
607 1661 734 1721 vomica
764 1661 827 1721 mit
857 1661 1155 1721 Schweinschmalz
1185 1658 1253 1718 ver¬

459 1713 583 1773 Zuletzt
612 1709 674 1769 sind
715 1709 793 1769 neue
829 1709 987 1769 englische
1022 1709 1159 1769 Bücher
1193 1709 1249 1769 von

243 1715 358 1775 mischt
381 1713 397 1773 -

242 1764 353 1824 1762.
380 1761 586 1821 angeführt,
607 1757 665 1817 aus
697 1757 787 1817 deren
819 1757 945 1817 Menge
972 1757 1031 1817 und
1063 1757 1258 1817 Mittelmä=

239 1814 357 1874 ßigkeit
385 1811 449 1871 wir
477 1811 552 1871 allen
591 1808 748 1868 deutschen
786 1808 926 1868 Autoren
965 1808 1073 1868 wegen
1106 1807 1154 1867 der
1187 1808 1257 1868 Ge¬

238 1864 482 1924 schwindigkeit
499 1861 585 1921 ihrer
608 1858 727 1918 Finger
750 1860 772 1920 im
818 1859 949 1919 Denken
978 1858 1040 1918 und
1063 1858 1244 1918 Schreiben

237 1918 323 1978 einen
356 1914 583 1974 zuverläßigen
611 1912 707 1972 Trost
730 1912 908 1972 mittheilen
936 1909 1076 1969 können.
1153 1909 1244 1969 Doch

234 1966 398 2026 wünschen
432 1966 494 2026 wir
523 1963 682 2023 zugleich,
711 1963 767 2023 daß
802 1963 852 2023 die
881 1963 1017 2023 daselbst
1046 1964 1244 2024 angeführte

240 2017 372 2077 Schrift
400 2017 453 2077 des
485 2017 533 2077 D.
560 2016 752 2076 Browns
790 2014 843 2074 von
881 2016 933 2076 dem
972 2017 1158 2077 Verderben
1201 2017 1254 2077 der

238 2064 432 2124 Dichtkunst
461 2065 516 2125 und
550 2067 695 2127 Musik;
729 2065 790 2125 wie
824 2064 890 2124 auch
930 2064 980 2124 die
1003 2064 1164 2124 Gedichte
1192 2063 1247 2123 des

242 2115 447 2175 Curchills
484 2114 550 2174 bald
576 2115 638 2175 und
669 2115 725 2175 gut
751 2115 905 2175 übersetzt
932 2112 1054 2172 werden
1091 2115 1250 2175 möchten.

234 2163 347 2223 Kostet
369 2163 389 2223 in
427 2163 478 2223 der
499 2163 712 2223 Kanterschen
739 2163 1014 2223 Buchhandlung
1041 2164 1176 2224 allhier,
1192 2162 1249 2222 wie

240 2214 308 2274 auch
338 2214 365 2274 in
394 2211 507 2271 Elbing
542 2211 599 2271 und
628 2211 741 2271 Mitau
770 2211 810 2271 24
833 2211 883 2271 gr.

287 2310 385 2370 Ohne
410 2309 625 2369 Benennung
650 2303 699 2363 des
724 2303 809 2363 Orts
841 2305 877 2365 ist
909 2305 963 2365 auf
995 2306 1037 2366 2½/
1069 2303 1179 2363 Bogen
1216 2303 1240 2363 in

238 2362 292 2422 §vo
331 2360 538 2420 erschienen:
587 2354 668 2414 "M.
691 2354 821 2414 Sam.
855 2354 1017 2414 Gotth.
1045 2354 1246 2414 Langens

258 2414 523 2474 Sendschreiben
552 2408 585 2468 an
613 2408 706 2468 Hrn.
729 2405 922 2465 Mosche,
951 2405 1056 2465 wegen
1084 2405 1139 2465 des
1162 2404 1255 2464 Heu¬

250 2463 459 2523 mannischen
493 2461 652 2521 Erweises
675 2457 735 2517 rc."
797 2454 846 2514 D.
863 2455 1111 2515 Heumanns
1139 2452 1249 2512 Glau¬

231 2512 431 2572 bensmagen
470 2512 550 2572 wird
589 2509 685 2569 dafür
719 2503 973 2563 zurechtgesetzt,
1012 2506 1071 2566 daß
1109 2505 1141 2565 er
1180 2503 1244 2563 eine

237 2560 348 2620 dreiste
375 2562 454 2622 Lüge
481 2563 635 2623 verdauet
657 2558 736 2618 hat,
763 2557 810 2617 als
838 2557 922 2617 wenn
955 2555 1002 2615 der
1024 2556 1081 2616 sel.
1104 2554 1145 2614 D.
1162 2554 1257 2614 Lan=

234 2611 304 2671 ge,
331 2611 385 2671 des
412 2611 503 2671 Hrn.
520 2611 568 2671 M.
590 2610 784 2670 Langens
811 2605 945 2665 Vater,
968 2607 1037 2667 auch
1075 2605 1129 2665 der
1151 2603 1242 2663 Lehre

236 2657 287 2717 der
309 2656 536 2716 Reformirten
573 2659 629 2719 vom
671 2658 883 2718 Abendmahl
909 2655 1069 2715 zugethan
1101 2652 1240 2712 gewesen

232 2706 300 2766 sey,
322 2706 380 2766 und
407 2705 518 2765 solches
546 2706 566 2766 in
599 2709 684 2769 einem
727 2709 843 2769 Briefe
871 2707 923 2767 von
950 2706 998 2766 D.
1014 2706 1242 2766 Heumann

234 2759 318 2819 selbst
340 2754 505 2814 gestanden
532 2754 633 2814 habe.
676 2757 782 2817 Diese
804 2757 984 2817 Nachricht
1006 2754 1176 2814 widerlegt
1192 2752 1250 2812 un=

232 2808 275 2868 ser
298 2805 485 2865 Verfasser.
536 2800 585 2860 Er
608 2804 695 2864 sagt,
724 2805 751 2865 er
773 2808 861 2868 hatte
884 2808 977 2868 unter
1006 2808 1099 2868 denen
1127 2805 1248 2865 Brief¬

227 2858 362 2918 schaften
398 2854 498 2914 seines
530 2852 686 2912 Vaters,
717 2854 776 2914 und
813 2858 984 2918 besonders
1015 2858 1110 2918 unter
1141 2855 1236 2915 denen

220 2909 355 2969 Litteris
384 2903 657 2963 Houmannianis
687 2903 743 2963 kein
772 2907 874 2967 Blatt
903 2912 993 2972 eines
1028 2912 1107 2972 über
1137 2907 1232 2967 diesen

1288 327 1514 387 Streitpunkt
1532 327 1701 387 geführten
1730 327 1979 387 Briefwechsels
2008 324 2228 384 angetroffen.
2257 324 2301 384 Er

1282 377 1366 437 zeigt
1393 379 1530 439 ferner,
1558 377 1615 437 daß
1653 376 1721 436 nach
1759 380 1997 440 Bestimmung
2029 376 2082 436 des
2109 374 2304 434 Zeitpunkts

1287 425 1341 485 vom
1392 428 1442 488 D.
1463 426 1715 486 Heumann,
1761 424 1790 484 in
1827 428 1957 488 welchem
2008 428 2058 488 der
2089 425 2144 485 sel.
2170 425 2305 485 Lange

1287 476 1379 536 diesen
1412 478 1564 538 Irrthum
1613 474 1641 534 zu
1674 475 1815 535 glauben
1848 479 2054 539 angefangen
2098 476 2196 536 haben
2240 475 2310 535 soll,

1287 527 1334 587 sich
1366 526 1445 586 viele
1467 524 1714 584 Widersprüche
1736 524 1867 584 finden,
1894 524 1952 584 und
1989 527 2020 587 er
2042 527 2121 587 schon
2158 527 2184 587 im
2227 524 2295 584 8ten

1298 575 1386 635 Jahr
1409 575 1508 635 seines
1536 575 1653 635 Lebens
1681 573 1702 633 so
1731 572 1819 632 hätte
1842 572 1957 632 denken
1992 577 2135 637 müssen.
2208 577 2301 637 Doch

1280 623 1419 683 läugnet
1448 622 1497 682 der
1526 623 1627 683 Verf.
1655 621 1705 681 den
1739 619 1844 679 Brief
1867 621 1956 681 nicht
1974 625 2136 685 gänzlich,
2164 625 2309 685 verthei¬

1287 673 1359 733 digt
1380 673 1451 733 aber
1473 673 1571 733 seinen
1602 670 1705 730 Vater
1726 670 1891 730 dadurch,
1918 670 1969 730 daß
2000 673 2025 733 er
2052 673 2104 733 den
2140 674 2186 734 D.
2202 676 2310 736 Heu¬

1291 721 1437 781 mann,
1464 723 1555 783 durch
1578 721 1805 781 Zugestehung
1833 719 1957 779 dessen,
1985 721 2028 781 als
2056 723 2142 783 hätte
2164 723 2191 783 er
2219 725 2299 785 schon

1287 769 1348 829 vor
1374 770 1415 830 50
1446 772 1575 832 Jahren
1607 769 1663 829 den
1695 769 1901 829 reformirten
1943 772 2096 832 Glauben
2128 774 2308 834 angenom¬

1287 819 1386 879 men,
1412 818 1472 878 und
1503 817 1583 877 seine
1604 816 1831 876 Kinderjahre
1856 819 2037 879 gewiesen,
2073 822 2108 882 da
2143 822 2174 882 er
2204 824 2294 884 allein

1291 867 1401 927 solcher
1429 864 1545 924 groben
1579 867 1733 927 Begriffe
1750 866 1839 926 fähig
1867 871 2027 931 gewesen.
2088 871 2193 931 Diese
2221 873 2304 933 letzte

1293 915 1557 975 Vertheidigung
1585 914 1622 974 ist
1639 915 1709 975 eben
1737 917 1822 977 nicht
1845 918 1915 978 sehr
1948 922 2110 982 gründlich
2148 924 2218 984 noch
2251 923 2310 983 wi¬

1287 966 1371 1026 tzig,
1398 966 1455 1026 und
1482 963 1551 1023 man
1583 965 1694 1025 wuͤrde
1715 966 1768 1026 bey
1795 968 1842 1028 dem
1885 972 2081 1032 Durchlesen
2108 975 2160 1035 der
2182 975 2297 1035 ganzen

1296 1013 1433 1073 Schrift
1449 1013 1528 1073 kaum
1566 1015 1666 1075 seinen
1693 1016 1804 1076 Augen
1832 1019 1889 1079 und
1916 1021 2021 1081 Ohren
2054 1022 2197 1082 trauen,
2229 1023 2302 1083 noch

1293 1064 1427 1124 glauben
1455 1061 1605 1121 können,
1627 1067 1686 1127 daß
1719 1067 1789 1127 Hr.
1817 1070 1870 1130 M.
1887 1072 2027 1132 Lange
2060 1073 2118 1133 aus
2152 1073 2307 1133 Laublin¬

1288 1115 1366 1175 gen,
1395 1112 1446 1172 der
1475 1115 1735 1175 Horazische
1764 1118 1973 1178 Dichter,
1996 1123 2058 1183 und
2087 1121 2131 1181 der
2154 1124 2312 1184 berühm¬

1283 1163 1317 1223 te
1338 1160 1444 1220 Held,
1470 1161 1525 1221 der
1550 1164 1702 1224 ehemals
1738 1168 1808 1228 eine
1839 1169 1985 1229 gelehrte
2022 1171 2173 1231 Bataille
2204 1172 2304 1232 wider

1296 1212 1501 1272 Leßingen
1545 1210 1696 1270 lieferte,
1718 1213 1853 1273 dieselbe
1886 1216 2080 1276 geschrieben
2124 1219 2237 1279 habe,
2270 1222 2302 1282 so

1296 1261 1388 1321 seicht
1409 1261 1445 1321 ist
1461 1261 1523 1321 sie;
1549 1264 1642 1324 wenn
1668 1264 1740 1324 man
1777 1262 1859 1322 nicht
1885 1265 2020 1325 wüßte,
2051 1266 2107 1326 daß
2139 1266 2170 1326 es
2201 1267 2304 1327 etwas

1293 1315 1373 1375 ganz
1395 1315 1513 1375 anders
1535 1315 1594 1375 ist,
1622 1315 1691 1375 eine
1713 1315 1783 1375 gute
1805 1315 1999 1375 Horazische
2015 1315 2112 1375 Ode,
2139 1316 2198 1376 und
2237 1318 2301 1378 eine

1292 1369 1529 1429 überzeugende
1558 1369 1785 1429 Streitschrift
1809 1369 2019 1429 verfertigen.
2048 1368 2161 1428 Kostet
2184 1368 2206 1428 in
2235 1367 2291 1427 von

1294 1419 1469 1479 bemeldten
1504 1419 1714 1479 Kanterschen
1750 1422 2057 1482 Buchhandlungen
2086 1419 2096 1479 9
2125 1421 2181 1481 gr.

1339 1509 1438 1569 „Der
1460 1517 1598 1577 jüngere
1626 1518 1968 1578 Eulenspiegel,
2001 1521 2072 1581 oder
2106 1521 2155 1581 der
2178 1521 2304 1581 schlecht

1305 1563 1439 1623 erzogne
1456 1563 1612 1623 Mensch.
1690 1563 1930 1623 Willkommen
1967 1569 2310 1629 Eulenspiegel!

1291 1610 1386 1670 riefen
1427 1610 1473 1670 die
1504 1609 1645 1669 Bauren
1681 1610 1711 1670 in
1747 1610 1797 1670 der
1829 1612 2006 1672 Schenke,
2042 1613 2142 1673 diesem
2189 1616 2305 1676 jungen

1291 1658 1396 1718 Herrn
1423 1658 1486 1718 zu,
1513 1658 1560 1718 als
1592 1655 1623 1715 er
1656 1656 1692 1716 sie
1719 1658 1888 1718 besuchte,
1920 1661 1956 1721 um
2004 1661 2099 1721 ihnen
2137 1662 2215 1722 seine
2242 1666 2305 1726 Ge¬

1294 1706 1418 1766 schichte
1440 1707 1467 1767 zu
1505 1706 1673 1766 erzählen.
1723 1709 1792 1769 Und
1831 1709 1890 1769 wir
1918 1709 2053 1769 hoffen,
2081 1712 2134 1772 daß
2173 1715 2302 1775 manche

1295 1756 1391 1816 seiner
1419 1756 1526 1816 Leser,
1549 1756 1597 1816 die
1619 1757 1726 1817 irgend
1754 1757 1856 1817 einige
1884 1760 2051 1820 Kenntniß
2089 1763 2142 1823 von
2181 1766 2229 1826 der
2256 1768 2304 1828 Le¬

1286 1805 1604 1865 bensbeschreibung
1637 1808 1737 1868 seines
1764 1811 1860 1871 Hrn.
1887 1813 2040 1873 Vaters,
2068 1817 2205 1877 weiland
2238 1818 2312 1878 Eu¬

1291 1858 1561 1918 lenspiegels
1595 1858 1650 1918 des
1678 1859 1777 1919 ältern
1817 1864 1971 1924 besitzen,
2005 1867 2076 1927 auch
2110 1867 2204 1927 diesem
2255 1867 2309 1927 sei¬

1284 1910 1339 1970 nem
1384 1912 1666 1972 hofnungsvollen
1700 1912 1827 1972 Sohne
1861 1915 1904 1975 ein
1938 1918 2104 1978 freudiges
2132 1918 2309 1978 Willkom¬

1287 1963 1353 2023 men
1385 1964 1513 2024 zurufen
1545 1963 1689 2023 werden.
1767 1966 1854 2026 Man
1891 1966 1962 2026 muß
1994 1966 2045 2026 dem
2092 1968 2195 2028 Verf.
2221 1968 2308 2028 nicht

1286 2016 1364 2076 allen
1394 2011 1478 2071 Witz
1498 2014 1714 2074 absprechen;
1745 2013 1803 2073 und
1838 2014 1907 2074 man
1942 2012 2021 2072 wird
2056 2014 2144 2074 keine
2174 2014 2306 2074 altväte¬

1287 2064 1405 2124 rische,
1431 2061 1503 2121 oder
1529 2061 1657 2121 dumme
1684 2058 1803 2118 Possen
1829 2058 1854 2118 in
1886 2058 1978 2118 diesem
2020 2061 2107 2121 Buch
2133 2062 2308 2122 antreffen,

1293 2112 1335 2172 die
1363 2109 1438 2169 ganz
1465 2109 1546 2169 ohne
1574 2106 1649 2166 allen
1688 2106 1893 2166 moralischen
1921 2109 2045 2169 Nutzen
2078 2112 2142 2172 seyn
2181 2112 2304 2172 sollten.

1295 2157 1438 2217 Manche
1461 2154 1627 2214 satyrische
1644 2157 1733 2217 Züge
1761 2159 1821 2219 sind
1849 2160 1932 2220 gut,
1961 2160 1993 2220 ob
2027 2161 2060 2221 es
2094 2163 2182 2223 gleich
2222 2166 2304 2226 nicht

1291 2207 1351 2267 gar
1374 2205 1401 2265 zu
1429 2205 1490 2265 gut
1507 2205 1567 2265 ist,
1589 2205 1644 2265 daß
1678 2207 1733 2267 der
1761 2208 1849 2268 arme
1877 2210 2203 2270 Eulenspiegel
2226 2214 2297 2274 bald

1287 2252 1316 2312 in
1347 2252 1387 2312 ein
1418 2252 1519 2312 Pferd
1545 2255 1772 2315 verwandelt,
1799 2258 1859 2318 und
1885 2258 1940 2318 von
1977 2261 2062 2321 einer
2088 2261 2174 2321 Hexe
2205 2262 2310 2322 gepei¬

1283 2303 1380 2363 niget
1422 2303 1525 2363 wird.
1588 2305 1706 2365 Seine
1748 2309 1835 2369 Frau
1882 2312 2021 2372 Mutter
2068 2312 2181 2372 wurde
2223 2315 2279 2375 zum

1291 2351 1398 2411 Lohne
1421 2351 1513 2411 ihrer
1551 2354 1642 2414 guten
1681 2357 1713 2417 an
1752 2357 1805 2417 ihn
1849 2363 2071 2423 verwendeten
2110 2366 2299 2426 Erziehung

1289 2402 1396 2462 damit
1425 2405 1583 2465 bestraft,
1625 2405 1686 2465 daß
1727 2408 1766 2468 sie
1801 2408 1857 2468 sich
1903 2414 2000 2474 selbst
2035 2414 2170 2474 erhing.
2228 2417 2301 2477 Und

1287 2452 1357 2512 doch
1388 2454 1453 2514 war
1474 2453 1514 2513 sie
1535 2455 1606 2515 eben
1636 2455 1701 2515 noch
1738 2458 1823 2518 nicht
1854 2461 1900 2521 die
1931 2464 2113 2524 unartigste
2143 2467 2234 2527 unter
2260 2467 2310 2527 de¬

1289 2503 1342 2563 nen
1375 2506 1553 2566 Müttern.
1591 2504 1655 2564 Als
1678 2506 1715 2566 sie
1737 2511 1818 2571 ihren
1851 2512 1942 2572 lieben
1970 2515 2066 2575 Sohn
2094 2515 2147 2575 zum
2191 2515 2304 2575 ersten¬

1291 2554 1361 2614 mal
1378 2554 1448 2614 nach
1481 2554 1655 2614 Hamburg
1677 2560 1737 2620 auf
1754 2560 1867 2620 Reisen
1895 2563 2042 2623 schickte,
2075 2563 2134 2623 gab
2167 2563 2205 2623 sie
2238 2563 2287 2623 ihm

1282 2602 1297 2662 6
1335 2605 1483 2665 Thaler,
1505 2602 1520 2662 6
1547 2605 1674 2665 Hemde
1701 2611 1758 2671 und
1786 2611 1796 2671 6
1823 2611 2056 2671 Lebensregeln
2083 2614 2146 2674 mit
2168 2613 2226 2673 auf
2242 2613 2294 2673 den

1287 2649 1389 2709 Weg.
1438 2652 1518 2712 Den
1546 2655 1637 2715 ersten
1659 2658 1767 2718 Abend
1794 2661 1961 2721 verspielte
1983 2661 2301 2721 Eulenspiegel

1287 2701 1343 2761 das
1369 2703 1451 2763 Geld
1483 2705 1539 2765 und
1571 2706 1611 2766 die
1638 2709 1761 2769 Hemde
1787 2709 1818 2769 an
1850 2709 1895 2769 die
1922 2709 2066 2769 Juden,
2092 2710 2148 2770 und
2180 2712 2303 2772 behielt

1281 2754 1384 2814 nichts
1416 2752 1468 2812 als
1500 2754 1551 2814 die
1577 2756 1587 2816 6
1630 2757 1895 2817 Lebensregeln,
1926 2760 1978 2820 die
2005 2760 2077 2820 aber
2109 2760 2166 2820 vor
2203 2764 2295 2824 denen

1280 2803 1520 2863 unchristlichen
1553 2808 1662 2868 Juden
1696 2808 1777 2868 nicht
1799 2808 1875 2868 aufs
1898 2808 2012 2868 Spiel
2035 2811 2149 2871 gesetzt
2177 2814 2296 2874 werden

1281 2852 1438 2912 konnten.
1503 2858 1625 2918 Sollte
1655 2861 1807 2921 manchem
1857 2858 1975 2918 jungen
2010 2858 2113 2918 Herrn
2153 2861 2211 2921 mit
2241 2863 2295 2923 den

1284 2905 1455 2965 Thalern,
1483 2908 1532 2968 den
1566 2912 1704 2972 Hemden
1749 2911 1810 2971 und
1849 2912 1898 2972 den
1927 2912 2158 2972 Lebensregeln
2192 2915 2297 2975 seiner

2160 2966 2297 3026 Mama
