2479 3508
203 334 1230 432 ward in dem ganzen Hause seines Herrn geliebt;
206 411 1236 483 und das Gesinde hütete sich, ihn zu beleidigen. Denn
206 460 1236 519 ausser dem, daß er selbst niemanden beleidigte, konte
216 503 1230 565 er auch die Fehler und Laster der andern Bedienten
211 563 1236 609 mit ungemeiner Gleichgültigkeit ansehen. Und wenn
211 609 1233 670 gleich im Hause Mord, Ehebruch, Dieberey, und
216 658 1241 714 Rebellion ausgeübt wären: so schwieg er immer so
223 706 1238 773 still dazu, wie ein Lamm. Er konte keiner Seele
211 750 1236 812 böser seyn, oder jemanden auslachen; und ob ei
218 804 1236 873 gleich oft über alles lachte, so wuste doch ein jeder,
216 853 1241 914 daß diese seine Freundlichkeit ein Geschenk der Na¬
221 904 1246 963 tur, und kein Ausbruch der Spötterey war. Die
218 945 1251 1017 Frau des Hauses hielte ihn besonders werth. Man
218 999 1238 1076 sagt, daß dies besonders deshalb geschah, weil Gör
216 1045 1248 1117 ge seinem Herrn nie etwas von solchen Begebenhei¬
221 1097 1246 1166 ten erzehlte, die den Zorn eines Mannes wider seine
226 1146 1243 1230 Frau reitzen könten, und die er dennoch oft zu erfah¬
226 1207 676 1284 ren Gelegenheit hatte.
270 1246 1246 1328 Da indessen der Herr des Hauses auch eben nicht
221 1320 1248 1385 das Gelübde der Keuschheit in einem Kloster gelernt
226 1374 1246 1431 hatte: so fügte es sich, daß er eine alte Hausjungfer,
221 1426 1238 1490 ihrer treuen Dienste halber, und zum theil auch aus
218 1474 1243 1536 andern Ursachen gerne verheyrathet wissen wolte.
223 1526 1248 1585 Es hieß aber von ihr, wie von dem ersten Menschen
218 1575 1236 1623 im Paradiese: Für sie ward kein Gehülfe gefunden
218 1621 1248 1675 Endlich ward unser Görge aus weisen Gründen dazu
223 1670 1243 1731 gewählt, den Wunsch der Jungfer Ursula zu befrie
223 1713 1248 1780 digen; und weil sie eine belohnungswürdige Person
223 1760 1254 1814 war: so kaufte ihr Herr, ihrem neuen Ehemann, ein
221 1803 1246 1862 Brauhaus in einer nahen Stadt, versorgte ihn mit
216 1855 1243 1924 dem nöthigen Gelde, eine Haushaltung anzufangen
223 1911 1205 1981 und machte ihn kurz zu einem glücklichen Manne.
275 1957 1243 2047 Was fehlte nun unsrem Görgen? Nach seiner
218 2019 1246 2086 Art lebte er so vergnügt, daß er oft über seinen Bru¬
223 2076 1236 2147 der Christoph herzlich lachen muste, wenn er hörte
223 2135 1251 2196 daß er auf Akademien studierte, sein kleines Vermö¬
226 2176 1243 2245 gen verzehrte, und dennoch ohne Gönner und Mä¬
223 2227 868 2299 eaͤnen arm und unversorgt blieb.
272 2271 1246 2350 Görge ward in dem Orte, wo er wohnte ein sehr
226 2330 1251 2409 geliebter Mann. Seine Nachbarn nannten ihn nur
226 2389 1251 2451 immer den frommen Görgen. Ihm konte man alle
229 2435 1246 2497 Geheimnisse des Herzens anvertrauen, ohne daß er
229 2492 1248 2553 sie jemals ausplauderte. Es war so gut, als ins
223 2530 1254 2597 Wasser geworfen. Sie anzuhören kostete ihm eine
223 2569 2289 2641 kleine Ueberwindung seiner Bequemlichkeit: sie zu nicht gewinnen. Er setzte also in die Lotterie, und
223 2633 1248 2695 vergessen, kostete ihm weiter nichts, als daß er ruhig
236 2684 1248 2746 schlief, und alle gehabte Ideen verträumte. Ob er
223 2728 1243 2800 indessen gleich nicht an Weisheit zunahm: so wuchs
223 2785 1243 2859 er doch am Bauche und an Jahren zu einem über
223 2831 1238 2885 männlichen Umkreise. Man nöthigte ihn gerne in
226 2880 1241 2944 Gesellschaften: denn er war still, ohne Widerspruch,
221 2931 1241 3016 eingekehrt in die Leere seines Kopfs, und ganz ohne
1256 339 2289 426 Gefühl. Er gab seinen Beyfall zu allem, was er
1266 414 2291 470 sah, und sah niemals einen Fehler, dem er seinen
1264 455 1893 521 Beyfall hätte versagen dörfen.
1945 465 2289 527 Eine weinerliche
1256 511 2289 568 klägliche Stimme war die Sprache seines Mitleidens,
1266 563 2286 624 und ein baucherschütternd Lachen die Sprache seines
1264 611 2289 665 Lobes über Tugend, Thorheit und Gebrechen.
1264 658 2289 709 Wenn man ihn ja in einigen Händeln zum Schieds¬
1261 706 2286 771 richter erwäͤhlte: so entschuldigte er sich damit, daß
1266 755 2291 812 er auf die Streitsache nicht achtung gegeben hätte!
1264 807 2286 873 oder er sagte ganz kurz: das geht mich nichts an!
1264 861 1996 925 Wer sich zankt, mag sich vertragen!
1310 896 2291 979 Seine Frau wünschte indessen, daß ihr lieber
1269 958 2289 1033 Mann doch auch irgend ein Ehrenämtgen bekommen
1272 1015 2291 1076 möchte, um nicht so schlechtweg Frau Görgen zu
1274 1069 2289 1135 heissen. Und auch dies Glück erlangte unser Görge
1269 1120 2296 1176 ohne alle sein Verdienst und Würdigkeit, Sorgen
1272 1169 2291 1230 und Wissenschaft. Man brauchte eben damals zu
1277 1210 2291 1274 Besetzung eines wichtigen Amts einen Mann, der
1274 1259 2302 1328 durch fünf Finger sah, und überall nichts sah; der
1277 1315 2296 1377 Pferde für Bäume hielte, und alle Rechnungen ge¬
1274 1367 2294 1444 nau und richtig fand. Er ward also, das, was er
1269 1413 2294 1472 ward. Konte er gleich mit dem Kopfe kaum Ja!
1269 1469 2294 1528 nicken: so war er doch auch kein Rabulist, der alles
1274 1516 2291 1570 besser wissen wil, als seine Collegen. Man brachte
1269 1562 2296 1623 alle Rechtssachen gerne vor sein Tribunal, er beschied
1269 1621 2291 1680 die Partheyen auf weitern Verhör, und bat indessen,
1277 1662 2291 1716 den ältesten seiner Collegen, welcher der Schöpfer
1284 1711 2296 1772 seines Amts war, um sein Urtheil. Ob nun gleich
1272 1749 2296 1821 auch hiebey viele Fehler vorgingen: so war es doch
1269 1806 2294 1867 weit entfernt, daß man unsern Göͤrgen darüber hätte
1274 1850 2294 1914 verläumden sollen. Die Parthen sagten weiter
1269 1906 2294 1973 nichts, als daß Görge ein Mensch sey, der auch feh¬
1274 1955 2299 2016 len könte, oder vielmehr der auf gestellte Ordre seiner
1282 2006 2289 2070 Frauen fehlen müsse. Er selbst hätte ein gutes Herz,
1269 2055 2294 2140 und mit seinem guten oder bösen Willen würde er
1272 2101 1688 2176 kein Kind beleidigen.
1318 2158 2286 2237 Görge war also geehrt, vermögend, gesund und
1274 2217 2294 2286 stark. Sein Glück vermehrte sich älle Tage. Ein¬
1277 2276 2291 2340 stens hörte er etwas von einer Amsterdammer=Lotte=
1277 2327 2289 2389 rie, wobey er gewinnen könte. Kind, sagte er zu
1272 2376 2289 2438 seiner Frau, Ich denke, wir setzen auch etliche Tha¬
1274 2433 2289 2489 ler. Hilft es nicht: so wird es uns auch nicht
1274 2474 2289 2533 schaden. Ehrlich kommt ja überall durch. Ich habe
1274 2528 2286 2587 ja nie einen Menschen beleidigt: warum solte ich
1266 2633 2289 2684 nachdem er sich über diesen Einfall, in die Lotterie
1272 2672 2289 2738 zu setzen, oft herzlich und überflüßig satt gelacht
1269 2720 2289 2813 hatte: so erhielte er endlich die Nachricht, daß sein
1266 2772 1950 2851 Loos 4000 Rthkc. gewonnen hatte.
1310 2810 2286 2903 Eine reiche Matrone, die ihren Anverwandten aus
1259 2892 2284 2946 besonderer Feindschaft enterbte, wolte gerne einen
1266 2939 2284 3005 Mann zum Erben einsetzen, der ihr nie weder Gutes
2178 2990 2284 3067 noch
