2479 3508
192 352 315 412 Mama
342 351 409 411 eben
447 351 484 411 ein
522 348 634 408 solcher
659 351 770 411 Zufall
796 351 851 411 auf
883 351 982 411 seinen
1014 351 1126 411 Reisen
1164 348 1213 408 be¬

189 402 311 462 gegnet
333 400 428 460 seyn,
450 398 476 458 so
503 398 630 458 würden
673 399 732 459 wir
764 401 827 461 uns
860 401 1045 461 abscheulich
1078 401 1216 461 argern,

198 449 294 509 diesen
332 449 488 509 Umstand
516 446 586 506 hier
614 452 742 512 erzählt
764 452 796 512 zu
829 452 959 512 haben,
992 452 1104 512 wollen
1143 452 1201 512 und

194 503 332 563 gebieten
360 500 460 560 auch,
487 500 546 560 daß
573 503 630 563 kein
658 503 775 563 junger
796 500 881 560 Herr
914 500 982 560 dies
1004 500 1094 560 Buch
1132 500 1206 560 lesen

190 549 261 609 soll.
317 547 372 607 Im
417 551 628 611 Gegentheil
651 551 833 611 empfehlen
867 549 927 609 wir
956 551 1094 611 dasselbe
1123 551 1200 611 allen

193 598 364 658 Kutschern
404 595 414 655 —
478 602 659 662 Bedienten
699 599 708 659 —
773 599 998 659 Handwerks=
1018 600 1081 660 und
1107 600 1214 660 Wan¬

198 649 403 709 derburschen
440 647 455 707 -

516 652 708 712 verlaufnen
754 649 972 709 Dienstboten
1013 649 1074 709 und
1115 649 1216 709 Ban¬

190 702 457 762 queroutierern,
485 706 545 766 und
572 706 687 766 werfen
720 702 747 762 es
775 700 890 760 hiemit
912 701 939 761 zu
967 703 1054 763 ihren
1087 701 1218 761 Füͤßen,

1253 351 1368 411 melden
1397 348 1472 408 aber
1496 351 1565 411 auch
1589 352 1756 412 zugleich,
1780 352 1837 412 daß
1861 354 1964 414 sobald
1988 354 2028 414 sie
2046 351 2098 411 sich
2122 351 2260 411 darüber

1246 401 1304 461 satt
1326 401 1448 461 gelacht
1470 401 1598 461 haben,
1609 400 1667 460 wir
1689 401 1785 461 ihnen
1818 401 1870 461 auf
1892 401 1961 461 eben
1999 401 2111 461 solchen
2138 401 2271 461 possier¬

1246 451 1338 511 lichen
1366 450 1463 510 Fuß,
1491 450 1534 510 die
1562 451 1746 511 Geschichte
1763 449 1817 509 des
1845 452 1894 512 D.
1911 452 2084 512 Fausts,
2112 452 2182 512 oder
2210 452 2258 512 der

1255 500 1372 560 schönen
1409 500 1656 560 Dulcinea,
1682 500 1769 560 einer
1796 500 1924 560 Enkelin
1960 502 2068 562 unsers
2105 502 2259 562 Eulen¬

1251 551 1435 611 spiegels
1473 551 1531 611 zum
1585 551 1759 611 beliebigen
1807 551 2024 611 Zeitvertreib
2067 554 2246 614 mittheilen

1245 598 1380 658 wollen.
1432 598 1547 658 Kostet
1578 599 1603 659 in
1644 601 1881 661 vorbemeldten
1917 601 2124 661 Kanterschen
2155 604 2265 664 Buch=

1246 649 1453 709 handlungen
1492 652 1530 712 24
1564 652 1618 712 gr.

442 864 634 924 Berlin,
665 864 719 924 den
762 866 821 926 22.
852 864 942 924 Jan.

248 918 321 978 Bey
352 915 400 975 der
426 916 517 976 18ten
548 916 689 976 Ziehung
727 915 775 975 der
812 918 947 978 hiesigen
972 915 1107 975 Lotterie
1138 915 1198 975 sind

191 967 242 1027 die
266 969 456 1029 Nummern
498 969 537 1029 1.
567 966 607 1026 5.
642 966 705 1026 13.
735 968 804 1028 40.
833 969 902 1029 50.
932 967 1191 1027 herausgezogen

190 1021 348 1081 worden.

409 1061 717 1121 Magdeburg,
743 1064 791 1124 den
824 1065 866 1125 8.
898 1067 989 1127 Jan.

250 1112 292 1172 Jn
330 1118 378 1178 dem
428 1114 606 1174 verfloßnen
644 1112 803 1172 1764sten
828 1114 945 1174 Jahre
971 1114 1031 1174 sind
1063 1115 1093 1175 in
1118 1115 1210 1175 hiesi=

195 1169 250 1229 ger
272 1172 344 1232 Alt=
366 1169 426 1229 und
449 1166 615 1226 Neustadt
638 1163 698 1223 wie
726 1163 797 1223 auch
826 1163 1036 1223 Sudenburg
1064 1164 1213 1224 Magde=

190 1219 270 1279 burg
298 1216 357 1276 236
390 1216 482 1276 Paar
504 1213 650 1273 getraut,
683 1212 770 1272 1116
803 1210 927 1270 Kinder
949 1213 1111 1273 geboren,
1139 1212 1198 1272 und

188 1270 257 1330 958
286 1267 448 1327 Personen
478 1264 657 1324 gestorben.
710 1261 808 1321 Sind
849 1262 907 1322 also
942 1264 999 1324 158
1040 1264 1133 1324 mehr
1162 1261 1214 1321 ge=

191 1315 286 1375 boren
319 1316 361 1376 als
383 1312 570 1372 gestorben.

443 1357 688 1417 Dresden,
725 1354 782 1414 den
808 1354 844 1414 8.
866 1354 959 1414 Jan.

242 1407 313 1467 Die
340 1407 525 1467 Erziehung
546 1404 597 1464 des
629 1401 747 1461 jungen
784 1402 1000 1462 Churfürsten
1038 1396 1109 1456 war
1135 1396 1181 1456 dem

187 1458 292 1518 Herrn
323 1455 394 1515 Abt
414 1452 546 1512 Victor,
572 1449 657 1509 einem
699 1449 951 1509 Piemonteser,
977 1446 1204 1506 anvertrauet.

190 1506 252 1566 Da
275 1509 308 1569 er
332 1506 405 1566 aber
429 1506 462 1566 um
503 1503 581 1563 seine
610 1501 786 1561 Erlassung
821 1500 985 1560 anhielte,
1014 1503 1041 1563 so
1064 1499 1104 1559 ist
1122 1497 1200 1557 seine

190 1563 306 1623 Stelle
329 1560 384 1620 dem
423 1558 528 1618 Herrn
556 1554 589 1614 de
607 1554 634 1614 la
662 1557 773 1617 Forell
790 1557 851 1617 aus
879 1554 1051 1614 Freyburg
1079 1552 1106 1612 in
1151 1551 1200 1611 der

814 1606 858 1666 Er
887 1605 925 1665 ist
955 1602 1206 1662 Commendant

193 1613 377 1673 Schweitz,
410 1610 544 1670 gegeben
578 1609 729 1669 worden.

192 1666 244 1726 des
272 1661 630 1721 Maltheser=Ordens,
657 1661 714 1721 und
747 1659 810 1719 war
831 1658 973 1718 ehemals
1000 1655 1200 1715 Hofmeister

190 1715 243 1775 des
277 1715 423 1775 Prinzen
457 1712 586 1772 Xaver,
620 1711 744 1771 jetzigen
783 1709 1066 1769 Administrators
1099 1706 1202 1766 dieses

193 1766 555 1826 Churfürstenthums.

416 1808 670 1868 Hamburg,
699 1808 755 1868 den
790 1808 857 1868 18.
881 1808 976 1868 Jan.

243 1861 385 1921 Morgen
414 1858 492 1918 wird
522 1855 572 1915 das
601 1853 714 1913 hiesige
737 1855 964 1915 Commercium
1010 1855 1095 1915 viele
1112 1855 1213 1915 Festi¬

184 1912 306 1972 vitäten
338 1904 507 1964 anstellen,
534 1903 613 1963 weil
630 1900 693 1960 100
726 1900 815 1960 Jahr
837 1900 996 1960 verflossen
1028 1902 1112 1962 sind,
1139 1905 1208 1965 seit¬

188 1961 233 2021 dem
274 1960 314 2020 ein
351 1952 687 2012 Commerzcollegium
728 1948 876 2008 errichtet
897 1948 1024 2008 worden
1055 1951 1105 2011 ist.

380 2002 703 2062 Donaustrom,
735 2001 788 2061 den
825 2002 862 2062 5.
889 1999 984 2059 Jan.

242 2055 360 2115 Briefe
378 2052 434 2112 aus
463 2052 558 2112 Wien
582 2052 735 2112 melden,
764 2049 814 2109 daß
843 2049 894 2109 der
917 2047 1200 2107 Oberhofmeister

191 2114 243 2174 bey
274 2108 361 2168 Ihro
392 2103 556 2163 Majestät
586 2103 638 2163 der
663 2103 998 2163 Kayserin=Königin
1034 2100 1086 2160 der
1105 2097 1198 2157 Graf

190 2165 246 2225 von
274 2154 425 2214 Uhlefeld
454 2151 531 2211 seine
566 2151 694 2211 Würde
723 2154 924 2214 niederlegen
964 2151 1086 2211 werde.

193 2214 283 2274 dessen
323 2201 521 2261 Nachfolger
550 2199 714 2259 bestimmt
749 2204 816 2264 man
862 2205 913 2265 den
953 2204 1196 2264 Feldmarschal

191 2261 315 2321 Grafen
357 2253 410 2313 von
446 2247 582 2307 Daun,
618 2250 676 2310 und
719 2254 771 2314 der
808 2252 1062 2312 Feldmarschall
1093 2253 1198 2313 Prinz

192 2311 348 2371 Friedrich
392 2301 448 2361 von
492 2297 861 2357 Pfalz=Zweybrücken
906 2303 986 2363 wird
1024 2303 1055 2363 an
1093 2303 1192 2363 dessen

194 2363 309 2423 Stelle
327 2357 384 2417 das
408 2348 872 2408 Generalkriegsdirectorium
913 2354 1156 2414 übernehmen.

470 2396 637 2456 Paris,
672 2398 727 2458 den
762 2401 800 2461 7.
829 2405 923 2465 Jan.

232 2455 314 2515 Die
337 2449 535 2509 Universität
563 2445 618 2505 hat
651 2445 695 2505 ein
723 2450 949 2510 Programma
983 2452 1203 2512 herausgege¬

184 2509 273 2569 ben,
301 2501 451 2561 wodurch
491 2497 529 2557 sie
558 2497 703 2557 bekannt
731 2500 859 2560 macht,
893 2503 954 2563 daß
993 2503 1044 2563 der
1078 2503 1205 2563 Preis,

187 2560 324 2620 welchen
349 2553 401 2613 der
426 2548 568 2608 Königl.
587 2545 753 2605 Secretär
779 2548 837 2608 und
862 2551 1219 2611 Hypothekenbewah¬

189 2612 239 2672 rer
265 2611 340 2671 Hr.
366 2603 504 2663 Johann
542 2593 700 2653 Babtista
726 2599 896 2659 Coignard
928 2601 959 2661 in
998 2601 1047 2661 der
1073 2602 1212 2662 lateini¬

189 2661 264 2721 schen
296 2653 548 2713 Beredsamkeit
581 2643 757 2703 ausgesetzt
783 2646 834 2706 der
866 2649 966 2709 besten
992 2648 1131 2708 Schrift
1157 2649 1181 2709 im

200 2712 287 2772 Jahr
315 2705 422 2765 1765.
437 2700 544 2760 werde
572 2694 747 2754 zuerkannt
775 2697 930 2757 werden,
965 2700 1079 2760 welche
1107 2700 1207 2760 gehö=

187 2760 238 2820 rig
265 2757 446 2817 bestimmen
473 2748 577 2808 wird:
604 2745 688 2805 Wie
708 2742 818 2802 schwer
845 2745 877 2805 es
911 2748 988 2808 sey,
1008 2748 1060 2808 den
1093 2748 1203 2808 Scha¬

196 2811 246 2871 den
279 2808 361 2868 einer
381 2802 580 2862 versäumten
607 2793 818 2853 Kinderzucht
838 2796 863 2856 zu
889 2796 1094 2856 verbessern?
1121 2799 1197 2859 Der

181 2858 333 2918 Urheber
362 2857 416 2917 der
445 2848 666 2908 Preisschrift
695 2846 750 2906 vom
792 2844 888 2904 Jahr
917 2847 1006 2907 1764
1048 2848 1089 2908 ist
1118 2849 1200 2909 nicht

190 2911 454 2971 auszuforschen.
482 2902 597 2962 Dieser
618 2897 719 2957 Preis
747 2897 827 2957 ward
862 2897 909 2957 zum
951 2900 1018 2960 3ten
1046 2903 1113 2963 mal
1134 2900 1201 2960 auf=

1247 866 1377 926 gesetzt,
1407 865 1466 925 und
1491 864 1573 924 wird
1597 867 1692 927 1765
1716 867 1792 927 über
1823 867 1870 927 die
1900 864 1982 924 beste
2007 864 2255 924 Ausarbeitung

1251 915 1401 975 ertheilet
1422 915 1572 975 werden,
1598 915 1708 975 welche
1734 915 1784 975 den
1815 916 1900 976 Satz
1920 915 2046 975 gehörig
2076 915 2252 975 entwickeln

1251 963 1356 1023 wird:
1383 965 1462 1025 Daß
1500 965 1531 1025 da
1568 963 1615 1023 die
1648 963 1727 1023 beste
1759 966 2002 1026 Unterweisung
2034 966 2087 1026 der
2119 963 2255 1023 Jugend

1246 1013 1321 1073 sey,
1344 1013 1392 1073 wo
1414 1013 1462 1073 die
1485 1013 1630 1073 schärfste
1653 1013 1750 1073 Zucht
1773 1016 1967 1076 angetroffen
1995 1013 2114 1073 werde.
2174 1013 2255 1073 Das

1249 1064 1454 1124 Parlament
1475 1063 1530 1123 von
1561 1064 1747 1124 Languedoc
1773 1064 1828 1124 hat
1849 1063 1903 1123 das
1929 1062 2050 1122 Edict,
2076 1064 2161 1124 durch
2191 1063 2266 1123 wel=

1246 1112 1316 1172 ches
1338 1112 1386 1172 die
1414 1112 1604 1172 Einsetzung
1637 1115 1686 1175 der
1708 1115 1859 1175 Jesuiten
1893 1112 1946 1172 für
1974 1115 2093 1175 nichtig
2126 1112 2266 1172 erkläret

1246 1163 1344 1223 wird,
1364 1163 1418 1223 den
1453 1165 1581 1225 19ten,
1606 1164 1669 1224 und
1699 1166 1753 1226 das
1778 1163 1979 1223 Parlament
2009 1163 2063 1223 von
2088 1163 2260 1223 Provence

1245 1211 1296 1271 den
1328 1213 1430 1273 22sten
1467 1213 1555 1273 Dec.
1576 1213 1658 1273 ohne
1679 1213 1725 1273 die
1752 1213 1912 1273 geringste
1938 1213 2176 1273 Veränderung
2208 1213 2264 1273 da¬

1245 1261 1301 1321 bey
1327 1261 1357 1321 zu
1389 1261 1543 1321 machen,
1569 1261 1806 1321 protocolliret.
1884 1262 2001 1322 Beyde
2023 1261 2176 1321 Gerichte
2203 1261 2259 1321 ha¬

1247 1309 1298 1369 ben
1329 1309 1483 1369 besondre
1504 1309 1648 1369 Decrete
1669 1312 1833 1372 gemacht,
1865 1312 1900 1372 um
1953 1312 2050 1372 dieses
2081 1311 2179 1371 Edict
2205 1310 2256 1370 zur

1242 1354 1463 1414 Ausführung
1495 1354 1520 1414 zu
1552 1357 1716 1417 bringen,
1743 1359 1804 1419 und
1831 1360 1877 1420 die
1903 1360 2052 1420 Jesuiten
2084 1360 2114 1420 zu
2151 1358 2264 1418 nöthi¬

1240 1400 1323 1460 gen,
1352 1399 1408 1459 daß
1441 1399 1477 1459 sie
1506 1400 1664 1460 nirgends
1698 1402 1744 1462 als
1777 1402 1809 1462 an
1847 1403 1898 1463 den
1926 1404 2057 1464 Orten,
2085 1404 2132 1464 wo
2160 1406 2202 1466 sie
2221 1409 2248 1469 zu

1242 1445 1350 1505 Hause
1376 1446 1546 1506 gehören,
1573 1446 1650 1506 oder
1682 1446 1728 1506 wo
1765 1449 1836 1509 ihre
1868 1449 2033 1509 Familien
2070 1452 2245 1512 angesessen

1250 1495 1307 1555 sind
1329 1494 1492 1554 wohnen,
1525 1497 1583 1557 und
1610 1497 1657 1557 sich
1690 1499 1816 1559 überall
1838 1500 1906 1560 nach
1933 1498 1986 1558 den
2018 1497 2166 1557 Gesetzen
2203 1503 2250 1563 des

1245 1548 1361 1608 Reichs
1388 1551 1445 1611 und
1478 1550 1530 1610 den
1567 1551 1831 1611 Verordnungen
1868 1551 1920 1611 der
1942 1553 2174 1613 Parlamenter
2206 1554 2258 1614 be¬

1246 1603 1376 1663 tragen.
1427 1602 1500 1662 Von
1540 1602 1658 1662 Nancy
1693 1605 1845 1665 hingegen
1879 1605 1958 1665 wird
1992 1606 2161 1666 berichtet,
2196 1607 2252 1667 daß

1240 1655 1399 1715 gedachtes
1426 1653 1527 1713 Edict
1543 1655 1628 1715 nicht
1650 1655 1745 1715 dahin
1778 1655 1958 1715 gekommen
1990 1655 2064 1715 sey,
2092 1658 2149 1718 und
2177 1658 2245 1718 auch

1247 1706 1399 1766 daselbst,
1423 1703 1451 1763 so
1475 1706 1571 1766 lange
1600 1706 1651 1766 der
1680 1709 1787 1769 König
1816 1709 2026 1769 Stanislaus
2061 1709 2152 1769 lebe,
2175 1709 2260 1769 nicht

1241 1760 1313 1820 statt
1336 1757 1437 1817 haben
1466 1754 1595 1814 werde.

1513 1805 1718 1865 Ostende,
1747 1807 1801 1867 den
1830 1809 1869 1869 8.
1897 1808 1991 1868 Jan.

1293 1855 1417 1915 Briefe
1440 1854 1496 1914 aus
1525 1852 1705 1912 Frankreich
1734 1858 1858 1918 geben,
1886 1857 1937 1917 daß
1977 1855 1999 1915 in
2039 1858 2157 1918 einigen
2186 1855 2258 1915 Hät

1244 1906 1287 1966 fen
1314 1903 1454 1963 dortigen
1488 1900 1698 1960 Königreichs
1731 1906 1931 1966 verschiedne
1953 1906 2250 1966 Transportschiffe

1240 1950 1341 2010 wåren
1372 1950 1550 2010 gemiethet
1571 1951 1729 2011 worden,
1755 1952 1790 2012 um
1842 1953 1907 2013 eine
1938 1953 2070 2013 Menge
2096 1954 2249 2014 Jesuiten

1238 1999 1328 2059 nebst
1359 1996 1514 2056 derselben
1540 1999 1671 2059 Gütern
1707 1999 1777 2059 nach
1803 2002 1989 2062 Paraguay
2020 1999 2044 2059 in
2075 2002 2256 2062 Südame¬

1238 2048 1330 2108 rica,
1357 2046 1449 2106 allwo
1481 2046 1563 2106 diese
1584 2046 1744 2106 Societät
1770 2046 2064 2106 bekanntermaßen
2101 2049 2142 2109 ein
2184 2054 2251 2114 sehe

1247 2097 1479 2157 weitläuftiges
1508 2097 1757 2157 Etablissement
1781 2098 1853 2158 hat,
1877 2100 2160 2160 überzubringen.

1503 2148 1689 2208 Genua,
1717 2150 1770 2210 den
1807 2149 1871 2209 20.
1898 2150 1988 2210 Dec.

1288 2199 1369 2259 Hier
1396 2202 1521 2262 werden
1554 2202 1782 2262 gegenwärtig
1820 2202 1961 2262 200000
1994 2202 2146 2262 Piasters
2179 2205 2254 2265 aus=

1240 2255 1384 2315 geschift,
1396 2254 1436 2314 die
1460 2250 1512 2310 der
1530 2252 1715 2312 Spanische
1734 2252 1802 2312 Hof
1821 2252 1895 2312 nach
1926 2250 2018 2310 Wien
2047 2252 2255 2312 übermacht.

1509 2303 1710 2363 Madrit,
1738 2303 1793 2363 den
1831 2303 1891 2363 24.
1919 2300 2011 2360 Dec.

1293 2351 1395 2411 Unser
1418 2348 1485 2408 Hof
1508 2351 1558 2411 hat
1582 2351 1705 2411 Befehl
1723 2351 1869 2411 ertheilt,
1893 2351 1920 2411 in
1949 2351 1994 2411 der
2023 2351 2175 2411 Provinz
2192 2348 2254 2408 Ca¬

1240 2404 1379 2464 talonien
1416 2402 1519 2462 einige
1550 2402 1633 2462 1000
1665 2402 1799 2462 Bäume
1820 2403 1851 2463 zu
1877 2399 1996 2459 fällen.
2064 2399 2239 2459 Dieselben

1242 2454 1326 2514 sollen
1364 2450 1396 2510 zu
1429 2449 1481 2509 den
1524 2452 1775 2512 Kriegsschiffen
1807 2452 1983 2512 gebraucht
2010 2446 2159 2506 werden,
2202 2449 2249 2509 die

1246 2502 1314 2562 man
1342 2500 1563 2560 gegenwärtig
1592 2503 1619 2563 zu
1654 2503 1784 2563 Ferrol,
1807 2501 1909 2561 Cadix
1938 2499 1999 2559 und
2034 2497 2242 2557 Carthagena

1246 2553 1362 2613 bauet.

1446 2599 1758 2659 Petersburg,
1780 2596 1836 2656 den
1875 2593 1936 2653 21.
1965 2594 2053 2654 Dec.

1292 2649 1337 2709 Am
1379 2649 1645 2709 letztverwichnen
1674 2646 1743 2706 St.
1761 2643 2045 2703 Catharinenfeste
2069 2649 2167 2709 haben
2191 2651 2253 2711 Jh=

1234 2700 1268 2760 ro
1298 2700 1453 2760 Kayserl.
1471 2697 1569 2757 Maj.
1598 2696 1609 2756 3
1639 2694 2014 2754 Generallieutenants,
2037 2697 2054 2757 5
2084 2702 2250 2762 General¬

1232 2751 1382 2811 majors,
1405 2751 1421 2811 5
1449 2745 1650 2805 Brigadiers
1679 2743 1739 2803 und
1768 2745 1801 2805 10
1835 2748 1986 2808 Obristen
2008 2751 2181 2811 ernennet.

1464 2793 1715 2853 Warschau,
1749 2795 1798 2855 den
1838 2799 1904 2859 17.
1933 2800 2027 2860 Jan.

1287 2847 1440 2907 Nachdem
1494 2846 1541 2906 sich
1569 2844 1605 2904 am
1653 2845 1870 2905 verwichenen
1908 2849 2056 2909 Montag
2088 2849 2252 2909 sämtliche

1238 2900 1344 2960 Herrn
1374 2898 1568 2958 Senatores
1593 2897 1651 2957 und
1687 2900 1852 2960 Ministri
1870 2903 1964 2963 gegen
2000 2901 2035 2961 11
2071 2897 2135 2957 Uhr
2165 2897 2253 2957 Vor=

2112 2950 2261 3010 mittag,
