2479 3508
557 1604 1726 1700 24tes Stück. Montag, den 25. März, 1765.
119 1664 1140 1770 Qu denen in dem 20sten Stück unserer Zeitungen
184 1749 1132 1809 bekannt gemachten Preisaufgaben, kommt noch
104 1783 2179 1845 eine hinzu, wolche wir mit so größerem Vergnügen in ihm mehr gehörig digerirt werden, auch ein
98 1832 2182 1894 hieher setzen, da sie von hoher Hand dem Publiko Arzneymittel eben so wenig von der Natur recht
98 1884 1138 1951 überliefert wird. E, hiesige Königl, hochver¬
98 1928 1125 1993 ordnete Krieges= und Domainenkammer,
104 1982 1127 2055 behält es sich vor, für denjenigen, welcher gegen
109 2008 2182 2096 wärtige Preisaufgabe am Praktischten erläutern und ob es alsdenn nicht von dem größesten Nutzen
98 2078 1130 2146 und auflösen wird, auf eine so vorzügliche Weise zu
109 2122 1130 2195 vergelten, daß ein so würdiger Patriot, durch diese
104 2166 2182 2254 Bemühung, die sich auf ganze Länder bezieht, vor= zu geben; denn es ist zu glauben, daß die Natur,
109 2231 1125 2301 gezogen, und seinen Verdiensten gemäß geschätzt und
104 2273 2179 2353 belohnt werden soll. Die Abhandlungen werden dem ist, sich vielleicht selbst helfen könne. Wenn dagegen
111 2332 2184 2397 Verleger dieser Zeitungen eingesandt, und bis zu ohne vorherige Anzeigen das Vieh mit vollem Ma¬
104 2381 1130 2446 Ende des Julius a. c. angenommen, um sodann
117 2418 1135 2501 E. hiesigen Königlichen hochverordneten
104 2475 1568 2558 Krieges= und Domainenkammer zur Beur= ne entledigt werden?
104 2524 1140 2622 cheilung und Belohnung vorgelegt werden zu können.
503 2565 739 2630 Aufgabe.
163 2591 1140 2697 In der Seuche des Rindviehes, als eines wieder¬
114 2674 1138 2752 ehnenden Thieres, scheinet eine große Ursache der
111 2710 1132 2809 Unheilbarkeit dieser Krankheit eben darin zu liegen:
111 2765 1140 2858 daß dieses Wiederkauen beym Anfange der Krankheit
114 2814 1138 2905 verlohren geht, und dadurch nicht allein das Futter,
114 2874 1138 2977 welches es noch bey sich hat, ohne es wiederkäuet zu
1156 1671 2184 1754 haben, in eine schädliche Verwesung gerathen muß,
1163 1739 2182 1804 sondern auch, weil alsdenn keine Säfte des Thieres
1156 1892 2184 1943 angewandt werden kann. Es wird demnach gefra¬
1156 1925 2182 1985 get: Ob das Rindvieh Zeichen der Seuche an sich
1156 1969 2179 2037 habe, ehe es noch dieses Wiederkäuen verloren hat;
1153 2073 2182 2138 sey, ihm von diesem Zeitpunkte an, alles Futter zu
1153 2109 2187 2187 entziehen, und allenfalls nur ein reinigendes Mittel
1153 2216 2182 2278 wenn sie nicht durch unverdauliche Materie überladen
1161 2366 2182 2436 gen krank geworden, so frägt sich: Ob durch einiges
1156 2423 2187 2519 Mittel dasselbe dieses seinen schädlichen Futters kön
1226 2581 2187 2682 "Ausführliche und wahrhaftige Nachricht von dem¬
1184 2666 2187 2736 jenigen Versuche, der in dem Richterschen Garten
1176 2716 2184 2778 zu Leipzig gemacht worden ist, aus Hafer Korn
1174 2767 2184 2827 "und Weizen hervorzubringen, und dem glücklichen
1182 2819 1560 2897 "Erfolge desselben.
1583 2812 2184 2900 Aus dem Neuesten des Herrn
2055 2866 2187 2931 "Prof.
1215 2889 1578 2995 Neuestes August 175.
