2479 3508
223 354 292 414 und
316 351 473 411 verkauft
491 354 601 414 hatte.
649 353 700 413 Er
719 353 806 413 legte
824 354 876 414 sich
906 354 963 414 auf
994 356 1051 416 das
1087 354 1232 414 Läugnen

227 404 293 464 und
322 401 410 461 erbot
433 401 482 461 sich
505 401 560 461 zum
606 404 922 464 Reinigungseide,
962 407 994 467 zu
1028 404 1122 464 dessen
1156 404 1256 464 Able¬

221 453 311 513 gung
343 452 391 512 der
419 452 717 512 nächstkommende
733 455 861 515 jährige
877 455 1155 515 Gerichtstermin
1182 455 1240 515 aus

229 503 343 563 gesetzt
365 501 495 561 würde.
545 503 604 563 Als
637 503 746 563 solcher
774 506 1013 566 herannahete,
1041 503 1155 563 verfiel
1172 506 1198 566 er
1226 504 1247 564 in

229 553 320 613 einel
337 553 494 613 wirkliche
528 554 690 614 Raserey,
724 557 783 617 und
816 556 919 616 dieser
952 555 1185 615 Paroxismus
1218 555 1256 615 ist

232 604 291 664 alle
319 603 411 663 Jahr
433 604 470 664 um
509 604 591 664 diese
613 604 683 664 Zeit
706 604 1037 664 wiedergekommen.
1087 604 1168 664 Daß
1196 604 1260 664 die¬

234 653 282 713 ses
310 652 390 712 keine
418 653 624 713 Verstellung
651 655 694 715 sey
722 655 857 715 erhellet
885 655 1025 715 daraus,
1058 654 1112 714 daß
1139 653 1171 713 er
1194 654 1258 714 nie¬

231 703 324 763 mals
350 703 375 763 zu
408 703 578 763 Ablegung
600 704 745 764 besagten
766 703 864 763 Eides
890 703 999 763 citiret
1020 703 1170 763 worden,
1192 706 1253 766 und

234 752 299 812 daß
326 751 407 811 diese
429 754 624 814 periodische
652 754 835 814 Krankheit
857 752 906 812 sich
928 754 1036 814 richtig
1063 754 1258 814 eingestellet

234 803 323 863 hat,
361 804 498 864 obgleich
536 801 588 861 der
621 801 906 861 Gerichtstermin
944 803 1076 863 versetzt
1103 801 1240 861 gewesen

234 853 297 913 und
323 852 436 912 selbige
462 852 524 912 also
544 850 613 910 ihre
639 852 739 912 Crisin
772 854 847 914 eben
880 853 904 913 so
924 855 1012 915 wohl
1025 855 1170 915 gehalten
1190 854 1265 914 hat,

231 906 278 966 als
309 904 351 964 ein
381 903 653 963 Wechselfieber.

504 951 706 1011 Madrit,
738 951 786 1011 den
824 953 891 1013 29.
916 954 1008 1014 Dec,

280 1002 336 1062 In
365 1001 455 1061 einem
495 1001 632 1061 Reiche,
655 1001 751 1061 dessen
791 1001 1001 1061 vornehmste
1019 1001 1257 1061 Reichthümer

234 1100 392 1160 jenigen,
414 1100 462 1160 die
484 1100 557 1160 man
584 1100 706 1160 daraus
733 1100 838 1160 zieht,
861 1097 1083 1157 verursachet,
1105 1100 1163 1160 daß
1190 1094 1258 1154 man

236 1148 447 1208 diejenigen,
473 1145 519 1205 die
540 1148 611 1208 man
638 1148 694 1208 aus
725 1146 782 1206 dem
829 1145 988 1205 Ackerbau
1014 1148 1163 1208 erlangen
1195 1145 1245 1205 kön

239 1196 292 1256 te,
314 1197 398 1257 nicht
420 1195 488 1255 viel
505 1196 626 1256 achtet,
648 1196 722 1256 muß
755 1193 823 1253 man
855 1193 908 1253 sich
945 1196 1147 1256 natürlicher
1163 1193 1269 1253 Weise

235 1294 279 1354 ein
313 1292 502 1352 besonderes
530 1292 635 1352 Stück
658 1291 707 1351 der
736 1292 947 1352 Mineralien
981 1293 1114 1353 betrift,
1137 1294 1242 1354 freuen

236 1345 299 1405 und
329 1345 450 1405 Nutzen
480 1345 602 1405 daraus
626 1345 655 1405 zu
684 1342 788 1402 ziehen
818 1342 923 1402 suchen
999 1348 1051 1408 In
1075 1346 1254 1406 unterschie

242 1396 343 1456 denen
374 1396 579 1456 Goldminen
610 1396 663 1456 der
688 1393 844 1453 Provinz
863 1399 1026 1459 Papayan
1063 1401 1122 1461 und
1159 1399 1267 1459 inson¬

229 1446 365 1506 derheit
393 1445 419 1505 in
447 1446 501 1506 dem
540 1443 829 1503 Gouvernement
852 1449 905 1509 von
939 1449 1069 1509 Choco,
1103 1452 1162 1512 hat
1185 1449 1255 1509 man

232 1497 276 1557 ein
316 1495 478 1555 Mineral
501 1497 697 1557 gefunden,
726 1497 860 1557 welches
894 1500 1039 1560 Platina
1073 1500 1123 1560 del
1146 1500 1258 1560 Pinto

239 1548 408 1608 genennet
430 1543 535 1603 wird.
594 1542 673 1602 Don
711 1545 821 1605 Alexis
859 1546 1007 1606 Bosque
1034 1545 1070 1605 de
1103 1547 1261 1607 Murgia,

234 1596 279 1656 ein
310 1590 522 1650 Einwohner
543 1590 593 1650 der
619 1590 751 1650 hiesigen
782 1594 989 1654 Hauptstadt
1005 1593 1055 1653 hat
1071 1593 1187 1653 neulich
1213 1590 1258 1650 die

240 1691 303 1751 und
325 1687 351 1747 in
384 1685 452 1745 eine
474 1684 548 1744 feste
570 1685 633 1745 und
655 1685 714 1745 aus
741 1685 874 1745 gleichen
906 1685 1076 1745 Theilchen
1109 1685 1247 1745 bestehen

242 1787 329 1847 selbe
348 1786 500 1846 folgende
525 1781 795 1841 Eigenschaften:
820 1784 866 1844 1)
884 1785 995 1845 Seine
1014 1786 1113 1846 Farbe
1138 1784 1172 1844 ist
1185 1784 1261 1844 weiß
1302 1784 1361 1844 und
1397 1787 1467 1847 jede
1491 1784 1579 1844 ihrer
1609 1787 1738 1847 Nation
1774 1790 1962 1850 neugelegte
1992 1793 2156 1853 Kopfgeld
2192 1799 2303 1859 zahlen

240 1839 306 1899 und
334 1834 389 1894 von
418 1835 467 1895 der
495 1833 606 1893 Farbe
629 1834 683 1894 des
712 1834 855 1894 Silbers
878 1834 978 1894 wenig
1012 1837 1244 1897 unterschieden

244 1891 292 1951 2)
312 1888 354 1948 Es
386 1888 441 1948 hat
460 1885 595 1945 dasselbe
614 1885 663 1945 die
695 1885 799 1945 Härte
830 1889 886 1949 des
923 1891 1015 1951 besten
1053 1888 1194 1948 Eisens,
1226 1891 1256 1951 je

237 1942 305 2002 doch
330 1939 367 1999 ist
392 1939 423 1999 es
448 1939 529 1999 nicht
548 1936 573 1996 so
598 1939 672 1999 hart
698 1939 740 1999 als
767 1939 896 1999 Stahl.
922 1940 965 2000 3)
984 1942 1090 2002 Seine
1109 1942 1270 2002 Schwee=

235 1995 275 2055 re
305 1990 344 2050 ist
374 1990 437 2050 mit
461 1990 513 2050 der
549 1990 728 2050 Schweere
752 1990 804 2050 des
828 1991 955 2051 Goldes
984 1993 1129 2053 beynahe
1153 1996 1268 2056 gleich.

235 2043 287 2103 4)
317 2038 392 2098 Die
422 2040 585 2100 einfachen
620 2040 760 2100 Säuren
801 2043 860 2103 und
895 2043 988 2103 selbst
1018 2043 1075 2103 das
1111 2043 1256 2103 Scheide

236 2090 349 2150 wasser
373 2090 481 2150 fressen
510 2091 641 2151 dasselbe
676 2091 762 2151 nicht
785 2093 847 2153 an.
894 2096 945 2156 5)
968 2093 1145 2153 Hingegen
1180 2094 1259 2154 kann

236 2141 268 2201 es
296 2136 323 2196 in
351 2139 432 2199 aqua
454 2139 547 2199 regis
581 2139 738 2199 (welches
777 2140 853 2200 auch
892 2142 951 2202 das
985 2140 1077 2200 Gold
1111 2142 1263 2202 auflöset)

244 2187 424 2247 aufgelöset
451 2187 598 2247 werden,
636 2187 774 2247 welches
806 2186 938 2246 Wasser
965 2187 1012 2247 ihm
1055 2189 1123 2249 eine
1156 2188 1240 2248 schön

245 2234 437 2294 Goldfarbe
461 2231 568 2291 giebt.
608 2233 658 2293 6)
687 2232 726 2292 ist
756 2234 784 2294 es
818 2233 846 2293 so
875 2235 999 2295 biegsam
1051 2234 1095 2294 als
1124 2235 1265 2295 Metall,

252 2286 292 2346 7)
321 2286 355 2346 ist
379 2285 407 2345 es
437 2282 569 2342 gleicher
587 2278 754 2338 Polirung
784 2284 899 2344 fähig,
923 2285 986 2345 und
1004 2285 1102 2345 nichts
1131 2285 1257 2345 vermag

241 2336 292 2396 ihm
334 2337 385 2397 den
415 2335 531 2395 Glanz
555 2331 606 2391 den
642 2331 676 2391 es
705 2333 856 2393 einmahl
886 2333 960 2393 hat,
984 2336 1100 2396 wieder
1130 2333 1158 2393 zu
1199 2333 1268 2393 ver¬

241 2388 380 2448 derben,
409 2386 455 2446 so,
479 2383 536 2443 daß
566 2381 699 2441 derselbe
723 2381 838 2441 bleibt,
862 2381 955 2441 wenn
984 2387 1059 2447 man
1095 2384 1129 2444 es
1159 2385 1257 2445 gleich

236 2437 270 2497 an
300 2437 352 2497 der
376 2436 480 2496 freyen
516 2434 590 2494 Luft
609 2432 788 2492 ausgesetzt
807 2432 876 2492 seyn
900 2435 987 2495 läßt,
1011 2435 1086 2495 oder
1110 2436 1144 2496 es
1168 2435 1260 2495 sogas

242 2487 338 2547 unter
361 2488 412 2548 der
435 2482 520 2542 Erde
554 2485 729 2545 vergräbt.
776 2484 820 2544 8)
849 2482 922 2542 Hat
951 2484 979 2544 es
1002 2485 1076 2545 auch
1110 2485 1178 2545 noch
1218 2485 1262 2545 die

241 2538 413 2598 besondere
437 2536 662 2596 Eigenschaft,
687 2533 745 2593 daß
776 2533 805 2593 es
829 2533 876 2593 sich
906 2533 971 2593 mit
996 2536 1096 2596 keinem
1138 2536 1256 2596 anderr

246 2584 303 2644 der
327 2585 401 2645 fünf
425 2587 593 2647 geringern
622 2584 767 2644 Metalle
796 2584 981 2644 vermischt,
1017 2587 1155 2647 woraus
1190 2587 1259 2647 man

240 2635 342 2695 dessen
376 2635 472 2695 Feine
500 2637 646 2697 ermessen
684 2637 786 2697 kann,
809 2635 884 2695 noch
917 2635 976 2695 auf
1009 2637 1073 2697 eine
1106 2638 1160 2698 der
1193 2635 1257 2695 vier

237 2682 521 2742 gebräuchlichsten
558 2688 655 2748 Arten
686 2688 831 2748 auflösen
856 2685 946 2745 läßt.
996 2687 1068 2747 Aus
1105 2688 1159 2748 dem
1208 2687 1238 2747 im

236 2730 509 2790 letztverwichnen
544 2735 661 2795 Jahre
696 2736 730 2796 zu
766 2736 876 2796 Paris
912 2736 1254 2796 herausgekommnen

256 2781 454 2841 Jahrgange
482 2779 536 2839 der
565 2781 714 2841 Histoire
747 2784 780 2844 de
808 2785 1018 2845 l'Academie
1046 2787 1172 2847 Royale
1206 2784 1261 2844 des

237 2833 389 2893 Sciences
413 2829 475 2889 &c.
492 2829 531 2889 ist
549 2829 576 2889 zu
611 2832 764 2892 ersehen,
798 2837 854 2897 daß
884 2838 911 2898 de
940 2840 1087 2900 Maquer
1110 2838 1160 2898 die
1184 2838 1268 2898 Pla=

238 2886 307 2946 tina
331 2882 394 2942 mit
412 2879 464 2939 dem
505 2879 755 2939 Brennspiegel
784 2885 836 2945 zum
877 2888 987 2948 fließen
1017 2888 1173 2948 gebracht
1191 2888 1260 2948 hat.

243 2936 316 2996 Sie
343 2936 382 2996 ist
403 2932 542 2992 alsdenn
569 2930 635 2990 eben
669 2936 702 2996 so
729 2936 935 2996 geschmeidig
969 2939 1168 2999 geworden,
1195 2941 1255 3001 daß

1282 357 1317 417 sie
1342 358 1389 418 sich
1419 358 1490 418 eben
1515 360 1544 420 so
1569 360 1681 420 dünne
1712 359 1759 419 als
1795 360 1849 420 das
1879 360 1968 420 Gold
2004 360 2064 420 hat
2095 358 2231 418 schlagen
2267 360 2314 420 la=

1284 407 1363 467 ßen.
1427 407 1516 467 Man
1554 407 1686 467 ersiehet
1713 407 1770 467 aus
1809 410 1903 470 diesen
1941 407 2211 467 Eigenschaften,
2248 407 2311 467 wie

1287 455 1373 515 billig
1401 458 1536 518 dasselbe
1569 457 1655 517 einen
1683 457 1780 517 Platz
1808 458 1900 518 unter
1933 460 1987 520 den
2020 461 2156 521 übrigen
2189 458 2313 518 Metal¬

1281 507 1328 567 len
1361 509 1530 569 verdiene.
1568 506 1652 566 Man
1685 506 1758 566 kann
1785 504 1838 564 sich
1866 507 1997 567 dasselbe
2024 511 2050 571 zu
2083 509 2210 569 allerley
2237 509 2311 569 Ga¬

1289 557 1544 617 lanteriestücken
1575 556 1635 616 und
1670 554 1785 614 andern
1817 556 1947 616 Dingen
1982 560 2168 620 bedienen,
2198 560 2298 620 worin

1281 607 1318 667 es
1350 607 1498 667 niemals
1531 605 1657 665 einigen
1690 604 1769 664 Rost
1797 604 1982 664 annehmen
2019 608 2125 668 wird;
2157 609 2215 669 und
2248 610 2305 670 aus

1287 656 1356 716 eben
1389 658 1483 718 dieser
1502 655 1641 715 Ursache
1661 653 1767 713 schickt
1787 652 1818 712 es
1844 652 1894 712 sich
1920 655 2102 715 vorzüglich
2128 660 2223 720 sogar
2249 664 2305 724 vor

1283 707 1339 767 dem
1380 709 1505 769 Silber
1529 709 1557 769 zu
1586 706 1666 766 allen
1695 705 1786 765 Arten
1815 701 1872 761 von
1907 706 2198 766 Küchengeschirr.

1519 754 1780 814 Warschau,
1803 751 1858 811 den
1898 754 1958 814 24.
1987 754 2080 814 Jan.

1334 799 1382 859 An
1421 801 1469 861 dem
1519 804 1616 864 heute
1639 801 1693 861 bey
1726 802 1818 862 Hofe
1852 801 2042 861 celebrirten
2075 806 2286 866 Geburtstag

1296 852 1370 912 Sr.
1388 852 1486 912 Maj,
1510 852 1562 912 des
1592 852 1718 912 Königs
1749 849 1800 909 von
1829 850 1985 910 Preussen
2015 852 2189 912 erschienen
2219 858 2305 918 Ihr¬

1289 903 1391 963 Maj.
1409 900 1457 960 U.
1476 900 1517 960 A.
1536 900 1584 960 H.
1609 900 1669 960 mit
1694 900 1748 960 dem
1797 903 1972 963 schwarzen
2003 905 2225 965 Adlerorden.
2250 906 2298 966 An

1298 949 1347 1009 dem
1386 945 1546 1005 neulichen
1580 948 1678 1008 freyen
1712 951 1855 1011 Königl.
1872 953 1971 1013 Ball,
1999 953 2048 1013 der
2077 957 2175 1017 heute
2204 957 2264 1017 vor
2281 959 2297 1019 8

1292 997 1405 1057 Tagen
1434 995 1467 1055 am
1513 998 1745 1058 Geburtsfeste
1769 1002 1859 1062 Ihro
1888 1004 1989 1064 Maj.
2007 1004 2034 1064 in
2070 1006 2120 1066 dem
2166 1007 2233 1067 jetzt
2257 1007 2312 1067 ge¬

233 1050 286 1110 die
310 1052 523 1112 Mineralien
553 1052 635 1112 sind,
665 1051 724 1111 und
748 1051 795 1111 wo
826 1050 872 1110 der
897 1049 1091 1109 Geschmack
1122 1051 1157 1111 an
1187 1046 1263 1106 den=
1293 1043 1494 1103 wöhnlichen
1536 1047 1725 1107 Redouten=
1756 1054 1844 1114 sonst
1868 1055 2009 1115 fürstlich
2052 1058 2305 1118 Radziwilschen

1290 1094 1435 1154 Palais,
1452 1096 1587 1156 gegeben
1626 1099 1777 1159 worden,
1804 1103 1934 1163 erschien
1972 1105 2042 1165 auch
2081 1106 2140 1166 auf
2167 1109 2313 1169 Königl.

1292 1142 1421 1202 Befehl
1438 1144 1497 1204 und
1525 1148 1730 1208 Belohnung
1763 1153 1817 1213 der
1850 1153 1920 1213 noch
1953 1154 2023 1214 hier
2046 1156 2234 1216 befindliche
2262 1156 2316 1216 be¬

1294 1193 1410 1253 kannte
1437 1195 1537 1255 Riese
1559 1193 1691 1253 Ghilli,
1712 1198 1839 1258 welcher
1866 1200 1929 1260 wie
1951 1201 2019 1261 man
2052 1201 2136 1261 einen
2168 1203 2305 1263 Goliath

240 1246 320 1306 über
342 1243 390 1303 die
418 1243 471 1303 vor
499 1243 607 1303 kurzer
629 1243 698 1303 Zeit
715 1241 877 1301 gemachte
905 1243 1109 1303 Entdeckung
1143 1243 1261 1303 welche
1300 1243 1358 1303 mit
1381 1243 1494 1303 Helm,
1511 1245 1688 1305 Harnisch,
1705 1246 1851 1306 Wamst,
1868 1247 2111 1307 Unterkleidern
2133 1250 2192 1310 und
2214 1250 2316 1310 Stie¬

1286 1296 1427 1356 felchen,
1444 1296 1503 1356 und
1530 1297 1589 1357 mit
1612 1297 1698 1357 einer
1720 1300 1915 1360 Hellebarde
1942 1298 1969 1358 in
2002 1297 2056 1357 der
2083 1300 2186 1360 Hand
2219 1301 2311 1361 abge¬

1291 1345 1434 1405 gebildet
1459 1348 1567 1408 siehet,
1586 1348 1639 1408 auf
1664 1351 1808 1411 Königl.
1827 1345 1940 1405 Kosten
1971 1348 2043 1408 sehr
2074 1348 2193 1408 propre
2212 1351 2314 1411 ange¬

1287 1399 1400 1459 kleidet
1423 1399 1508 1459 war.
1555 1399 1634 1459 Den
1669 1401 1736 1461 Tag
1765 1402 1885 1462 darauf
1903 1399 1987 1459 ward
2011 1402 2142 1462 Abends
2165 1402 2216 1462 bey
2239 1403 2312 1463 Sr.

1293 1449 1452 1509 Excellenz
1469 1452 1521 1512 dem
1561 1449 1686 1509 jetzigen
1716 1450 1915 1510 Woywoden
1944 1451 2001 1511 von
2024 1452 2155 1512 Wilda,
2173 1454 2218 1514 wo
2241 1454 2315 1514 Se.

1290 1500 1437 1560 Königl.
1460 1499 1555 1559 Maj.
1579 1500 1606 1560 zu
1641 1500 1782 1560 soupiren
1810 1503 2008 1563 geruheten,
2031 1503 2070 1563 ein
2093 1503 2172 1563 schön
2195 1503 2313 1563 Feuer¬

1286 1544 1371 1604 werk
1393 1545 1620 1605 abgebrannt.
1668 1548 1854 1608 Nunmehr
1876 1548 1913 1608 ist
1934 1550 1992 1610 das
2019 1554 2231 1614 Münzwesen
2258 1554 2300 1614 ein

1291 1590 1502 1650 Gegenstand
1534 1590 1587 1650 der
1608 1593 1909 1653 Beschäftigungen
1941 1596 1994 1656 des
2021 1599 2152 1659 Hofes,
2169 1600 2200 1660 um
2237 1603 2284 1663 der

242 1641 308 1701 Art
330 1638 385 1698 und
413 1634 523 1694 Weise
546 1637 706 1697 entdeckt,
729 1637 827 1697 dieses
856 1638 1016 1698 Mineral
1033 1637 1060 1697 zu
1088 1639 1253 1699 schmerlen
1293 1637 1414 1697 Reiche
1437 1637 1519 1697 eigen
1553 1636 1641 1696 Geld
1670 1637 1696 1697 zu
1730 1640 1934 1700 verschaffen.
1990 1643 2067 1703 Se.
2084 1646 2183 1706 Maj.
2206 1649 2305 1709 haben

1292 1685 1459 1745 deswegen
1487 1685 1552 1745 eine
1580 1685 1687 1745 eigene
1705 1688 1911 1748 Commißion
1938 1691 2134 1751 auszusetzen
2161 1697 2312 1757 geruhet.

243 1739 282 1799 de
306 1737 415 1797 Masse
439 1736 473 1796 zu
502 1733 657 1793 bringen.
710 1733 761 1793 In
790 1733 899 1793 solchem
940 1736 1101 1796 Zustande
1125 1735 1182 1795 hat
1200 1736 1268 1796 das=
1292 1730 1378 1790 Das
1401 1733 1626 1793 Aufschreiben
1661 1736 1706 1796 der
1742 1739 1879 1799 Juden,
1903 1739 1948 1799 die
1978 1741 2041 1801 nun
2070 1742 2127 1802 das
2162 1747 2219 1807 auf
2249 1748 2306 1808 alle

1287 1834 1438 1894 werden,
1461 1834 1520 1894 hat
1553 1837 1618 1897 nun
1651 1836 1738 1896 schon
1765 1837 1792 1897 im
1842 1840 1961 1900 ganzen
1995 1842 2092 1902 Reich
2120 1843 2211 1903 ihren
2245 1846 2315 1906 An¬

1293 1889 1369 1949 fang
1399 1888 1611 1948 genommen,
1629 1891 1711 1951 wozu
1741 1891 1793 1951 für
1818 1894 1876 1954 jede
1894 1894 2165 1954 Woywodschaft
2183 1894 2306 1954 gewisse

1290 1942 1545 2002 Commissarien
1579 1942 1756 2002 ausgesetzt
1784 1943 1862 2003 sind,
1890 1945 2079 2005 dergleichen
2118 1948 2190 2008 auch
2218 1945 2301 2005 schon

1286 1995 1318 2055 zu
1352 1993 1591 2053 Untersuchung
1624 1993 1672 2053 des
1700 1993 1820 2053 vierten
1853 1993 1967 2053 Theils
1995 1996 2043 2056 der
2071 1996 2315 2056 Starosteyen¬

1284 2043 1469 2103 einkünfte,
1491 2042 1539 2102 der
1562 2040 1615 2100 zum
1660 2040 1850 2100 Kronschatz
1867 2040 2003 2100 jahrlich
2031 2043 2210 2103 abgegeben
2232 2045 2313 2105 wer¬

1291 2089 1344 2149 den
1376 2088 1449 2148 soll,
1466 2090 1523 2150 mit
1545 2088 1597 2148 dem
1640 2086 1803 2146 künftigen
1846 2088 1978 2148 Monat
1994 2088 2020 2148 in
2052 2091 2110 2151 alle
2132 2091 2311 2151 Woywod¬

1297 2136 1426 2196 schaften
1459 2136 1604 2196 kommen
1649 2133 1794 2193 werden.
1843 2135 1918 2195 Die
1946 2136 2059 2196 bisher
2087 2139 2156 2199 hier
2189 2141 2286 2201 herum

1293 2184 1481 2244 gestandene
1503 2181 1669 2241 Rußische
1692 2183 1841 2243 Truppen
1875 2187 2063 2247 marschiren
2097 2187 2157 2247 seit
2186 2190 2302 2250 gestern

1288 2231 1345 2291 von
1381 2231 1445 2291 hier
1475 2229 1526 2289 ab,
1550 2231 1620 2291 aber
1644 2232 1719 2292 vors
1744 2234 1819 2294 erste
1854 2237 1924 2297 nach
1960 2237 2093 2297 polnisch
2129 2240 2315 2300 Preussen,

1289 2282 1434 2342 woselbst
1460 2279 1497 2339 sie
1516 2279 1585 2339 noch
1611 2281 1668 2341 von
1700 2285 1756 2345 dem
1801 2288 1907 2348 letzten
1940 2291 2066 2351 Kriege
2092 2291 2148 2351 her
2180 2294 2312 2354 Maga¬

1295 2333 1368 2393 zins
1396 2333 1489 2393 haben
1524 2333 1637 2393 sollen.

1293 2458 1628 2518 Wechsel-Cours
1650 2458 1664 2518 &
1723 2464 1879 2524 Species
1909 2466 1944 2526 d.
1966 2470 2015 2530 7.
2037 2469 2159 2529 Febr.
2181 2473 2301 2533 1765.

1902 2512 1942 2572 71
1964 2521 2046 2581 Tage
2074 2526 2164 2586 309½
2185 2529 2232 2589 gr.

1296 2515 1480 2575 Amsterdam
1516 2517 1557 2577 41
1575 2515 1658 2575 Tage
1682 2518 1747 2578 311
1765 2520 1812 2580 gr.

1291 2566 1468 2626 Hamburg
1501 2566 1508 2626 3
1539 2568 1593 2628 W.
1609 2570 1741 2630 135gr.

1854 2566 1867 2626 6
1900 2567 1959 2627 W.
1979 2575 2150 2635 134½gr.

1295 2614 1403 2674 Berlin

1809 2618 1959 2678 Dantzig
1997 2620 2029 2680 24
2062 2617 2115 2677 pr.
2126 2617 2206 2677 Cto.

1293 2664 1440 2724 Ducaten
1460 2664 1537 2724 neue
1563 2666 1568 2726 9
1596 2667 1633 2727 fl.
1647 2667 1652 2727 6
1673 2669 1730 2729 gr.

1856 2666 1991 2726 Alberts
2008 2667 2105 2727 Taler
2122 2667 2182 2727 130
2209 2668 2263 2728 gr.

1296 2715 1414 2775 Rubel
1432 2718 1496 2778 113
1526 2718 1579 2778 gr.

1787 2717 1848 2777 Alt
1862 2715 2000 2775 Polnisch
2021 2715 2096 2775 Geld
2117 2720 2151 2780 13
2173 2721 2227 2781 pr.
2241 2724 2316 2784 Cto.

1296 2766 1370 2826 Alte
1393 2764 1437 2824 72
1460 2765 1467 2825 6
1497 2769 1549 2829 pr.
1572 2769 1646 2829 Cto.

1297 2855 1395 2915 Diese
1414 2855 1558 2915 Gelehree
1578 2855 1631 2915 und
1659 2855 1821 2915 Politische
1840 2852 1967 2912 Zeitung
1995 2852 2058 2912 wird
2086 2852 2130 2912 des
2158 2861 2311 2921 Montag=

1403 2901 1458 2961 und
1489 2900 1636 2960 Freytags
1657 2897 1861 2957 Vormittags
1887 2894 1917 2954 um
1958 2894 1983 2954 10
2014 2894 2074 2954 Uhr
2091 2895 2116 2955 in
2142 2899 2187 2959 dem

1485 2945 1685 3005 Kanterschen
1709 2939 1887 2999 Buchladen
1916 2939 2128 2999 ausgegeben.
