2479 3508
160 282 1181 398 ten Wundern, und der höchst glaubwürdigen Nach¬
165 369 1183 455 richt davon beruhet. Ich bemerke nur hiebey, daß
158 439 1194 522 ich den Beweis aus dem Zeugnisse JEsu, blos in
152 488 1183 579 Ansehung der Vollständigkeit allen übrigen vorsetze,
158 566 1189 641 und als den einzigen ganz vollständigen vorstelle, aber
158 623 1183 703 weit entfernt bey den übrigen ihre Brauchbarkeit zu
165 687 1189 791 unseer Ueberzeugung von der Göttlichkeit der in der
165 749 1191 837 Jeiligen Schrift geoffenbarten Religion abzusprechen.
158 819 1196 920 Ich unterscheide die göttliche Eingebung der heiligen
168 889 1191 992 Schrift, und die Wahrheit und Göttlichkeit des dar=
158 956 1191 1036 in geoffenbarten Lehrbegriffes. Was die erstere an¬
165 1021 1191 1101 langt: so ist es unläugbar, daß solche aus den eig
158 1085 1194 1181 nen Wundern oder Weißagungen der Verfasser nicht
158 1165 1189 1225 in Ansehung aller Bücher der heiligen Schrift er¬
163 1225 1194 1302 weislich ist, weil mehrere Verfasser derselben weder
152 1279 1196 1359 Wunder verrichtet, noch Weißagungen ausgespro¬
163 1344 1196 1418 chen, noch solches ausdrücklich zum Beweise einer
163 1406 1189 1478 göttlichen Eingebung ihrer Schriften gethan haben,
158 1462 1194 1542 daß sich aber das Zeugniß JEsu auf die gesammten
165 1540 1191 1617 heiligen Schriften des alten und neuen Bundes er¬
173 1602 1196 1698 streckt. Was hingegen die andre betrift: so wird
165 1669 1191 1765 solche durch die von GOtt mit übernatürlichen Wir¬
158 1747 1191 1827 kungen versiegelte Sendung jedes einzelnen heiligen
168 1816 1191 1886 Mannes bestätigt, welcher diesen Lehrbegrif aus
158 1871 1189 1953 drücklich oder thätig für den wahren von GOtt geof
168 1946 1189 2018 senbarten Lehrbegrif erklärt hat. Und so habe ich
168 2008 1031 2088 mich hieruͤber aufs deutlichste §. 14. erklärt.
212 2111 1194 2230 Ich sehe mich genöthigt, die von mir ausgeführte
165 2207 1191 2294 Möglichkeit augenscheinlicherer Beweisthümer zu
173 2284 1199 2356 rechtfertigen. Da die ganze Absicht meiner Schrift
168 2346 1201 2424 dahin gerichtet war, den Anstößen an dem Mangel
163 2413 1196 2486 derselben zu begegnen; und ich offenbar solchen keine
171 2480 1196 2558 innere Unmöglichkeit augenscheinlicherer Beweisthü
168 2529 1196 2625 mer entgegensetzen konnte; so mußte ich die Mög¬
173 2602 1199 2682 sichkeit derselben an sich betrachtet voraussetzen. Aber
173 2656 2245 2765 nöthigte mich auch mein Endzweck, solche so ausführ, absprechen, und also solches für an sich unmöglich
168 2721 2245 2806 lich darzulegen? Ich glaube, daß er mich darzu ge¬ erklären könne: da dieser heilige Mann gewiß voll¬
168 2806 1201 2883 nöthigt habe. Wer Anstöße des Glaubens aus dem
168 2855 1201 2974 Wege räumen will, der muß solche zuförderst in ih¬
1209 274 2248 377 rer ganzen Stärke vortragen. Und wer den Deisten
1212 357 2243 457 von der Unbilligkeit seiner Forderungen überführen
1212 419 2245 506 will, der muß vorher von seinen gesammten Forde¬
1212 493 2245 576 rungen nicht nur unterrichtet seyn, sondern auch,
1220 545 2250 625 was darin möglich oder unmöglich ist, untersuchen.
1217 612 2253 692 Nun aber wird ein jeder bey einiger Bekanntschaft
1217 667 2248 760 mit den deistischen Schriften erkennen müssen, daß
1225 747 2248 832 ich keine Gattung von an sich möglich gewesenen augen=
1225 819 2250 902 scheinlicheren Beweisthümern nahmhaft gemacht ha=
1225 886 2253 956 be, welche nicht von diesem oder jenem Freygeiste ge¬
1225 940 2248 1028 fordert worden wäre. Alles, was ich bey Vorstel¬
1222 1005 2243 1093 lung derselben zugegeben, und behauptet habe, wird
1225 1067 2256 1155 von mir auf eine innere oder absolute Möglichkeit
1225 1129 2261 1227 derselben eingeschränkt §. 21. Meine ganze Schrift
1222 1196 2253 1279 aber ist dahin gerichtet zu erweisen, daß, obgleich
1222 1261 2256 1336 dergleichen an sich möglich gewesen, oder noch sind¬
1225 1331 2250 1398 doch die Ertheilung derselben mit der Weisheit und
1217 1385 2253 1468 Güte GOttes streiten würde, mithin äußerlich oder
1217 1452 2253 1535 bedingt unmöglich sey §. 4. Folglich ist mir nicht
1217 1514 2253 1599 in den Sinn gekommen, zu zeigen, was GOtt zun
1225 1581 2263 1659 Ueberzeugung von seiner Offenbarung über demjeni¬
1222 1641 2261 1734 gen, was er gethan hat, hätte thun sollen; son¬
1227 1705 2258 1803 dern, was er über demselben hätte an sich betrach¬
1220 1780 2253 1858 tet, thun können. Folglich wolle mir doch Nie¬
1222 1845 2261 1922 mand den Unsinn aufbürden, daß ich dem weisesten
1222 1909 2256 1974 Urheber seines Wortes Vorschläge zur bessern Ein¬
1220 1974 2250 2057 richtung der Beweisthümer desselben zu ertheilen
1225 2028 1506 2147 gewagt habe,
1269 2101 2253 2209 Nun kommt es darauf an, ob alle von mir an¬
1222 2201 2256 2281 gezeigten Arten von augenscheinlichern Beweisen an
1222 2269 2248 2346 sich möglich sind. Der Herr Recensente längnet
1222 2328 2256 2421 solches, und bringt zum Beweise dieses bey, daß
1222 2408 2248 2473 nach meinem Vorschlage der heilige Johannes ein
1222 2455 2248 2542 compendium theologiae dogmaticae hätte schreiben
1230 2527 2250 2612 sollen, oder können. Ich sehe nicht ab, wie Je¬
1227 2599 2240 2669 mand diesem Apostel das Vermögen darzu an sich
1225 2790 2248 2871 ständig und ausführlich die ganze Glaubenslehre er¬
1212 2865 2248 2961 kannt hat, und solche daher auch schreiben konnte.
2101 2917 2253 3028 Allein
