2479 3508
262 312 413 372 ordnung
442 314 588 374 gemacht
606 309 730 369 haben,
759 312 814 372 daß
854 309 905 369 die
934 309 1051 369 Krone
1080 309 1142 369 kein
1177 306 1283 366 Recht

261 364 404 424 daruber
437 360 570 420 behält,
592 360 651 420 sein
683 360 811 420 Proceß
844 360 918 420 mag
951 360 1079 420 schlimm
1128 360 1202 420 oder
1229 360 1293 420 gut

265 413 444 473 ablaufen.
494 410 553 470 So
581 409 646 469 viel
668 411 705 471 ist
723 410 847 470 gewiß,
875 409 929 469 daß
957 409 1005 469 die
1028 407 1223 467 Umstände,
1256 407 1283 467 in

269 461 406 521 welchen
439 458 538 518 dieser
560 461 634 521 Lord
666 461 760 521 seinen
799 461 898 521 Feind
931 461 1105 521 entleibet,
1127 458 1179 518 ihm
1227 455 1290 515 we¬

273 512 324 572 nig
352 505 442 565 Ehre
465 509 612 569 machen.
657 509 730 569 Ehe
753 509 854 569 dieser
878 509 1001 569 Proceß
1041 508 1182 568 angeht,
1205 505 1284 565 wird

275 560 324 620 der
347 563 601 623 Lord=Kanzler,
624 557 723 617 Graf
740 560 884 620 Henley,
913 560 968 620 zum
1013 554 1283 614 High=Steward

272 605 332 665 von
362 608 666 668 Großbrittannien
697 610 853 670 ernennet
874 610 1020 670 werden,
1046 607 1091 667 als
1117 605 1172 665 vor
1193 604 1288 664 dessen

1058 655 1102 715 Es
1135 654 1283 714 befinden

277 658 564 718 Gerichtsbarkeit
582 659 666 719 diese
690 658 802 718 Sache
830 658 988 718 gehöret.

280 712 328 772 sich
355 711 425 771 jetzt
442 711 468 771 in
501 710 625 770 London
658 707 727 767 drey
755 706 932 766 vornehme
960 706 1132 766 Indianer
1160 704 1202 764 als
1225 702 1294 762 De¬

274 763 393 823 putirte
414 760 471 820 von
503 760 549 820 der
576 760 706 820 Nation
738 757 784 817 der
811 757 1029 817 Cherokesen.
1056 754 1112 814 Da
1140 753 1186 813 der
1207 753 1295 813 Graf

285 810 342 870 von
364 807 596 867 Hilsborough
623 807 659 867 sie
681 807 707 867 in
729 804 812 864 ihrem
855 807 1024 867 nackenden
1051 801 1108 861 und
1130 803 1288 863 schlechten

285 858 415 918 Aufzug
444 858 534 918 sahe,
557 856 585 916 so
608 855 715 915 bewog
744 855 794 915 ihm
840 853 919 913 seine
942 852 1157 912 Großmuth,
1175 852 1214 912 sie
1243 851 1298 911 au¬

274 909 479 969 genblicklich
508 909 563 969 auf
586 906 668 966 seine
692 906 802 966 eigene
825 903 1002 963 Unkosten,
1025 903 1114 963 ihrem
1159 903 1297 963 Stande

285 960 417 1020 gemäß,
439 960 555 1020 kleiden
587 957 613 1017 zu
646 954 762 1014 lassen,
783 956 846 1016 und
879 952 963 1012 zwar
995 950 1069 1010 nach
1107 948 1154 1008 der
1181 951 1297 1011 Engli¬

286 1010 368 1070 schen
402 1008 544 1068 Tracht;
573 1004 705 1064 welches
733 1004 827 1064 ihnen
861 998 926 1058 sehr
949 998 1042 1058 wohl
1065 998 1197 1058 gefallen
1225 1001 1296 1061 hat.

285 1061 328 1121 Am
372 1058 464 1118 14ten
492 1056 622 1116 wurden
650 1055 687 1115 sie
709 1052 795 1112 durch
829 1049 915 1109 ihren
937 1048 1100 1108 Agenten,
1111 1049 1160 1109 den
1182 1052 1284 1112 Herrn

281 1109 502 1169 Montague,
525 1106 579 1166 bey
613 1103 668 1163 dem
719 1098 912 1158 Ministerio
946 1100 1156 1160 aufgeführt,
1195 1097 1289 1157 allwe

285 1158 321 1218 sie
343 1156 374 1216 zu
406 1154 491 1214 einer
518 1151 666 1211 Audienz
688 1148 862 1208 zugelassen
900 1145 1048 1205 wurden.
1107 1144 1180 1204 Ihr
1213 1145 1302 1205 Vor¬

281 1204 353 1264 trag
384 1200 518 1260 bestund
550 1196 581 1256 in
618 1198 684 1258 vier
711 1196 892 1256 Punkten:
929 1196 1058 1256 Erstlich
1090 1193 1234 1253 statteten
1260 1191 1296 1251 sie

286 1251 360 1311 eine
381 1246 688 1306 Glückwünschung
721 1244 789 1304 nach
816 1242 905 1302 ihrer
938 1243 1001 1303 Art
1028 1243 1080 1303 ab,
1107 1243 1213 1303 wegen
1245 1241 1297 1301 des

290 1297 438 1357 zwischen
465 1297 517 1357 den
544 1295 761 1355 Engländern
788 1293 851 1353 und
878 1291 967 1351 ihnen
1005 1292 1185 1352 errichteten
1217 1293 1301 1353 Frie¬

288 1351 388 1411 dens,
410 1351 463 1411 den
495 1348 532 1408 sie
554 1348 755 1408 versprachen
788 1345 814 1405 so
841 1345 936 1405 lange
958 1345 984 1405 zu
1017 1348 1143 1408 halten,
1176 1345 1223 1405 als
1251 1345 1298 1405 die

291 1402 415 1462 Sonne
439 1402 517 1462 über
541 1399 632 1459 ihren
666 1399 797 1459 Bergen
826 1399 962 1459 schiene,
991 1398 1053 1458 und
1077 1399 1121 1459 die
1145 1399 1252 1459 Flüsse
1270 1397 1292 1457 in

290 1453 379 1513 ihrem
427 1452 532 1512 Lande
554 1449 681 1509 währen
718 1449 876 1509 würden;
903 1448 1061 1508 zweitens
1088 1449 1225 1509 machten
1262 1449 1299 1509 sie

290 1503 358 1563 eine
391 1503 590 1563 Entdeckung
629 1501 681 1561 von
718 1500 945 1560 einträglichen
983 1497 1230 1557 Goldgebirgen
1268 1494 1293 1554 in

290 1551 377 1611 ihrem
419 1554 543 1614 Lande,
570 1551 627 1611 und
658 1549 839 1609 übergaben
871 1546 974 1606 einige
996 1549 1129 1609 Proben
1162 1545 1213 1605 von
1239 1545 1285 1605 dem

296 1600 477 1660 Mineral;
506 1599 644 1659 drittens
674 1596 816 1656 brachten
850 1596 883 1656 sie
908 1594 1031 1654 Klagen
1061 1593 1113 1653 vor
1142 1593 1232 1653 gegen
1257 1591 1299 1651 die

297 1646 512 1706 Engländer,
533 1644 602 1704 ihre
633 1643 808 1703 Nachbarn
849 1640 909 1700 und
939 1640 1099 1700 Brüder,
1130 1637 1190 1697 daß
1220 1639 1305 1699 diese

304 1694 373 1754 nach
404 1690 626 1750 geschlossenen
657 1688 787 1748 Frieden
814 1685 848 1745 sie
869 1685 1035 1745 gleichwol
1056 1685 1080 1745 in
1101 1685 1186 1745 ihrer
1207 1685 1312 1745 Jagd¬

298 1739 539 1799 Gerechtigkeit
559 1733 731 1793 gekränket
756 1733 884 1793 hätten,
909 1730 1056 1790 wodurch
1082 1733 1120 1793 sie
1146 1730 1179 1790 an
1214 1730 1302 1790 ihrer

295 1790 470 1850 Nahrung
502 1784 676 1844 gehindert
703 1781 867 1841 würden;
894 1781 1037 1841 viertens
1069 1781 1222 1841 meldeten
1265 1778 1312 1838 sie,

295 1838 327 1898 es
354 1840 401 1900 sey
428 1839 523 1899 ihnen
555 1834 639 1894 schon
677 1834 724 1894 oft
751 1834 957 1894 versprochen
990 1831 1137 1891 worden,
1180 1829 1238 1889 daß
1265 1830 1312 1890 die

299 1891 495 1951 Englander
522 1889 665 1949 gelehrte
697 1888 792 1948 Leute
825 1888 919 1948 unter
952 1888 994 1948 sie
1026 1887 1137 1947 senden
1180 1885 1291 1945 wolten

300 1942 410 2002 welche
433 1942 504 2002 ihre
527 1942 654 2002 Kinder
677 1939 754 1999 lesen
783 1939 888 1999 lehren
916 1939 1038 1999 solten;
1077 1939 1177 1999 daher
1188 1937 1227 1997 sie
1255 1938 1316 1998 bä¬

300 1996 371 2056 ten,
399 1995 454 2055 daß
482 1993 575 2053 ihnen
604 1990 680 2050 diese
709 1990 835 2050 Zusage
852 1990 879 2050 in
913 1990 1023 2050 kurzem
1062 1990 1183 2050 möchte
1206 1990 1316 2050 gehal=

654 2040 724 2100 Sie
755 2040 886 2100 wurden
922 2040 1064 2100 leutselig
1095 2040 1312 2100 empfangen.

295 2043 346 2103 ten
377 2040 527 2100 werden.
567 2038 575 2098 —

304 2097 362 2157 mit
389 2094 435 2154 dem
483 2088 720 2148 Versprechen,
747 2090 815 2150 ihre
842 2091 957 2151 Sache
990 2090 1042 2150 dem
1090 2088 1210 2148 grossen
1248 2088 1316 2148 Kö=

302 2145 376 2205 nig,
402 2143 486 2203 ihrem
527 2139 652 2199 Vater,
682 2139 892 2199 vorzulegen.
968 2136 1043 2196 Die
1073 2136 1313 2196 Untersuchun¬

298 2192 381 2252 gen,
405 2187 516 2247 welche
550 2190 643 2250 durch
676 2187 745 2247 eine
774 2185 941 2245 besondere
974 2184 1189 2244 Commißion
1236 2184 1310 2244 über

297 2237 351 2297 den
392 2237 447 2297 vom
493 2234 693 2294 Uhrmacher
719 2232 880 2292 Harrison
920 2231 975 2291 zur
1016 2232 1222 2292 Entdeckung
1257 2231 1307 2291 der

303 2287 542 2347 Meereslänge
563 2282 760 2342 ersundenen
792 2282 958 2342 Zeitsager
980 2282 1146 2342 angestellt
1167 2281 1296 2341 worden

307 2339 429 2399 werden
459 2336 518 2396 erst
538 2333 591 2393 dem
631 2330 837 2390 Parlament
867 2333 1067 2393 vorgeleget,
1102 2333 1160 2393 und
1190 2331 1303 2391 sodann

297 2390 477 2450 publiciret
504 2384 653 2444 werden.
701 2381 791 2441 Man
829 2383 971 2443 zweifelt
994 2382 1148 2442 indessen,
1175 2380 1211 2440 ob
1254 2381 1307 2441 das

299 2440 459 2500 Uhrwerk
486 2435 537 2495 des
568 2432 734 2492 Harrison
771 2430 848 2490 das,
869 2432 941 2492 was
973 2435 1003 2495 er
1030 2432 1133 2492 davon
1170 2432 1314 2492 verspro¬

298 2491 390 2551 chen,
420 2486 553 2546 wirklich
583 2485 682 2545 leiste.
729 2482 950 2542 Wenigstens
974 2485 1049 2545 geht
1073 2482 1119 2542 die
1137 2482 1247 2542 Rede,
1259 2482 1311 2542 daß

304 2542 362 2602 das
389 2540 595 2600 Parlament
616 2533 685 2593 noch
712 2530 801 2590 5000
834 2530 902 2590 Pf.
924 2533 955 2593 zu
998 2533 1050 2593 der
1083 2533 1241 2593 Premie,
1262 2533 1309 2593 die

299 2590 410 2650 bisher
437 2590 496 2650 auf
512 2588 559 2648 die
592 2584 778 2644 Erfindung
816 2581 869 2641 der
896 2581 1129 2641 Longitudinis
1162 2581 1215 2641 zur
1242 2583 1316 2643 See

304 2640 504 2700 versprochen
541 2636 691 2696 worden,
722 2632 918 2692 hinzufügen
955 2635 1074 2695 werde.
1152 2630 1197 2690 Es
1229 2632 1316 2692 wäre

307 2688 463 2748 vielleicht
484 2688 596 2748 besser,
622 2688 710 2748 wenn
745 2683 813 2743 man
853 2682 936 2742 einen
971 2684 1187 2744 Quadranten
1222 2682 1320 2742 erfin¬

302 2735 353 2795 den
385 2736 514 2796 könnte,
541 2736 628 2796 durch
660 2736 794 2796 welchen
831 2733 872 2793 die
898 2733 1012 2793 gerade
1033 2733 1131 2793 Höhe
1153 2733 1204 2793 der
1220 2730 1318 2790 Son=

301 2785 345 2845 ne
360 2784 404 2844 rc.
424 2782 482 2842 auf
503 2783 680 2843 Minuten,
705 2784 891 2844 Secunden
931 2784 990 2844 und
1025 2784 1157 2844 Tertien
1197 2781 1314 2841 könnte

303 2833 489 2893 bestimmet
509 2830 663 2890 werden;
687 2835 768 2895 dann
802 2832 888 2892 wäre
913 2832 941 2892 es
975 2834 1042 2894 eine
1067 2833 1172 2893 leichte
1192 2832 1321 2892 Sache,

304 2887 376 2947 nach
407 2879 562 2939 derselben
598 2882 835 2942 Sonnenhöhe
867 2883 918 2943 die
950 2885 1094 2945 Stunde
1120 2883 1202 2943 eines
1234 2882 1316 2942 Orts

303 2943 340 3003 zu
373 2931 626 2991 determiniren.
670 2933 853 2993 Uhrwerke
881 2936 999 2996 können
1038 2936 1123 2996 nicht
1140 2936 1232 2996 wohl
1259 2932 1307 2992 den

1325 314 1389 374 Ort
1414 316 1466 376 der
1491 318 1620 378 Sonne
1644 321 1673 381 zu
1703 321 1779 381 allen
1809 323 2027 383 Jahrszeiten
2057 321 2116 381 mit
2146 321 2193 381 der
2223 324 2340 384 genau¬

1324 366 1380 426 sten
1414 366 1611 426 Richtigkeit
1629 370 1792 430 angeben,
1821 373 1910 433 wenn
1945 372 1978 432 sie
2013 372 2085 432 auch
2120 374 2210 434 gleich
2239 377 2328 437 durch

1323 414 1370 474 ein
1397 416 1593 476 Perpetuum
1636 416 1773 476 Mobile
1795 422 1954 482 getrieben
1987 422 2139 482 würden.

1581 467 1754 527 Paris,
1778 469 1833 529 den
1873 473 1935 533 19.
1964 473 2064 533 Febr.

1376 512 1495 572 Einige
1524 516 1642 576 hiesige
1676 521 1988 581 Privatpersonen,
2022 522 2135 582 welche
2164 522 2333 582 angeklagt

1329 561 1387 621 und
1421 565 1598 625 überzeugt
1626 566 1755 626 waren,
1777 569 1836 629 daß
1864 572 1906 632 sie
1939 572 2160 632 ungehörigen
2193 572 2333 632 Wucher

1327 613 1483 673 getrieben
1511 616 1641 676 hatten,
1669 618 1728 678 sind
1756 616 1847 676 theils
1875 619 1907 679 an
1935 622 1989 682 den
2022 625 2178 685 Pranger
2201 625 2341 685 gestellt,

1327 663 1425 723 theils
1451 667 1507 727 auf
1529 669 1575 729 die
1597 667 1762 727 Galeeren
1789 667 1944 727 gebracht
1970 673 2120 733 worden.
2173 676 2317 736 Seitdem

1327 710 1386 770 das
1414 717 1613 777 Briefporto
1646 718 1673 778 in
1712 716 1808 776 diesem
1857 721 2047 781 Königreich
2080 723 2219 783 erhöhet
2247 724 2333 784 wor¬

1328 762 1402 822 den,
1429 769 1555 829 beläuft
1582 768 1629 828 sich
1656 768 1714 828 das
1741 766 1952 826 Einkommen
1985 769 2031 829 des
2069 772 2201 832 Königs
2239 777 2296 837 auf
2313 778 2349 838 2.

1330 813 1513 873 Millionen
1547 816 1605 876 und
1638 816 1778 876 100000
1817 816 1924 876 Livres
1957 819 2076 879 mehr,
2114 821 2162 881 als
2195 825 2335 885 vorhin.

1330 864 1398 924 Die
1420 867 1531 927 vorige
1552 867 1843 927 Administratoren
1875 869 2039 929 bezahlten
2077 867 2208 927 nemlich
2236 874 2293 934 nur

1332 917 1509 977 Millionen
1537 915 1670 975 Livres,
1693 916 1742 976 die
1765 917 1887 977 jetzigen
1915 921 2076 981 hingegen
2105 921 2204 981 haben
2232 921 2254 981 in
2282 924 2331 984 ih¬

1327 967 1376 1027 rem
1422 967 1472 1027 den
1503 966 1608 1026 29sten
1639 966 1689 1026 des
1720 969 1845 1029 vorigen
1876 972 2022 1032 Monats
2058 972 2329 1032 unterzeichneten

1330 1019 1488 1079 Contract
1528 1016 1715 1076 anheischig
1761 1022 1930 1082 gemacht,
1976 1023 1993 1083 7
2034 1022 2214 1082 Millionen
2271 1023 2333 1083 und

1333 1070 1467 1130 100000
1506 1070 1618 1130 Livres
1652 1069 1683 1129 zu
1716 1073 1857 1133 erlegen.
1944 1073 2024 1133 Das
2063 1073 2176 1133 hiesige
2209 1073 2338 1133 Parla¬

1333 1121 1417 1181 ment
1439 1121 1497 1181 hat
1518 1121 1529 1181 2
1556 1120 1699 1180 Decrete
1720 1124 1885 1184 ausgehen
1912 1125 2023 1185 lassen,
2050 1124 2139 1184 durch
2167 1124 2283 1184 welche
2300 1122 2341 1182 so¬

1334 1165 1402 1225 wol
1423 1169 1466 1229 die
1486 1169 1657 1229 päbstliche
1683 1171 1790 1231 Bulle
1810 1172 1864 1232 vom
1903 1173 1972 1233 7ten
2002 1173 2163 1233 Januar,
2188 1175 2335 1235 wodurch

1341 1211 1385 1271 die
1406 1213 1567 1273 Societät
1587 1216 1647 1276 und
1678 1216 1733 1276 das
1759 1218 1909 1278 Justitut
1935 1221 1985 1281 der
2015 1222 2166 1282 Jesuiten
2202 1222 2262 1282 gut
2287 1222 2342 1282 ge¬

1338 1264 1449 1324 heissen
1481 1264 1628 1324 worden,
1656 1264 1702 1324 als
1735 1265 1803 1325 auch
1835 1268 1888 1328 die
1921 1267 1936 1327 3
1968 1267 2026 1327 von
2064 1267 2137 1327 Sr.
2159 1270 2343 1330 Heiligkeit

1336 1315 1369 1375 an
1404 1317 1454 1377 die
1484 1315 1637 1375 Bischöfe
1672 1315 1728 1375 von
1763 1318 1957 1378 Grenoble,
1974 1319 2088 1379 Arlais
2123 1321 2179 1381 und
2214 1318 2344 1378 Angers

1336 1371 1536 1431 abgelassene
1558 1368 1690 1428 Breven
1722 1371 1933 1431 supprimiret
1949 1374 2092 1434 werden,
2119 1372 2176 1432 mit
2193 1372 2240 1432 dem
2278 1370 2345 1430 Be¬

1337 1422 1419 1482 fehl,
1442 1422 1569 1482 künftig
1603 1419 1707 1479 weder
1741 1422 1890 1482 Bullen,
1918 1425 1989 1485 noch
2029 1424 2144 1484 Brevs
2172 1422 2343 1482 anzuneh¬

1335 1470 1425 1530 men,
1447 1470 1479 1530 es
1517 1470 1559 1530 sey
1587 1470 1687 1530 denn,
1715 1473 1768 1533 daß
1801 1473 1918 1533 selbige
1940 1473 1998 1533 mit
2020 1473 2164 1533 Königl.
2181 1473 2340 1533 Patenten

1339 1519 1492 1579 begleitet
1520 1518 1646 1578 wären.
1700 1523 1789 1583 Man
1822 1524 1896 1584 kann
1933 1527 2097 1587 nunmehr
2130 1525 2230 1585 gewiß
2262 1524 2352 1584 seyn,

1339 1567 1390 1627 daß
1417 1568 1474 1628 das
1495 1566 1651 1626 reissende
1672 1569 1776 1629 Thier
1808 1570 1834 1630 in
1865 1575 2053 1635 Gevaudan
2090 1575 2173 1635 seine
2204 1575 2350 1635 Existenz

1339 1613 1409 1673 hat,
1429 1613 1489 1673 da,
1520 1613 1595 1673 nach
1631 1613 1681 1673 dem
1732 1616 1872 1676 Bericht
1903 1622 1953 1682 der
1979 1622 2119 1682 Gazette
2150 1625 2185 1685 de
2211 1622 2351 1682 France,

1347 1656 1416 1716 Se.
1437 1658 1603 1718 Majestät
1629 1660 1683 1720 für
1709 1664 1925 1724 denjenigen,
1946 1667 2076 1727 welcher
2108 1670 2207 1730 dieses
2243 1673 2343 1733 Thier

1342 1703 1442 1763 tödten
1472 1703 1572 1763 wird,
1603 1706 1668 1766 eine
1699 1709 1900 1769 Belohnung
1931 1713 1986 1773 von
2012 1712 2096 1772 2000
2127 1715 2247 1775 Rthlr.
2268 1719 2343 1779 aus=

1343 1754 1456 1814 gesetzt
1487 1751 1617 1811 haben.

1530 1806 1843 1866 Königsberg,
1874 1814 1925 1874 den
1967 1817 2024 1877 14.
2054 1817 2175 1877 Merz.

1390 1855 1534 1915 Vorigen
1580 1861 1741 1921 Mitwoch
1780 1864 1997 1924 vertheidigte
2026 1867 2075 1927 der
2110 1870 2148 1930 um
2204 1870 2254 1930 die
2283 1870 2354 1930 Ge¬

1342 1909 1466 1969 schichte
1494 1912 1608 1972 unsres
1641 1914 1863 1974 Vaterlandes
1897 1921 2157 1981 wohlverdiente
2179 1919 2265 1979 Herr
2288 1922 2352 1982 M.

1349 1962 1521 2022 Pisanski,
1544 1963 1597 2023 den
1636 1963 1754 2023 vierten
1798 1965 1900 2025 Theil
1922 1969 1981 2029 von
2025 1969 2122 2029 seinem
2165 1969 2343 2029 Grundriß

1341 2008 1391 2068 der
1422 2011 1624 2071 preußischen
1660 2014 2006 2074 Gelehrtenhistorie,
2042 2020 2173 2080 welcher
2204 2021 2255 2081 den
2291 2022 2356 2082 Zu¬

1348 2058 1429 2118 stand
1456 2060 1510 2120 der
1532 2061 1786 2121 Wissenschaften
1820 2064 1846 2124 in
1869 2064 2020 2124 Preussen
2047 2067 2068 2127 im
2113 2070 2204 2130 18ten
2243 2072 2356 2132 Jahr=

1351 2109 1492 2169 hundert
1508 2109 1534 2169 in
1566 2106 1613 2166 sich
1640 2108 1729 2168 hält.

1398 2165 1455 2225 Da
1489 2166 1697 2226 verschiedene
1715 2169 1764 2229 der
1782 2172 1906 2232 hiesigen
1932 2172 2023 2232 Hrn.
2032 2180 2265 2240 Interessenten
2291 2183 2349 2243 dier

1343 2217 1387 2277 ser
1410 2217 1548 2277 Zeitung
1577 2216 1643 2276 noch
1671 2216 1727 2276 vom
1772 2222 1899 2282 vorigen
1933 2226 2044 2286 Jahre
2073 2227 2122 2287 die
2151 2230 2350 2290 Bezahlung

1346 2264 1430 2324 nicht
1447 2264 1669 2324 abgetragen;
1696 2268 1765 2328 auch
1797 2273 1897 2333 einige
1924 2276 2136 2336 Auswärtige
2158 2280 2190 2340 an
2222 2282 2280 2342 das
2302 2284 2365 2344 hie¬

1351 2315 1408 2375 sige
1426 2314 1641 2374 Hofpostamt
1659 2319 1728 2379 ihre
1751 2324 1879 2384 Schuld
1914 2327 1995 2387 nicht
2019 2330 2204 2390 eingesandt
2228 2335 2354 2395 haben;

1344 2369 1370 2429 so
1397 2366 1535 2426 ersuchet
1557 2366 1625 2426 man
1652 2369 1689 2429 sie
1706 2372 1887 2432 ergebenst,
1903 2377 1961 2437 auf
1983 2379 2036 2439 das
2058 2384 2280 2444 fordersamste
2297 2387 2360 2447 ein¬

1346 2414 1561 2474 zukommen,
1583 2420 1825 2480 widrigenfalls
1862 2429 1928 2489 man
1965 2432 2151 2492 denjenigen
2193 2436 2274 2496 nicht
2306 2437 2352 2497 die

1350 2464 1443 2524 Folge
1466 2464 1560 2524 dieses
1588 2468 1698 2528 Jahrs
1727 2474 1931 2534 verabfolgen
1960 2480 2048 2540 laßen
2076 2482 2176 2542 wird.

1359 2534 1684 2594 Wechsel-Cours
1711 2541 1719 2601 &
1773 2548 1931 2608 Species
1950 2549 1993 2609 d.
2011 2551 2071 2611 14.
2100 2554 2221 2614 Mart.
2241 2557 2354 2617 1765.

1351 2587 1532 2647 Amsterdam
1566 2593 1606 2653 41
1630 2596 1714 2656 Tage
1732 2602 1794 2662 309
1817 2602 1867 2662 gr.

1954 2595 1996 2655 71
2015 2602 2104 2662 Tage
2129 2610 2291 2670 3073gr.

1350 2640 1517 2700 Hamburg
1548 2643 1559 2703 3
1590 2647 1644 2707 W.
1656 2650 1722 2710 133
1740 2650 1793 2710 gr.

1914 2649 1932 2709 6
1957 2649 2013 2709 W.
2033 2652 2196 2712 132½gr.

1351 2688 1455 2748 Berlin

1863 2697 2006 2757 Dantzig
2044 2700 2081 2760 24
2114 2700 2161 2760 pr.
2177 2702 2251 2762 Cto.

1355 2739 1493 2799 Ducaten
1515 2742 1594 2802 neue
1611 2744 1621 2804 9
1648 2749 1679 2809 fl.
1696 2751 1706 2811 5
1728 2751 1781 2811 gr.

1914 2745 2042 2805 Alberts
2064 2748 2155 2808 Taser
2177 2753 2235 2813 129
2257 2760 2310 2820 gr.

1350 2793 1460 2853 Rubel
1480 2796 1572 2856 1123
1603 2799 1695 2859 1142
1720 2799 1769 2859 gr.
1844 2796 1893 2856 Alt
1913 2796 2048 2856 Polnisch
2073 2802 2147 2862 Geld
2172 2805 2202 2865 12
2228 2805 2276 2865 pr.
2289 2805 2363 2865 Cto.

1353 2851 1439 2911 Diese
1461 2854 1598 2914 Gelehrte
1621 2855 1677 2915 und
1701 2852 1866 2912 Politische
1889 2852 2011 2912 Zeitung
2042 2852 2106 2912 wird
2136 2857 2178 2917 des
2208 2864 2359 2924 Montags

1461 2897 1513 2957 und
1542 2897 1690 2957 Freytags
1715 2894 1911 2954 Vormittags
1936 2894 1969 2954 um
2008 2895 2036 2955 10
2060 2900 2122 2960 Uhr
2142 2901 2165 2961 in
2190 2905 2232 2965 dem

1538 2942 1732 3002 Kanterschen
1763 2936 1937 2996 Buchladen
1968 2944 2177 3004 ausgegeben.
