2479 3508
296 330 366 390 18)
395 327 466 387 Die
502 330 851 390 Assecuranzprämien
887 331 1007 391 müssen

1057 333 1155 393 gleich
1203 333 1254 393 bey

235 380 422 440 Zeichnung
451 379 502 439 der
526 377 662 437 Policen
697 380 839 440 bezahlet
862 380 981 440 werden
1017 381 1039 441 in
1068 383 1266 443 Friedrichs¬

238 428 311 488 d'or
334 430 362 490 zu
391 428 431 488 21
460 428 584 488 Karath
619 428 630 488 9
665 430 790 490 Grän,
825 429 875 489 als
905 431 932 491 in
979 431 1109 491 welcher
1138 434 1263 494 Münz=

246 480 328 540 sorte
364 476 589 536 hinwiederum
643 480 714 540 auch
750 481 802 541 die
832 481 1258 541 Schädenvergütigungen

242 528 395 588 bezahlet
419 527 537 587 werden
567 528 685 588 sollen.

297 578 362 638 19)
393 578 494 638 Ueber
530 576 577 636 die
608 580 954 640 Assecuranzprämien
984 580 1085 640 haben
1128 580 1175 640 die
1205 580 1276 640 Di¬

241 628 386 688 recteurs
412 628 474 688 mit
491 628 609 688 andern
641 628 833 688 Seeplätzen
865 631 891 691 zu
922 631 1208 691 correspondiren,
1224 632 1275 692 da¬

243 677 308 737 mit
333 676 368 736 sie
398 680 493 740 solche
529 680 552 740 in
589 682 660 742 eine
684 682 875 742 Gleichheit
899 682 964 742 mit
983 682 1083 742 diesen
1120 684 1250 744 Plätzen

253 727 366 787 setzen.

286 778 356 838 20)
383 778 454 838 Alle
481 777 637 837 Fremden
670 775 787 835 können
820 775 871 835 sich
898 775 1014 835 directe
1042 778 1080 838 an
1120 778 1165 838 die
1192 778 1275 838 Asse¬

247 825 522 885 curanzkammer
551 825 707 885 wenden,
735 825 799 885 und
833 825 951 885 müssen
985 825 1054 885 ihre
1087 828 1276 888 Assecuran¬

247 878 297 938 zen
331 876 408 936 ohne
431 871 609 931 Provision
638 872 805 932 erhalten.

299 926 370 986 21)
401 921 455 981 So
486 922 601 982 können
638 922 709 982 auch
741 921 794 981 die
813 921 1049 981 Einheimische
1080 924 1164 984 sich,
1189 924 1273 984 ohne

258 974 347 1034 einen
378 974 523 1034 Mäckler
548 975 662 1035 nöthig
692 975 722 1035 zu
753 972 885 1032 haben,
916 972 946 1032 an
989 974 1037 1034 die
1068 975 1284 1035 Assecuranz¬

247 1025 396 1085 kammer
424 1022 578 1082 wenden.

300 1073 365 1133 22)
399 1073 471 1133 Alle
505 1072 736 1132 Assecuranzen
784 1069 901 1129 müssen
948 1067 1007 1127 auf
1035 1070 1106 1130 eine
1141 1073 1278 1133 Police,

255 1121 346 1181 durch
390 1120 471 1180 einen
510 1118 677 1178 Stempel
704 1117 758 1177 von
796 1115 985 1175 Sechszehn
1029 1118 1191 1178 Groschen
1224 1121 1277 1181 ge¬

258 1172 429 1232 stempelt,
452 1166 634 1226 gezeichnet
657 1166 806 1226 werden,
834 1167 889 1227 auf
917 1166 1033 1226 Kosten
1073 1172 1277 1232 desjenigen,

258 1221 287 1281 so
312 1219 365 1279 sich
389 1216 563 1276 versichern
594 1214 694 1274 laͤsset.

305 1267 374 1327 23)
400 1264 475 1324 Der
501 1261 634 1321 jahrlich
660 1264 716 1324 aus
749 1264 843 1324 dieser
869 1264 1204 1324 Assecuranzkammer
1231 1267 1274 1327 er¬

261 1315 444 1375 wachsende
480 1315 640 1375 Vortheil
664 1314 740 1374 muß
771 1315 835 1375 alle
859 1315 948 1375 Jahr
978 1317 1072 1377 unter
1102 1318 1149 1378 die
1174 1321 1261 1381 Inte

259 1367 408 1427 ressenten
444 1366 617 1426 vertheilet
647 1366 790 1426 werden.
849 1370 900 1430 In
942 1369 1068 1429 Jahren
1109 1372 1207 1432 aber,
1231 1375 1265 1435 da

259 1419 309 1479 die
338 1419 553 1479 Compagnie
588 1416 690 1476 wider
725 1419 929 1479 Vermuthen
970 1420 1128 1480 Schaden
1169 1422 1264 1482 haben

260 1470 367 1530 sollte,
390 1470 498 1530 muß,
521 1470 555 1530 um
595 1467 646 1527 den
675 1467 793 1527 Credit
811 1470 838 1530 zu
868 1470 1089 1530 conserviren,
1112 1473 1276 1533 allenfalls

256 1516 311 1576 dem
350 1518 516 1578 Befinden
544 1518 644 1578 nach,
683 1518 727 1578 ein
755 1518 944 1578 Nachschuß
972 1518 1116 1578 geleistet
1133 1521 1277 1581 werden,

258 1566 320 1626 und
347 1566 426 1626 wird
463 1564 637 1624 dieserhalb
664 1563 800 1623 jährlich
838 1563 906 1623 eine
933 1563 1127 1623 allgemeine
1149 1566 1280 1626 Zusam¬

252 1613 428 1673 menkunft
454 1610 545 1670 derer
576 1608 819 1668 Interessenten
855 1608 997 1668 gehalten
1033 1610 1189 1670 werden,
1220 1613 1260 1673 un

259 1661 313 1721 die
336 1659 468 1719 Bücher
496 1655 556 1715 und
591 1655 811 1715 Rechnungen
845 1655 922 1715 offen
962 1655 1078 1715 legen,
1100 1658 1266 1718 nachsehen

266 1709 324 1769 und
354 1706 513 1766 revidiren
543 1703 572 1763 zu
602 1703 754 1763 können;
785 1703 884 1763 ausser
914 1703 1014 1763 diesen
1050 1706 1285 1766 Pripilegien,

265 1757 455 1817 Freyheiten
486 1754 548 1814 und
573 1751 887 1811 Gerechtigkeiten,
912 1751 960 1811 die
980 1751 1053 1811 Wir
1085 1753 1139 1813 der
1165 1757 1262 1817 Assecu

259 1805 485 1865 ranzkammer
514 1803 576 1863 und
616 1802 706 1862 ihren
741 1802 985 1862 Interessenten
1025 1802 1081 1862 vor
1110 1805 1178 1865 Uns
1213 1808 1274 1868 und

266 1858 385 1918 Unsere
410 1855 609 1915 Nachfolger
633 1852 657 1912 in
688 1852 736 1912 der
761 1854 953 1914 Regierung
984 1855 1135 1915 ertheilet
1165 1858 1279 1918 haben,

255 1911 316 1971 sind
341 1906 415 1966 Wir
440 1907 557 1967 annoch
582 1906 816 1966 allergnädigst
835 1906 1020 1966 gesonnen,
1051 1909 1211 1969 derselben
1236 1912 1260 1972 in
1311 1913 1378 1973 kath
1416 1912 1533 1972 bereits
1564 1915 1619 1975 den
1657 1918 1829 1978 Potockier
1854 1921 1952 1981 Kreis
1984 1924 2119 1984 passiret
2144 1928 2236 1988 sind,
2262 1930 2322 1990 und

261 1960 439 2020 verfolgter
469 1960 537 2020 Zeit
567 1957 635 2017 noch
670 1957 820 2017 mehrere
844 1957 901 2017 auf
930 1961 1276 2021 allerunterthänigste
1317 1963 1385 2023 nach
1415 1966 1501 2026 ihrem
1542 1967 1743 2027 Vaterlande
1767 1969 1893 2029 zurücke
1911 1972 2043 2032 kehren.

262 2011 476 2071 Vorstellung
502 2009 532 2069 zu
564 2011 649 2071 ihrer
668 2008 865 2068 Aufnahme
884 2009 945 2069 und
970 2011 1161 2071 Erhaltung
1186 2014 1284 2074 ange=

261 2061 357 2121 deyen
386 2061 414 2121 zu
443 2058 557 2118 lassen.

312 2106 441 2166 Damit
467 2108 521 2168 nun
554 2106 646 2166 dieses
671 2106 788 2166 Octroy
820 2106 894 2166 nach
919 2106 1017 2166 seinem
1068 2108 1185 2168 ganzen
1217 2109 1284 2169 Jn=

259 2157 352 2217 halte
375 2154 402 2214 zu
430 2153 640 2213 jedermanns
668 2152 894 2212 Wissenschaft
911 2153 1061 2213 gelangen
1100 2154 1215 2214 möge;
1249 2154 1276 2214 so

264 2204 369 2264 haben
405 2201 469 2261 wir
494 2199 612 2259 solches
648 2202 983 2262 Höchsteigenhändig
1019 2199 1272 2259 unterschrieben

264 2255 329 2315 und
353 2252 413 2312 mit
431 2246 550 2306 Unserm
598 2246 740 2306 Königl.
759 2247 889 2307 Siegel
908 2249 1062 2309 bestärken
1092 2249 1205 2309 lassen,
1224 2249 1282 2309 und

266 2303 376 2363 wollen
408 2301 518 2361 auch,
544 2297 599 2357 daß
624 2297 759 2357 dasselbe
785 2297 871 2357 durch
902 2297 957 2357 den
988 2297 1093 2357 Druck
1118 2299 1278 2359 öffentlich

262 2358 406 2418 bekannt
438 2351 600 2411 gemachet
626 2348 757 2408 werde;
783 2348 814 2408 so
840 2348 1002 2408 geschehen
1040 2348 1102 2408 und
1135 2351 1272 2411 gegeben

261 2413 293 2473 zu
326 2407 475 2467 Berlin,
503 2402 555 2462 den
588 2399 691 2459 31sten
718 2399 881 2459 Januar,
908 2399 1018 2459 1765.

806 2446 1080 2506 Friederich.

449 2455 510 2515 (L.
538 2451 590 2511 S.)

723 2494 762 2554 v.
795 2496 959 2556 Jariges.
1007 2498 1045 2558 v.
1072 2499 1210 2559 Hagen.

313 2551 410 2611 Weil
430 2554 488 2614 auf
515 2551 717 2611 zukünftigen
750 2546 887 2606 Freytag
920 2545 965 2605 als
998 2547 1050 2607 den
1084 2548 1155 2608 8ten
1181 2548 1285 2608 Febr.

260 2602 299 2662 c.
328 2602 356 2662 in
391 2605 686 2665 Angelegenheiten
726 2599 776 2659 der
817 2596 936 2656 allhier
970 2596 1015 2656 sich
1055 2599 1276 2659 etablirenden

267 2649 438 2709 Banque,
462 2649 491 2709 in
516 2652 568 2712 dem
610 2652 710 2712 Hotel
740 2649 793 2709 des
818 2646 965 2706 Königl.
983 2647 1284 2707 Obermarschalls,

260 2697 369 2757 Herrn
410 2697 613 2757 Reichsgraf
637 2701 735 2761 Reuß
771 2697 962 2757 Excellenz,
998 2697 1177 2757 anderweit
1213 2697 1281 2757 eine

253 2749 409 2809 generale
439 2745 696 2805 Versammlung
731 2748 877 2808 gehalten
918 2748 1039 2808 werden
1082 2746 1191 2806 wird;
1227 2744 1273 2804 als

258 2799 343 2859 wird
372 2796 484 2856 solches
513 2793 676 2853 hierdurch
700 2797 852 2857 öffentlich
886 2799 1027 2859 bekannt
1045 2799 1191 2859 gemacht
1226 2795 1281 2855 da¬

251 2849 315 2909 wit
339 2844 544 2904 sämmtliche
568 2841 691 2901 Herren
721 2849 997 2909 Jnteressenten,
1027 2847 1055 2907 so
1085 2849 1126 2909 10
1162 2847 1272 2907 Actien

255 2904 321 2964 und
362 2900 482 2960 drüber
517 2894 697 2954 gezeichnet
725 2897 851 2957 haben,
887 2900 926 2960 am
967 2902 1040 2962 8ten
1081 2897 1181 2957 dieses
1202 2898 1288 2958 Mo=

1300 336 1407 396 nats,
1439 339 1470 399 um
1515 341 1527 401 9
1559 342 1621 402 Uhr
1647 342 1849 402 Morgeas,
1881 348 1931 408 sich
1963 348 2000 408 am
2045 345 2227 405 benannten
2260 345 2322 405 Ort

1301 386 1463 446 unschwer
1490 389 1648 449 einfinden
1680 389 1822 449 können.

1349 437 1510 497 Nachdem
1557 440 1609 500 die
1638 437 1782 497 Königl.
1806 443 2008 503 Preußische
2032 443 2205 503 Asiatische
2229 441 2326 501 Com¬

1298 488 1420 548 pagnie
1443 488 1471 548 zu
1499 488 1644 548 Embden
1684 487 1744 547 alle
1773 488 1845 548 noch
1879 491 1967 551 übrig
1997 491 2157 551 gewesene
2181 493 2314 553 Effecten

1304 538 1336 598 zu
1363 536 1471 596 Gelde
1494 541 1678 601 gemachet,
1706 536 1765 596 und
1793 536 1852 596 also
1880 539 1929 599 der
1951 540 2070 600 völlige
2092 545 2244 605 Abschluß
2283 545 2331 605 er¬

1304 583 1423 643 richtet
1440 586 1564 646 werden
1597 586 1744 646 können,
1771 586 1798 646 so
1820 587 1923 647 findet
1946 591 2021 651 sich,
2060 595 2113 655 daß
2147 595 2238 655 durch
2272 594 2331 654 sol=

1308 634 1378 694 chen
1411 634 1442 694 p.
1459 637 1550 697 Actie
1578 636 1695 696 annoch
1728 634 1884 694 Achtzehn
1912 640 2143 700 Reichsthaler
2176 643 2196 703 in
2235 646 2310 706 alten

1311 682 1537 742 Friedrichsd'
1549 686 1582 746 or
1611 685 1638 745 zu
1677 683 1804 743 erheben
1832 682 1893 742 ist:
1943 685 1992 745 Es
2015 690 2137 750 werden
2170 694 2320 754 demnach

1310 730 1488 790 sämmtlich
1526 736 1699 796 respective
1732 733 1974 793 Interessenten
2013 739 2137 799 hiemit
2170 745 2315 805 ersucher

1314 778 1384 838 ihre
1406 784 1667 844 Originalactien
1700 783 1754 843 auf
1776 782 1824 842 den
1858 784 1950 844 11ten
1977 786 2080 846 Marz
2103 788 2135 848 a.
2146 789 2173 849 c.
2189 789 2217 849 in
2244 793 2336 853 Ber=

1318 828 1355 888 lin
1387 830 1439 890 bey
1466 833 1561 893 denen
1588 833 1708 893 Herren
1736 831 1967 891 Splittgerber
1994 837 2052 897 und
2079 838 2221 898 Daum,
2258 840 2316 900 und

1304 876 1398 936 Hrn.
1421 879 1577 939 Friedrich
1606 882 1750 942 Wilhelm
1795 882 1934 942 Schütze
1957 888 1984 948 zu
2013 891 2236 951 produciren,
2259 891 2319 951 und

1309 927 1407 987 gegen
1448 930 1703 990 Zurückgebung
1739 930 1900 990 derselben
1947 940 1981 1000 p.
2017 942 2127 1002 Stück
2162 942 2318 1002 Achtzehn

1312 975 1544 1035 Reichsthaler
1568 980 1596 1040 zu
1625 981 1841 1041 empfangen.

1586 1030 1758 1090 Wilda,
1794 1031 1853 1091 den
1889 1034 1925 1094 1.
1955 1034 2055 1094 Febr.

1359 1070 1514 1130 Nachdem
1553 1075 1603 1135 die
1625 1079 1725 1139 Russ.
1742 1079 1898 1139 Kayserl.
1910 1085 2059 1145 Truppen
2087 1086 2198 1146 unsere
2215 1091 2303 1151 Stad

1309 1118 1492 1178 verlaßen,
1519 1124 1546 1184 so
1568 1127 1660 1187 hören
1698 1127 1757 1187 wir
1790 1130 1843 1190 des
1871 1133 1995 1193 Nachts
2034 1133 2076 1193 ein
2115 1136 2320 1196 beständiges

1313 1167 1481 1227 Schießen
1508 1171 1571 1231 und
1593 1175 1708 1235 großes
1735 1178 1809 1238 Lärm
1862 1181 1919 1241 auf
1941 1181 2036 1241 denen
2068 1184 2252 1244 Straßen,
2279 1186 2331 1246 das

1314 1214 1369 1274 her
1392 1216 1491 1276 haben
1519 1219 1590 1279 Sr.
1608 1222 1729 1282 Excell.
1757 1225 1812 1285 der
1835 1225 1901 1285 Hr.
1924 1229 2106 1289 Marschall
2134 1232 2184 1292 der
2206 1234 2328 1294 Confö¬

1309 1267 1453 1327 deration
1482 1270 1692 1330 beschlossen,
1715 1274 1776 1334 auf
1804 1274 1860 1334 den
1894 1279 2166 1339 bevorstehenden
2195 1282 2327 1342 Reichs=

1311 1321 1362 1381 tag
1385 1321 1498 1381 unsere
1521 1323 1633 1383 Stadt
1651 1324 1713 1384 mit
1736 1326 1871 1386 Königl.
1895 1330 2001 1390 Poln.
2019 1333 2256 1393 Regimentern
2285 1333 2313 1393 zu

1312 1373 1464 1433 besetzen.
1511 1375 1584 1435 Die
1607 1378 1805 1438 Senateurs
1830 1380 1908 1440 aller
1926 1383 2233 1443 Woywodschaften
2267 1386 2335 1446 ver¬

1311 1423 1462 1483 sammlen
1503 1425 1547 1485 sich
1587 1428 1654 1488 hier
1683 1427 1750 1487 sehr
1779 1431 1960 1491 zahlreich;
1994 1432 2056 1492 und
2090 1434 2163 1494 man
2198 1436 2332 1496 glaubt,

1314 1473 1367 1533 daß
1400 1473 1459 1533 auf
1487 1473 1540 1533 dem
1584 1476 1789 1536 angehenden
1823 1479 2017 1539 Reichstage
2050 1484 2098 1544 die
2126 1485 2320 1545 wichtigsten

1315 1518 1433 1578 Dinge
1459 1518 1511 1578 der
1537 1521 1749 1581 Gegenstand
1785 1524 1837 1584 der
1858 1529 2116 1589 Versammlung
2147 1535 2214 1595 seyn
2251 1534 2333 1594 wer¬

1309 1566 1399 1626 den;
1429 1566 1457 1626 es
1486 1566 1610 1626 werden
1639 1569 1682 1629 die
1707 1571 1902 1631 Deputirten
1936 1575 2017 1635 einer
2042 1578 2128 1638 jeden
2152 1581 2329 1641 Woywod¬

1316 1611 1412 1671 schaft
1435 1613 1456 1673 in
1489 1613 1569 1673 zwey
1597 1613 1716 1673 Theile
1738 1616 1906 1676 getheilet,
1923 1621 2052 1681 welches
2080 1624 2160 1684 sonst
2177 1627 2247 1687 noch
2280 1631 2328 1691 nie

1311 1658 1478 1718 gewesen.
1532 1660 1607 1720 Die
1635 1664 1959 1724 Schatzcommission
1998 1668 2090 1728 gehet
2117 1671 2144 1731 in
2182 1676 2322 1736 Grodno

1314 1706 1435 1766 immer
1463 1709 1574 1769 weiter
1602 1709 1684 1769 fort.
1735 1715 1812 1775 Die
1841 1715 1962 1775 Russen
2001 1718 2095 1778 haben
2134 1723 2189 1783 bey
2223 1727 2310 1787 ihrem

1316 1757 1510 1817 Ausmarsch
1539 1757 1577 1817 30
1605 1763 1805 1823 Deserteurs
1833 1766 1972 1826 gehabt,
2000 1771 2060 1831 und
2089 1772 2188 1832 davon
2222 1776 2283 1836 nur
2311 1778 2321 1838 3

1316 1808 1434 1868 wieder
1462 1811 1669 1871 bekommen.
1724 1814 1794 1874 Aus
1822 1817 1946 1877 Minsk
1969 1819 2066 1879 hören
2100 1822 2176 1882 wir,
2203 1825 2257 1885 daß
2285 1827 2333 1887 die

1311 1860 1413 1920 Russ.
1435 1861 1587 1921 Truppen
1616 1864 1707 1924 unter
1735 1867 1941 1927 Commando
1974 1873 2028 1933 des
2051 1873 2208 1933 General
2230 1877 2333 1937 Rein¬

1560 2017 1775 2077 Danzig,
1802 2017 1855 2077 den
1894 2017 1958 2077 29.
1986 2020 2081 2080 Jan.

1366 2061 1516 2121 Voriges
1547 2060 1637 2120 Jahr
1662 2061 1721 2121 sind
1746 2058 1861 2118 allhier
1892 2061 1969 2121 1279
2006 2064 2133 2124 Schiffe
2164 2072 2338 2132 angekom=

1314 2109 1413 2169 men,
1453 2106 1508 2166 von
1553 2104 1686 2164 welchen
1726 2109 1764 2169 57
1804 2106 1921 2166 allhier
1960 2112 2176 2172 überwintert
2211 2121 2333 2181 haben.

1319 2152 1396 2212 Wie
1419 2154 1490 2214 groß
1524 2154 1669 2214 besagtes
1697 2154 1791 2214 Jahr
1819 2157 1913 2217 unser
1941 2163 2163 2223 Kornhandel
2186 2169 2324 2229 gewesen

1310 2203 1375 2263 ist,
1397 2205 1532 2265 erhellet
1561 2202 1620 2262 aus
1648 2205 1854 2265 folgendem.
1904 2209 1952 2269 Es
1991 2212 2050 2272 sind
2084 2217 2322 2277 eingekommen

1323 2249 1439 2309 17022
1477 2252 1544 2312 Last
1582 2252 1618 2312 10
1662 2255 1815 2315 Scheffel
1840 2261 2012 2321 Waitzen,
2050 2266 2160 2326 36199
2204 2267 2271 2327 Last
2309 2272 2320 2332 2

1320 2298 1475 2358 Scheffel
1499 2301 1661 2361 Roggen,
1696 2306 1794 2366 5001
1829 2308 1898 2368 Last
1933 2312 1990 2372 23.
2009 2315 2159 2375 Scheffel
2188 2321 2332 2381 Garste,

1323 2351 1410 2411 1995
1442 2351 1504 2411 Last
1530 2351 1561 2411 58
1599 2354 1743 2414 Scheffel
1762 2357 1900 2417 Haber,
1925 2361 1962 2421 90
1994 2364 2056 2424 Last
2082 2369 2207 2429 Malz,
2233 2375 2320 2435 1430

1323 2403 1393 2463 Last
1412 2401 1446 2461 52
1477 2402 1624 2462 Scheffel
1648 2406 1872 2466 Buchwaitzen
1902 2412 2049 2472 Grütze,
2085 2418 2149 2478 796
2185 2420 2255 2480 Last
2280 2423 2320 2483 52

1328 2450 1475 2510 Scheffel
1493 2452 1611 2512 Hirse,
1647 2453 1705 2513 und
1742 2460 1806 2520 345
1842 2461 1906 2521 Last
1931 2464 1972 2524 56
2014 2467 2161 2527 Scheffel
2191 2467 2332 2527 Erbsen.

1319 2500 1483 2560 Dagegen
1518 2502 1579 2562 sind
1608 2506 1840 2566 ausgegangen
1881 2512 1993 2572 16865
2033 2515 2101 2575 Last
2130 2518 2146 2578 7
2181 2518 2333 2578 Scheffel

1320 2548 1493 2608 Waitzen,
1523 2551 1632 2611 30007
1662 2557 1724 2617 Last
1748 2560 1782 2620 34
1818 2563 1962 2623 Scheffel
1986 2566 2118 2626 Roggen
2148 2566 2234 2626 1983
2264 2569 2332 2629 Last

1321 2607 1362 2667 35
1399 2602 1544 2662 Scheffel
1569 2605 1720 2665 Gärste,
1751 2614 1817 2674 348
1854 2614 1926 2674 Last
1951 2614 1993 2674 31
2030 2612 2181 2672 Scheffel
2206 2614 2338 2674 Haber,

1323 2652 1382 2712 529
1425 2652 1484 2712 Last
1509 2650 1550 2710 22
1581 2652 1725 2712 Scheffel
1750 2661 1869 2721 Malz,
1906 2661 1966 2721 149
2009 2661 2074 2721 Last
2099 2662 2140 2722 38
2183 2664 2333 2724 Scheffel

1321 2700 1548 2760 Buchwaitzen
1585 2703 1732 2763 Grütze,
1764 2709 1824 2769 158
1868 2709 1941 2769 Last
1973 2709 2009 2769 31
2052 2712 2199 2772 Scheffel
2218 2718 2334 2778 Hirse,

1326 2751 1385 2811 und
1412 2752 1472 2812 244
1499 2752 1568 2812 Last
1586 2753 1602 2813 7
1629 2757 1776 2817 Scheffel
1794 2754 1932 2814 Erbsen.

1319 2814 1419 2874 Diese
1437 2817 1579 2877 Gelehrte
1605 2820 1655 2880 und
1682 2820 1841 2880 Politische
1859 2820 1983 2880 Zeitung
2010 2820 2085 2880 wird
2111 2822 2152 2882 des
2179 2831 2337 2891 Montag=

1426 2860 1489 2920 und
1519 2861 1668 2921 Freytags
1688 2861 1885 2921 Vormittags
1915 2861 1944 2921 um
1984 2861 2014 2921 10
2039 2864 2097 2924 Uhr
2117 2866 2142 2926 in
2167 2870 2211 2930 dem

1500 2908 1695 2968 Kanterschen
1728 2906 1905 2966 Buchladen
1937 2906 2144 2966 ausgegeben.
