2479 3508
206 357 299 417 Bald
322 359 454 419 nachher
477 355 608 415 meldete
631 354 680 414 sich
709 357 774 417 eine
791 356 885 416 junge
902 353 1012 413 Dame
1029 351 1078 411 bey
1106 354 1150 414 dem

157 409 305 469 Könige.
353 404 494 464 Sire,
524 404 624 464 sprach
655 404 713 464 sie:
750 405 814 465 Ich
838 404 944 464 weis,
969 404 1027 464 daß
1052 403 1163 463 Ihnen

161 455 209 515 die
236 452 371 512 Götter,
393 449 571 509 Weisheit
587 454 646 514 und
674 455 857 515 Vermögen
890 455 1024 515 gegeben
1057 453 1181 513 haben,

159 505 228 565 ihre
249 503 339 563 arme
361 503 584 563 Unterthanen
611 503 753 563 gluͤcklich
781 503 807 563 zu
840 503 987 563 machen.

1033 505 1092 565 Ich
1124 503 1178 563 lie¬

159 554 196 614 be
218 551 275 611 seit
297 551 419 611 einiger
446 551 519 611 Zeit
536 554 620 614 einen
652 554 832 614 Edelmann
860 554 907 614 bis
934 554 987 614 zur
1014 551 1183 611 Verzwei¬

158 601 285 661 felung.
354 598 433 658 Der
460 604 651 664 Eindruck,
684 604 737 664 den
774 601 806 661 er
833 601 891 661 auf
923 601 997 661 mich
1035 601 1177 661 gemacht

159 649 243 709 hat,
281 648 323 708 ist
350 653 650 713 unüberwindlich.
720 650 905 710 Vernunft
932 648 942 708 -
1011 651 1174 711 weibliche

165 697 498 757 Schamhaftigkeit,
521 703 616 763 selbst
638 702 693 762 das
722 699 838 759 Gebet
855 700 882 760 zu
911 700 1005 760 denen
1033 702 1172 762 Göttern

160 748 262 808 haben
289 751 359 811 mich
387 751 499 811 bisher
532 751 586 811 von
624 751 749 811 meiner
771 748 927 808 Neigung
960 751 1046 811 nicht
1068 751 1165 811 heilen

160 798 306 858 können.
355 800 419 860 Ich
447 798 495 858 bin
529 801 735 861 verdammt,
757 798 805 858 ihn
838 799 870 859 zu
898 800 1022 860 lieben,
1044 801 1103 861 und
1131 801 1168 861 ich

160 849 316 909 verzehre
338 848 414 908 mich
442 847 468 907 in
496 849 560 909 mir
583 849 696 909 selbst,
724 848 773 908 wo
800 849 881 909 mein
914 849 1087 909 Geliebter
1110 849 1185 909 län¬

163 900 211 960 ger
239 897 429 957 undankbar
457 898 543 958 gnug
582 900 646 960 ist,
668 901 777 961 meine
799 900 1011 960 Zärtlichkeit
1044 900 1103 960 mit
1125 899 1179 959 sei¬

160 945 219 1005 ner
241 945 426 1005 bisherigen
459 950 665 1010 Verachtung
693 950 725 1010 zu
753 951 948 1011 erwiedern.
1014 951 1095 1011 Der
1118 948 1182 1008 Kö¬

159 997 245 1057 nig,
273 995 402 1055 welcher
429 998 585 1058 einsahe,
608 996 666 1056 daß
694 998 742 1058 der
770 998 947 1058 Edelmann
986 998 1071 1058 keine
1094 998 1179 1058 Nei¬

159 1046 245 1106 gung
273 1046 299 1106 zu
332 1044 380 1104 der
402 1043 520 1103 jungen
548 1046 661 1106 Dame
683 1046 779 1106 haben
813 1049 936 1109 mußte,
958 1050 1028 1110 that
1045 1049 1093 1109 ihr
1115 1049 1174 1109 alle

163 1094 313 1154 mögliche
341 1094 617 1154 Vorstellungen,
639 1098 731 1158 ihren
758 1097 969 1157 Gegenstand
997 1100 1105 1160 fahren
1138 1097 1170 1157 zu

158 1139 271 1199 laßen.
319 1142 500 1202 Vielleicht
532 1145 614 1205 sagte
646 1145 703 1205 er,
729 1145 770 1205 ist
796 1145 884 1205 nicht
916 1148 1008 1208 unter
1046 1148 1170 1208 meinen

159 1190 333 1250 Hofleuten
370 1190 416 1250 ein
453 1193 638 1253 Cavalier,
669 1193 720 1253 der
747 1193 818 1253 ihre
850 1195 906 1255 von
943 1196 1030 1256 jenem
1077 1196 1174 1256 Edel¬

160 1240 255 1300 mann
290 1237 466 1297 verachtete
486 1243 698 1303 Zärtlichkeit
723 1243 783 1303 mit
804 1246 944 1306 Freuden
980 1244 1160 1304 annehmen

159 1285 263 1345 wird.
312 1288 375 1348 Ich
402 1288 475 1348 will
497 1288 539 1348 sie
566 1290 756 1350 Madame,
783 1290 840 1350 bey
867 1291 952 1351 Hofe
984 1291 1174 1351 einführen.

155 1337 281 1397 Jedoch
311 1338 363 1398 die
381 1336 496 1396 Dame
526 1336 601 1396 blieb
636 1336 879 1396 unbeweglich,
909 1339 971 1399 und
1008 1339 1088 1399 nahm
1135 1339 1169 1399 es

1221 353 1267 413 sich
1291 354 1377 414 vor,
1401 354 1492 414 lieber
1522 357 1591 417 eher
1614 357 1643 417 zu
1672 357 1816 417 sterben,
1846 357 1897 417 als
1921 357 1990 417 ihre
2013 354 2169 414 Neigung
2193 354 2221 414 zu

1215 404 1426 464 bekämpfen.
1490 404 1564 464 Der
1586 405 1696 465 König
1718 407 1775 467 ließ
1808 404 1940 464 deshalb
1967 404 2019 464 den
2046 401 2220 461 Edelmann

1216 452 1269 512 vor
1297 453 1345 513 sich
1373 452 1541 512 kömmen.
1590 452 1638 512 Er
1661 455 1720 515 ließ
1748 455 1796 515 sich
1824 455 1850 515 so
1878 455 1954 515 weit
1976 452 2089 512 herab,
2112 451 2165 511 ihn
2193 450 2225 510 zu

1215 503 1343 563 bitten,
1375 503 1421 563 die
1452 503 1550 563 Hand
1587 500 1643 560 und
1674 505 1730 565 das
1767 503 1854 563 Herz
1881 502 1978 562 dieses
2015 503 2231 563 Frauenzim¬

1215 551 1300 611 mers
1325 553 1566 613 anzunehmen.
1617 554 1692 614 Und
1718 554 1748 614 ob
1774 552 1864 612 gleich
1895 551 1944 611 der
1960 549 2141 609 Edelmann
2166 554 2231 614 mit

1223 601 1375 661 Thränen
1403 601 1555 661 gestand,
1588 601 1645 661 daß
1672 601 1698 661 er
1725 601 1809 661 nicht
1831 601 1856 661 im
1900 601 2036 661 Stande
2058 603 2127 663 sey,
2159 603 2216 663 sein

1217 652 1301 712 Herz
1328 652 1354 712 zu
1386 649 1480 709 dieser
1502 652 1607 712 Wahl
1618 649 1644 709 zu
1676 649 1887 709 bestimmen:
1914 649 1945 709 so
1967 649 2072 709 wollte
2099 649 2124 709 er
2141 650 2230 710 doch,

1219 697 1249 757 um
1292 700 1338 760 die
1365 700 1484 760 Gnade
1506 700 1558 760 des
1584 700 1714 760 Königs
1741 700 1829 760 nicht
1850 700 1876 760 zu
1908 697 2090 757 verlieren,
2117 700 2236 760 gehor¬

1218 751 1260 811 sam
1304 751 1396 811 seyn.
1446 751 1493 811 Er
1516 749 1667 809 affectirte
1689 748 1759 808 eine
1781 749 1938 809 Neigung
1966 748 2057 808 gegen
2085 748 2133 808 die
2155 747 2230 807 Da¬

1210 799 1281 859 me.
1344 800 1421 860 Der
1458 798 1566 858 König
1598 798 1774 858 beschenkte
1810 797 1861 857 ihn
1899 797 1960 857 mit
1992 798 2074 858 einem
2121 798 2219 858 neuen

1215 849 1415 909 Rittergut,
1442 849 1689 909 verheyrathete
1710 849 1745 909 sie
1767 849 1967 909 zusammen,
1983 848 2044 908 und
2071 846 2137 906 war
2158 846 2230 906 ver¬

1214 900 1340 960 gnügt,
1367 899 1414 959 die
1446 898 1541 958 Bitte
1568 899 1621 959 des
1653 899 1943 959 Frauenzimmers
1975 895 2086 955 erhört
2113 897 2144 957 zu
2177 896 2229 956 ha¬

1217 948 1288 1008 ben.
1341 948 1428 1008 Aber
1450 948 1526 1008 ach!
1554 948 1656 1008 wenig
1688 948 1775 1008 Tage
1807 947 1874 1007 nach
1906 947 1957 1007 der
1983 945 2138 1005 Hochzeit
2154 944 2236 1004 mel¬

1214 998 1280 1058 dete
1306 998 1357 1058 sich
1384 996 1435 1056 bey
1461 998 1512 1058 dem
1559 998 1651 1058 neuen
1682 998 1852 1058 Ehemann
1883 995 1929 1055 die
1955 995 2145 1055 Abneigung
2177 995 2228 1055 ge¬

1221 1047 1266 1107 gen
1293 1045 1375 1105 seine
1396 1049 1576 1109 Gemalin.
1628 1045 1674 1105 Er
1700 1046 1834 1106 verbarg
1860 1046 1927 1106 eine
1948 1046 2092 1106 Zeitlang
2118 1046 2215 1106 seinen

1214 1095 1349 1155 Gram,
1381 1097 1496 1157 endlich
1522 1097 1597 1157 fand
1623 1097 1693 1157 man
1730 1097 1779 1157 ihn
1815 1096 1875 1156 mit
1907 1097 1987 1157 einem
2028 1094 2128 1154 Dolch
2169 1094 2224 1154 von

1214 1147 1314 1207 seiner
1345 1145 1450 1205 eignen
1486 1148 1582 1208 Hand
1613 1145 1804 1205 ermordet,
1830 1146 1890 1206 und
1922 1145 2007 1205 einen
2038 1145 2143 1205 Zettel
2169 1144 2229 1204 mit

1211 1196 1310 1256 diesen
1349 1196 1487 1256 Worten
1526 1198 1620 1258 neben
1665 1198 1758 1258 ihm:
1792 1198 1902 1258 Wehe
1931 1198 2030 1258 dem,
2064 1198 2113 1258 der
2147 1196 2229 1256 Her¬

1211 1249 1260 1309 zen
1288 1246 1453 1306 zwinget!

1421 1321 1511 1381 (Der
1540 1321 1700 1381 Beschluß
1743 1323 1826 1383 folgt
1855 1324 2022 1384 künftig.)

404 1488 611 1548 Leipzig,
650 1490 706 1550 den
738 1491 807 1551 16.
833 1491 926 1551 Jan.

206 1540 252 1600 In
281 1536 409 1596 unserer
433 1539 543 1599 Stadt
567 1539 625 1599 und
655 1539 811 1599 Vorstadt
835 1544 893 1604 sind
923 1545 1051 1605 voriges
1080 1546 1172 1606 Jahr

154 1593 291 1653 geboren
320 1593 408 1653 1085
436 1593 585 1653 Kinder,
619 1596 774 1656 darunter
808 1596 846 1656 18
875 1599 968 1659 Paar
997 1599 1168 1659 Zwillinge

160 1645 220 1705 und
248 1645 308 1705 111
336 1646 523 1706 unehliche:
552 1646 712 1706 gestorben
746 1647 767 1707 in
795 1649 844 1709 der
873 1652 982 1712 Stadt
1000 1652 1087 1712 479,
1105 1649 1165 1709 und

152 1694 183 1754 in
222 1697 270 1757 der
303 1697 465 1757 Vorstadt
493 1697 562 1757 520
601 1697 795 1757 Personen,
833 1703 893 1763 und
926 1700 1076 1760 getrauet
1104 1699 1114 1759 3

154 1748 270 1808 Paar.
320 1751 370 1811 In
398 1751 553 1811 Dresden
582 1748 642 1808 sind
670 1751 803 1811 dasselbe
831 1751 920 1811 Jahr
943 1751 1070 1811 getauft
1093 1751 1175 1811 wor¬

153 1797 204 1857 den
236 1801 323 1861 1842
355 1799 499 1859 Kinder,
526 1799 691 1859 worunter
722 1802 784 1862 152
810 1802 996 1862 uneheliche
1018 1802 1172 1862 gewesen,

155 1849 314 1909 gestorben
348 1849 431 1909 1460
465 1849 658 1909 Personen,
692 1851 752 1911 und
786 1852 940 1912 getrauet
969 1852 1035 1912 445
1063 1852 1173 1912 Paar.

155 1901 199 1961 In
235 1897 386 1957 Eisleben
417 1897 477 1957 sind
509 1897 574 1957 207
599 1897 766 1957 geboren,
792 1897 857 1957 172
888 1897 1079 1957 gestorben,
1105 1899 1165 1959 und

159 1948 285 2008 getraut
307 1948 344 2008 49
376 1945 486 2005 Paar.
566 1945 608 2005 Zu
641 1945 793 2005 Dresden
820 1945 878 2005 hat
900 1945 1016 2005 neulich
1043 1945 1084 2005 ein
1111 1945 1174 2005 Ge¬

155 1999 278 2059 lehrter
305 1997 376 2057 eine
408 1996 505 2056 kleine
531 1996 748 2056 Abhandlung
785 1994 1078 2054 herausgegeben,
1105 1992 1161 2052 von

153 2049 281 2109 welcher
311 2046 562 2106 Deutschland,
592 2046 686 2106 wenn
721 2043 750 2103 es
785 2043 834 2103 die
859 2043 1017 2103 darinnen
1057 2040 1174 2100 vorge¬

154 2100 298 2160 schlagne
320 2100 442 2160 Regeln
470 2100 519 2160 zur
542 2097 724 2157 Ausübung
753 2096 885 2156 bringen
908 2094 1029 2154 wollte,
1041 2092 1157 2152 Nutzen

158 2151 259 2211 haben
290 2151 415 2211 könnte.
464 2148 543 2208 Sie
561 2148 603 2208 ist
622 2148 765 2208 betitelt:
796 2147 880 2207 "Ein
917 2148 1007 2208 gutes
1043 2145 1163 2205 Mittel

179 2201 347 2261 allerhand
379 2200 479 2260 Arten
516 2199 574 2259 von
601 2199 822 2259 Landwaaren
860 2201 1044 2261 gemächlich
1076 2196 1176 2256 abzu¬

156 2247 296 2307 "setzen,
329 2249 366 2309 um
421 2249 475 2309 der
508 2249 800 2309 Bequemlichkeit
828 2249 876 2309 der
909 2246 1082 2306 Menschen
1120 2246 1174 2306 da¬

175 2297 272 2357 durch
298 2300 323 2360 zu
355 2297 462 2357 statten
489 2297 519 2357 zu
545 2297 725 2357 kommen."
762 2297 807 2357 Es
839 2300 977 2360 kommen
1009 2297 1157 2357 darinnen

159 2350 249 2410 unter
274 2348 389 2408 andern
425 2348 570 2408 folgende
596 2348 726 2408 Stellen
752 2345 832 2405 vor:
873 2348 1058 2408 "darinnen
1084 2348 1174 2408 steckt

166 2396 231 2456 "der
264 2399 388 2459 meisten
421 2396 599 2456 Deutschen
627 2399 767 2459 Fehler,
801 2397 854 2457 daß
893 2396 930 2456 sie
958 2399 1049 2459 gleich
1083 2396 1114 2456 an
1153 2396 1163 2456 2

167 2447 254 2507 "oder
280 2448 290 2508 3
321 2444 460 2504 Artikeln
492 2446 657 2506 gewinnen
684 2447 822 2507 wollen,
849 2447 921 2507 was
947 2446 1086 2506 andere,
1118 2443 1169 2503 die

172 2497 247 2557 eine
270 2497 437 2557 mäßigere
459 2494 637 2554 Lebensart
659 2497 799 2557 führen,
832 2497 864 2557 an
897 2497 988 2557 vielen
1021 2494 1161 2554 Artikeln

153 2539 211 2599 „zu
238 2548 398 2608 erwerben
425 2542 531 2602 suchen
574 2540 584 2600 —

651 2542 721 2602 Bey
752 2547 802 2607 dem
848 2548 974 2608 meisten
1005 2546 1156 2606 deutschen

157 2598 312 2658 „Negoce
336 2599 376 2659 ist
399 2595 636 2655 größtentheils
659 2595 711 2655 der
735 2596 844 2656 Fehler
868 2599 994 2659 dieser,
1030 2595 1081 2655 daß
1116 2593 1162 2653 der

163 2651 374 2711 "Kaufmann
400 2645 446 2705 die
467 2643 653 2703 fabricirten
679 2644 818 2704 Waaren
850 2643 901 2703 den
933 2644 1036 2704 armen
1062 2643 1175 2703 Fabri¬

159 2697 283 2757 "canten
321 2700 353 2760 zu
386 2697 456 2757 sehr
483 2694 661 2754 abdrückt;
689 2694 737 2754 ihm
786 2694 862 2754 aber
890 2694 965 2754 kann
1003 2697 1073 2757 man
1100 2692 1170 2752 der¬

172 2751 311 2811 'gleichen
353 2748 435 2808 nicht
467 2745 580 2805 theuer
617 2745 720 2805 genug
757 2742 881 2802 wieder
917 2744 1093 2804 abkaufen.

150 2797 296 2857 „Unsere
318 2796 617 2856 Handwerksleute
639 2793 807 2853 raffiniren
835 2795 921 2855 nicht
943 2796 1073 2856 genug,
1095 2793 1170 2853 ihre

172 2847 296 2907 Arbeit
313 2848 345 2908 zu
372 2847 567 2907 verbessern,
595 2844 725 2904 sondern
753 2841 866 2901 bleiben
899 2844 948 2904 bey
976 2844 1062 2904 ihrer
1084 2844 1159 2904 alten

172 2897 274 2957 Facon
313 2897 323 2957 —
395 2895 470 2955 Der
497 2896 611 2956 Zunft=
639 2894 698 2954 und
726 2894 1013 2954 Innungszwang
1046 2894 1089 2954 ist
1111 2893 1164 2953 der

159 2951 290 3011 "größte
315 2951 409 3011 Feind
441 2951 496 3011 des
516 2947 847 3007 Nahrungsstandes
880 2945 942 3005 und
974 2948 1023 3008 der
1043 2948 1167 3008 Wohl=

1227 1494 1353 1554 feilheit
1372 1494 1406 1554 en
1430 1494 1528 1554 gros.
1581 1494 1661 1554 Wer
1685 1494 1713 1554 in
1738 1497 1928 1557 Frankreich
1970 1496 2027 1556 und
2062 1497 2218 1557 England

1234 1545 1309 1605 feine
1332 1547 1450 1607 Arbeit
1472 1548 1619 1608 bereitet,
1646 1548 1721 1608 kann
1749 1550 1819 1610 auch
1847 1551 1949 1611 damit
1972 1548 2133 1608 handeln,
2156 1548 2215 1608 und

1229 1597 1289 1657 das
1317 1599 1422 1659 macht
1450 1599 1616 1659 wohlfeile
1644 1602 1760 1662 Preise
1788 1602 1849 1662 und
1883 1602 2021 1662 tüchtige
2049 1599 2110 1659 und
2138 1599 2221 1659 feine

1229 1649 1361 1709 Arbeit.
1406 1652 1511 1712 Denn
1539 1652 1616 1712 der,
1645 1653 1777 1713 welcher
1800 1653 1882 1713 seine
1906 1652 2027 1712 Arbeit
2050 1651 2138 1711 selbst
2161 1649 2227 1709 ver¬

1223 1703 1342 1763 kaufen
1369 1703 1477 1763 kann,
1504 1706 1585 1766 sucht
1607 1706 1655 1766 sich
1683 1706 1764 1766 schon
1791 1706 1823 1766 zu
1851 1703 2153 1763 recommendiren;
2180 1702 2223 1762 ist

1231 1751 1261 1811 er
1293 1754 1369 1814 aber
1396 1754 1457 1814 nur
1499 1754 1539 1814 ein
1586 1754 1808 1814 Miethling,
1844 1754 1875 1814 so
1911 1754 2050 1814 arbeitet
2081 1751 2112 1811 er
2143 1751 2209 1811 nach

1223 1803 1277 1863 dem
1326 1805 1564 1865 gewöhnlichen
1603 1808 1824 1868 Schlendrian
1868 1805 1933 1865 aus
1971 1805 2025 1865 der
2058 1803 2155 1863 Hand
2188 1802 2214 1862 in

1225 1853 1283 1913 den
1324 1855 1455 1915 Mund.

1405 1924 1708 1984 Niederelbe,
1738 1927 1790 1987 den
1826 1927 1883 1987 21.
1913 1924 2006 1984 Jan.

1258 1969 1327 2029 Aus
1355 1972 1571 2032 Copenhagen
1599 1972 1658 2032 hat
1681 1972 1750 2032 man
1783 1972 1832 2032 die
1854 1972 1962 2032 sichere
1984 1972 2162 2032 Nachricht
2179 1972 2221 2032 er=

1205 2020 1330 2080 halten,
1356 2019 1411 2079 daß
1436 2020 1486 2080 den
1522 2020 1612 2080 18ten
1643 2017 1738 2077 dieses
1774 2020 1819 2080 die
1850 2019 2101 2079 bevorstehende
2132 2020 2217 2080 Ver¬

1209 2068 1362 2128 mählung
1391 2067 1458 2127 Sr.
1482 2067 1623 2127 Königl.
1647 2069 1771 2129 Hoheit
1795 2067 1845 2127 des
1874 2067 2101 2127 Kronprinzen
2125 2070 2226 2130 Chri=

1205 2121 1302 2181 stian,
1324 2118 1459 2178 geboren
1492 2118 1540 2178 den
1579 2118 1670 2178 29ten
1708 2120 1801 2180 Jan.
1828 2121 1941 2181 1749,
1974 2118 2039 2178 mit
2067 2120 2120 2180 der
2153 2121 2217 2181 Kö¬

1206 2172 1290 2232 nigl.
1308 2169 1641 2229 Großbritannischen
1670 2169 1873 2229 Prinzeßin,
1908 2169 2094 2229 Karolina,
2123 2172 2219 2232 gebo¬

1200 2223 1249 2283 ren
1278 2223 1327 2283 den
1356 2223 1450 2283 22ten
1484 2223 1573 2283 Jul.
1601 2226 1712 2286 1751,
1735 2223 1795 2283 und
1835 2223 1979 2283 jüngsten
2024 2223 2213 2283 Schwester

1211 2268 1276 2328 Sr.
1299 2273 1398 2333 Maj.
1416 2270 1471 2330 des
1494 2273 1627 2333 Königs
1655 2273 1710 2333 von
1738 2270 2055 2330 Großbritannien,
2078 2272 2132 2332 bey
2150 2273 2221 2333 Ho¬

1209 2328 1232 2388 fe
1257 2324 1338 2384 kund
1369 2324 1510 2384 gemacht
1528 2323 1592 2383 sey.

1292 2396 1541 2456 Frankfurt
1569 2396 1607 2456 am
1658 2399 1830 2459 Mayn,
1858 2399 1907 2459 den
1947 2399 2008 2459 14.
2036 2393 2130 2453 Jan.

1249 2446 1376 2506 Allhier
1404 2446 1459 2506 hat
1481 2446 1536 2506 das
1571 2446 1747 2506 verwichne
1770 2446 1863 2506 Jahr
1891 2445 1941 2505 die
1964 2443 2046 2503 Zahl
2074 2440 2124 2500 der
2146 2440 2218 2500 Ge¬

1199 2497 1320 2557 tauften
1347 2497 1373 2557 in
1400 2496 1489 2556 922,
1506 2495 1553 2555 der
1580 2497 1776 2557 begrabenen
1808 2496 1828 2556 in
1861 2496 1924 2556 983
1951 2491 2114 2551 Personen
2147 2493 2204 2553 und

1204 2548 1250 2608 der
1276 2547 1451 2607 copulirten
1483 2548 1503 2608 in
1534 2548 1596 2608 218
1628 2548 1720 2608 Paar
1742 2545 1932 2605 bestanden.

1475 2620 1642 2680 Cassel,
1667 2617 1717 2677 den
1755 2617 1823 2677 16.
1848 2617 1940 2677 Jan.

1260 2667 1296 2727 Jm
1346 2667 1567 2727 abgewichnen
1599 2667 1696 2727 Jahr
1722 2666 1783 2726 sind
1826 2666 1850 2726 in
1882 2667 2017 2727 hiesiger
2048 2670 2207 2730 Resibenz

1199 2724 1263 2784 185
1296 2719 1388 2779 Paar
1415 2718 1556 2778 copulirt
1573 2715 1637 2775 691
1670 2715 1789 2775 Kinder
1816 2715 1945 2775 geboren
1979 2721 2124 2781 worden,
2146 2723 2205 2783 und

1198 2775 1265 2835 424
1296 2769 1449 2829 Personen
1481 2768 1504 2828 in
1536 2766 1578 2826 die
1604 2763 1763 2823 Ewigkeit
1782 2769 1972 2829 gegangen.

1442 2838 1685 2898 München,
1710 2841 1763 2901 den
1800 2845 1840 2905 9.
1865 2847 1959 2907 Jan.

1241 2891 1298 2951 Da
1333 2888 1408 2948 Sr.
1432 2888 1645 2948 Churfürstl.
1675 2892 1826 2952 Durchl.
1849 2894 1936 2954 nicht
1959 2894 2022 2954 nur
2058 2894 2103 2954 ein
2139 2890 2208 2950 Be=

1192 2948 1320 3008 schützer
1346 2945 1395 3005 der
1414 2942 1704 3002 Wissenschaften,
1730 2948 1865 3008 sondern
1903 2948 1971 3008 auch
2015 2944 2057 3004 ein
2083 2942 2212 3002 Beför=

2104 2993 2206 3053 derer
