2479 3508
253 349 306 409 die
330 348 500 408 päbstliche
537 347 761 407 Approbation
797 346 849 406 des
886 345 1199 405 Jesuiteninstituts
1235 344 1281 404 be=

249 398 406 458 tressend.
455 395 568 455 "Was
596 395 627 455 ist
650 396 709 456 uns
742 397 833 457 daran
866 393 1022 453 gelegen,
1045 395 1136 455 heißt
1164 395 1195 455 es
1223 395 1282 455 un¬

252 443 331 503 "ter
352 441 473 501 andern
499 441 523 501 in
560 443 650 503 dieser
675 446 791 506 Rede,
822 445 872 505 daß
903 443 953 503 der
979 440 1084 500 Pabst
1110 443 1135 503 in
1176 444 1271 504 seinen

252 494 405 554 Landen
437 495 490 555 das
517 497 665 557 Jnstitut
687 495 772 555 einer
793 494 957 554 Societät
979 491 1042 551 mit
1059 494 1270 554 Lobsprüchen

255 543 486 603 überhäuft,
514 545 627 605 welche
649 548 697 608 der
725 546 832 606 König
860 545 886 605 in
914 545 1011 605 seinem
1055 544 1173 604 Reiche
1195 545 1281 605 nicht

257 593 400 653 länger
433 595 544 655 dulden
582 595 709 655 will..

803 592 876 652 Die
906 592 1093 652 Päbstliche
1117 592 1288 652 Constitu=

254 640 349 700 s'tion
380 646 415 706 ist
436 646 496 706 aus
522 646 648 706 eigener
669 643 861 703 Bewegung
892 646 1028 706 gegeben
1059 643 1210 703 worden,
1221 642 1281 702 und

266 690 353 750 "also
385 694 472 754 nicht
498 692 529 752 de
556 693 700 753 Consilio
737 691 1031 751 Fratrum....
1079 691 1156 751 Der
1177 691 1285 751 Pabst

267 738 324 798 "ist
357 745 526 805 souverain
563 742 589 802 in
637 742 737 802 seinen
775 742 928 802 Landen;
960 742 1023 802 dies
1061 739 1098 799 ist
1125 740 1172 800 die
1204 742 1277 802 erste

263 792 465 852 "Qualität,
491 792 584 852 unter
611 791 740 851 welcher
773 789 834 849 wir
861 789 912 849 ihn
949 789 980 849 zu
1017 789 1109 849 ehren
1142 789 1286 849 pflegen.

263 843 459 903 „Ueberdies
485 840 561 900 aber
587 840 622 900 ist
643 840 667 900 er
693 840 764 900 auch
790 840 840 900 der
861 840 1079 900 gemeinsame
1105 836 1205 896 Vater
1231 840 1281 900 der

263 894 506 954 "Gläubigen;
539 891 596 951 und
624 890 649 950 in
682 888 777 948 dieser
804 890 920 950 zwoten
952 888 1116 948 Qualität
1138 888 1286 948 respecti¬

259 934 331 994 "ren
359 942 420 1002 wir
443 942 492 1002 ihn
532 942 582 1002 als
610 939 665 999 den
700 939 794 999 ersten
834 937 995 997 Vicarium
1046 936 1123 996 Jesu
1157 939 1285 999 Christi

267 986 346 1046 Pauf
370 991 500 1051 Erden.

663 990 728 1050 Die
750 990 827 1050 erste
849 986 947 1046 dieser
969 984 1161 1044 Qualitäten
1200 990 1292 1050 schei=

282 1037 346 1097 'net
369 1042 417 1102 dem
461 1039 627 1099 Jnteresse
650 1037 703 1097 der
725 1036 897 1096 besondern
930 1034 1119 1094 Affectionen
1152 1037 1200 1097 des
1222 1037 1286 1097 Rö=

270 1091 421 1151 "mischen
456 1089 585 1149 Hofes,
620 1088 675 1148 den
716 1085 896 1145 Regungen
937 1085 1150 1145 vorzüglicher
1179 1088 1291 1148 Liebe,

280 1139 341 1199 den
370 1139 720 1199 Partheylichkeiten,
749 1130 799 1190 den
828 1130 1049 1190 Trennungen
1083 1136 1133 1196 der
1157 1133 1291 1193 Gemü¬

273 1184 359 1244 "ther
389 1188 475 1248 einen
505 1184 608 1244 freyen
638 1181 718 1241 Lauf
736 1181 765 1241 zu
794 1178 904 1238 laßen.
951 1180 1025 1240 Die
1043 1181 1159 1241 andere
1188 1181 1292 1241 erfor¬

268 1230 363 1290 „dert
385 1233 448 1293 eine
470 1231 623 1291 Sprache
645 1228 709 1288 nach
736 1228 783 1288 der
805 1228 1001 1288 Erbauung,
1018 1228 1203 1288 Wahrheit
1225 1228 1283 1288 und

291 1282 555 1342 Gerechtigkeit.
604 1278 723 1338 Sollte
756 1278 826 1338 man
864 1277 945 1337 denn
978 1279 1064 1339 nicht
1092 1279 1221 1339 Ursache
1248 1279 1280 1339 zu

263 1331 405 1391 denken
438 1333 564 1393 haben,
591 1333 650 1393 daß
677 1330 819 1390 gedachte
847 1330 1063 1390 Constitution
1101 1330 1127 1390 im
1170 1331 1286 1391 Grun=

294 1386 328 1446 de
351 1385 418 1445 bloß
447 1387 503 1447 das
532 1384 628 1444 Werk
652 1384 702 1444 des
725 1381 906 1441 politischen
941 1384 1128 1444 Ministerii
1151 1384 1201 1444 des
1225 1381 1292 1441 Rö¬

274 1437 419 1497 "mischen
452 1434 554 1494 Hofes
577 1434 749 1494 gewesen,
771 1434 900 1494 welches
928 1433 981 1493 von
1014 1434 1062 1494 dem
1106 1434 1224 1494 Pabst,
1252 1434 1279 1494 in

267 1480 387 1540 dessen
423 1485 589 1545 Qualität
626 1482 670 1542 als
711 1482 964 1542 Souverains,
995 1482 1186 1542 adoptiret,
1222 1484 1282 1544 und

270 1536 455 1596 "nachher,
482 1536 519 1596 um
556 1533 662 1593 damit
689 1530 868 1590 destomehr
901 1530 1006 1590 hinter
1044 1532 1102 1592 das
1134 1533 1218 1593 Licht
1251 1533 1277 1593 zu

276 1584 446 1644 "führen,
487 1583 552 1643 mit
583 1583 703 1643 einigen
739 1581 789 1641 der
820 1578 1021 1638 äußerlichen
1047 1581 1283 1641 Formalitäten

266 1621 350 1681 der
381 1628 552 1688 Decrete,
593 1626 617 1686 in
658 1625 789 1685 welchen
824 1625 875 1685 der
900 1625 1011 1685 Pabst
1036 1625 1096 1685 alle
1117 1625 1287 1685 Gläubige

275 1675 457 1735 "anredet,
495 1671 644 1731 versehen
683 1670 812 1730 worden
851 1670 927 1730 sey?
961 1669 980 1729 .
1009 1673 1023 1733 .
1052 1673 1071 1733 .

1117 1667 1194 1727 Bey
1231 1670 1283 1730 den

276 1721 533 1781 "Wirkungen,
558 1715 672 1775 welche
701 1714 782 1774 diese
802 1714 902 1774 Bulle
936 1715 959 1775 in
998 1715 1050 1775 den
1079 1717 1198 1777 Landen
1237 1715 1284 1775 des

273 1769 472 1829 „Pabstes,
501 1766 561 1826 und
584 1766 611 1826 in
639 1766 689 1826 den
723 1763 850 1823 übrigen
889 1763 1094 1823 katholischen
1128 1766 1299 1826 Staaten,

272 1813 348 1873 "wo
370 1820 505 1880 dieselbe
527 1817 575 1877 sich
603 1817 782 1877 verbreiten
810 1817 902 1877 mag,
929 1817 1027 1877 haben
1060 1817 1195 1877 könnte,
1223 1818 1298 1878 dür¬

276 1865 342 1925 fen
376 1872 431 1932 wir
459 1873 514 1933 uns
542 1870 624 1930 nicht
642 1869 829 1929 aufhalten.
858 1870 962 1930 Wenn
991 1870 1062 1930 Sie
1085 1870 1217 1930 dieselbe
1240 1870 1295 1930 oh=

294 1924 337 1984 ne
360 1924 565 1984 Vorurtheil
583 1921 687 1981 lesen,
711 1921 738 1981 so
766 1921 888 1981 werden
917 1921 988 1981 Sie
1011 1923 1128 1983 sehen,
1156 1922 1211 1982 daß
1239 1924 1288 1984 das

277 1970 359 2030 "Lob
387 1977 436 2037 des
464 1975 630 2035 Instituts
652 1972 795 2032 lediglich
829 1972 889 2032 von
929 1972 978 2032 der
1006 1975 1132 2035 Politik
1161 1975 1287 2035 dictiret

270 2022 352 2082 ist,
379 2027 440 2087 und
472 2028 523 2088 daß
550 2025 580 2085 es
607 2025 839 2085 vollständiger
871 2023 1010 2083 gewesen
1047 2025 1160 2085 wäre,
1192 2025 1279 2085 wenn

276 2071 383 2131 diese
411 2076 518 2136 Bulle
546 2075 665 2135 solchem
714 2073 794 2133 Lobe
828 2072 876 2132 die
914 2073 1184 2133 Rechtfertigung
1228 2073 1292 2133 die¬

278 2119 344 2179 ser
372 2124 548 2184 sträflichen
582 2121 786 2181 Casuisten,
820 2121 935 2181 welche
969 2121 1024 2181 seit
1063 2121 1145 2181 zwey
1179 2121 1295 2181 Jahr=

283 2174 478 2234 "hunderten
509 2172 534 2232 in
575 2169 670 2229 dieser
695 2169 856 2229 Societät
882 2166 942 2226 auf
967 2169 1123 2229 einander
1154 2169 1294 2229 gefolget

283 2222 396 2282 "sind,
418 2220 635 2280 hinzugefügt
657 2217 765 2277 hätte.
788 2217 803 2277 .
825 2220 879 2280 ..
928 2214 1014 2274 Was
1042 2217 1101 2277 uns
1129 2220 1285 2280 anlanget

280 2263 329 2323 so
363 2270 401 2330 ist
424 2270 456 2330 es
490 2267 622 2327 genug,
656 2266 711 2326 daß
750 2264 827 2324 diese
850 2263 949 2323 Bulle
978 2266 999 2326 in
1033 2267 1127 2327 diesem
1166 2267 1298 2327 König¬

280 2320 379 2380 "reich
407 2319 474 2379 eine
491 2315 718 2375 ohnmächtige
741 2312 818 2372 Acte
841 2314 896 2374 ist;
930 2315 996 2375 und
1024 2318 1185 2378 vielleicht
1214 2318 1291 2378 wird

276 2364 336 2424 "sie
359 2368 569 2428 anderwärts
591 2366 641 2426 der
670 2363 851 2423 Societat,
874 2365 923 2425 die
952 2365 1035 2425 ohne
1063 2368 1201 2428 Zweifel
1223 2369 1278 2429 dar

271 2416 338 2476 Pum
378 2422 559 2482 sollicitiret
577 2417 655 2477 hat,
684 2414 768 2474 nicht
787 2414 933 2474 mehrere
957 2417 1199 2477 Unterstützung
1229 2416 1296 2476 ver¬

271 2472 458 2532 s'schaffen,
482 2469 532 2529 als
556 2467 618 2527 alle
641 2461 817 2521 diejenigen
846 2464 903 2524 von
932 2467 1085 2527 derselben
1121 2467 1205 2527 Art,
1240 2467 1273 2527 um

277 2517 415 2577 "welche
439 2521 479 2581 sie
503 2516 554 2576 bey
584 2516 641 2576 uns
676 2512 826 2572 anflehen
862 2515 1000 2575 konnte,
1024 2518 1128 2578 bevor
1158 2517 1209 2577 der
1233 2515 1296 2575 Kö¬

286 2569 351 2629 "nig
382 2571 477 2631 seinen
508 2568 622 2628 Willen
653 2565 790 2625 erkläret
809 2563 899 2623 hatte
917 2563 959 2623 rc.

512 2617 770 2677 Warschau,
793 2614 848 2674 den
883 2614 927 2674 7.
950 2614 1056 2674 Febr.

323 2663 396 2723 Se.
409 2667 550 2727 Königl.
569 2670 661 2730 Maj.
680 2665 729 2725 U.
748 2664 790 2724 A.
810 2663 859 2723 H.
890 2664 1037 2724 ertheilen
1075 2664 1185 2724 täglich
1223 2664 1290 2724 Au¬

276 2714 405 2774 dienzen
444 2715 535 2775 denen
573 2718 643 2778 hier
670 2715 924 2775 ankommenden
962 2715 1091 2775 Herrn,
1124 2712 1188 2772 wie
1216 2710 1285 2770 Sie

276 2765 355 2825 denn
398 2761 577 2821 vorgestern
615 2766 668 2826 den
705 2766 832 2826 Grafen
869 2766 1065 2826 Mniszeck,
1097 2763 1298 2823 Kron=Hof¬

278 2811 450 2871 marschall
467 2811 527 2871 und
549 2814 793 2874 Wieloharski,
805 2814 994 2874 lithauschen
1027 2814 1287 2874 Küchenmeister

278 2864 394 2924 welche
423 2861 494 2921 ihre
517 2861 777 2921 Recognitiones
817 2864 1005 2924 abgeleget,
1045 2864 1300 2924 allergnädigst¬

276 2915 497 2975 empfangen,
536 2910 594 2970 und
628 2909 686 2969 mit
709 2912 806 2972 ihnen
844 2915 946 2975 einige
974 2915 1044 2975 Zeit
1061 2913 1217 2973 öffentlich
1244 2912 1292 2972 ge¬

277 2966 419 3026 sprochen
449 2961 567 3021 haben.
622 2958 680 3018 Als
711 2960 757 3020 sich
794 2961 865 3021 Se.
895 2963 995 3023 Maj.
1026 2963 1138 3023 vorige
1168 2960 1292 3020 Woche

277 3016 340 3076 auf
370 3016 421 3076 der
451 3013 560 3073 Jagdt
590 3008 641 3068 bey
682 3010 838 3070 Mielnick
868 3012 1052 3072 befanden,
1082 3011 1284 3071 empfiengen

1317 348 1503 408 allerhöchst
1528 349 1678 409 dieselben
1715 351 1781 411 alda
1806 351 1871 411 eine
1896 348 2004 408 Visite
2029 345 2083 405 von
2108 345 2179 405 Sr.
2192 348 2336 408 Durchl.

1318 396 1369 456 dem
1406 398 1529 458 Fürsten
1561 395 1731 455 Primas,
1758 400 1887 460 welcher
1914 398 1986 458 nach
2022 395 2105 455 einer
2131 395 2240 455 kurzen
2277 398 2343 458 Un¬

1317 448 1487 508 terredung
1518 447 1678 507 wiederum
1719 449 1789 509 nach
1826 449 2046 509 Skierniwitz
2067 443 2333 503 zurückgekehret

1315 494 1369 554 ist,
1392 497 1458 557 und
1480 499 1541 559 auf
1558 497 1668 557 Ostern
1702 497 1768 557 hier
1791 497 1951 557 eintreffen
1985 499 2106 559 dürfte.
2157 494 2206 554 Es
2229 494 2322 554 haben

1313 545 1382 605 Se.
1404 550 1504 610 Maj.
1526 548 1611 608 durch
1644 545 1686 605 ein
1719 545 1846 605 Patent
1868 548 1916 608 den
1943 548 2044 608 Herrn
2072 546 2226 606 General
2242 545 2338 605 Ron¬

1318 595 1436 655 nicker,
1458 598 1514 658 zum
1561 595 1794 655 Commissario
1826 594 1877 654 der
1903 595 2245 655 Kriegescommißion
2282 594 2333 654 der

1317 646 1542 706 Kronarmee,
1569 645 1724 705 erkläret,
1750 640 1810 700 und
1836 642 1871 702 da
1896 643 1956 703 auf
1982 646 2148 706 gedachter
2169 643 2334 703 Commis¬

1313 694 1368 754 sion
1404 695 1454 755 sich
1485 697 1585 757 keiner
1611 696 1666 756 von
1697 691 1813 751 beyden
1839 691 1945 751 Herrn
1971 696 2248 756 Kronseldherren
2269 693 2334 753 ein¬

1319 745 1501 805 gefunden,
1524 748 1551 808 so
1573 743 1751 803 präsidiren
1785 740 1906 800 darauf
1923 742 1994 802 Se.
2012 745 2161 805 Durchl.
2173 745 2222 805 der
2240 745 2333 805 Fürst

1319 792 1480 852 Woywod
1506 795 1560 855 von
1591 791 1702 851 Rußl.
1723 789 1768 849 als
1794 790 2339 850 General=Kronregimentarius.

1321 843 1448 903 Gestern
1475 843 1592 903 wurde
1614 840 1672 900 von
1699 840 1842 900 besagter
1869 840 2076 900 Commißion
2109 842 2156 902 die
2184 843 2337 903 Einrich¬

1314 894 1393 954 tung
1425 894 1573 954 derselben
1606 891 1795 951 publiciret,
1817 890 1880 950 und
1908 888 1954 948 die
1971 891 2156 951 benöthigte
2177 891 2336 951 Offician=

1321 942 1362 1002 ten
1393 942 1548 1002 erkläret,
1575 942 1621 1002 als
1648 942 1699 1002 zum
1741 939 2021 999 Kriegesnotario
2048 941 2094 1001 der
2121 942 2203 1002 Herr
2224 939 2343 999 Mies¬

1322 991 1425 1051 wicki,
1450 990 1623 1050 Notarius
1648 990 1707 1050 von
1737 992 1949 1052 Socharow,
1974 991 2037 1051 und
2063 990 2255 1050 Regeuten,
2280 989 2333 1049 der

1318 1040 1409 1100 Herr
1437 1040 1654 1100 Nowwizki,
1687 1043 1740 1103 zum
1785 1040 1995 1100 Jnstigatore
2018 1043 2104 1103 nebst
2132 1040 2179 1100 dem
2219 1037 2326 1097 Herrn

1318 1089 1545 1149 Dlugoleski,
1567 1094 1681 1154 welche
1709 1091 1757 1151 dem
1796 1094 2044 1154 hochgedachten
2073 1094 2224 1154 Fürsten,
2235 1088 2343 1148 Woy¬

1323 1138 1389 1198 wod
1421 1141 1477 1201 von
1515 1142 1623 1202 Rußl.
1639 1142 1690 1202 den
1727 1140 1788 1200 Eid
1810 1142 1996 1202 abgeleget.
2043 1143 2271 1203 Vorgestern,
2287 1139 2317 1199 am

1321 1185 1388 1245 Fest
1414 1185 1465 1245 des
1498 1188 1549 1248 H.
1575 1190 1752 1250 Friderici,
1783 1190 1897 1250 wurde
1929 1190 1980 1250 der
2013 1192 2230 1252 Namenstag
2262 1190 2339 1250 Sr.

1323 1231 1423 1291 Maj.
1445 1234 1493 1294 des
1520 1236 1653 1296 Königs
1680 1237 1738 1297 von
1771 1237 1925 1297 Preussen
1963 1235 1999 1295 en
2032 1237 2138 1297 Galla
2171 1238 2224 1298 bey
2251 1235 2341 1295 Hofe

1319 1284 1506 1344 begangen.
1557 1282 1634 1342 Se.
1657 1285 1806 1345 Durchl.
1829 1287 1878 1347 der
1901 1285 1995 1345 Fürst
2018 1285 2245 1345 Großkanzler
2273 1285 2328 1345 von

1321 1336 1505 1396 Lithauen,
1533 1339 1630 1399 gaben
1670 1339 1864 1399 derohalben
1903 1337 1946 1397 ein
1979 1339 2164 1399 prächtiges
2197 1335 2337 1395 Tracta=

1326 1387 1416 1447 ment
1437 1389 1461 1449 zu
1497 1393 1664 1453 Mittage,
1690 1391 1820 1451 welchem
1867 1390 1957 1450 unter
1983 1390 2099 1450 andern
2135 1387 2326 1447 vornehmen

1328 1440 1549 1500 Herrschaften
1588 1440 1653 1500 auch
1693 1440 1770 1500 Se.
1798 1443 1897 1503 Maj.
1926 1440 2164 1500 beyzuwohnen
2198 1440 2335 1500 geruhet

1324 1489 1447 1549 haben.
1480 1485 1555 1545 Des
1583 1488 1712 1548 Fürsten
1740 1491 1896 1551 Bischofs
1918 1488 1977 1548 von
2004 1490 2166 1550 Ermland
2188 1488 2333 1548 Durchl.

1325 1536 1420 1596 haben
1456 1537 1506 1597 das
1532 1538 1653 1598 Gehör
1679 1539 1800 1599 wieder
1831 1540 2043 1600 vollkommen
2074 1539 2230 1599 erlanget.
2281 1536 2331 1596 Es

1331 1585 1390 1645 sind
1417 1585 1492 1645 Se.
1515 1584 1660 1644 Durchl.
1677 1584 1731 1644 von
1759 1587 1850 1647 Ihro
1878 1590 2023 1650 Königl.
2046 1593 2142 1653 Maj.
2171 1590 2202 1650 zu
2235 1587 2327 1647 Dero

1322 1631 1555 1691 Commissario
1593 1631 1766 1691 ernennet,
1790 1631 1826 1691 um
1874 1633 1925 1693 die
1954 1637 2150 1697 Huldigung
2183 1637 2243 1697 von
2281 1634 2328 1694 der

1332 1676 1442 1736 Stadt
1462 1676 1583 1736 Elbing
1613 1678 1673 1738 und
1709 1679 1845 1739 Danzig
1871 1681 2127 1741 einzunehmen.
2178 1683 2222 1743 Es
2248 1683 2338 1743 dürf¬

1321 1721 1370 1781 ten
1405 1724 1473 1784 aber
1507 1721 1581 1781 Se.
1606 1724 1753 1784 Durchl.
1778 1727 1895 1787 erstlich
1935 1727 1989 1787 von
2024 1730 2092 1790 hier
2122 1730 2191 1790 nach
2216 1730 2328 1790 Ostern

1327 1775 1490 1835 abreisen.
1539 1775 1607 1835 Zur
1629 1775 1845 1835 Abnehmung
1872 1778 1924 1838 der
1947 1781 2142 1841 Huldigung
2169 1782 2243 1842 aber
2264 1784 2322 1844 von

1329 1825 1378 1885 der
1401 1825 1517 1885 Stadt
1540 1825 1644 1885 Thorn
1684 1828 1744 1888 sind
1783 1828 1833 1888 der
1861 1831 1949 1891 Herr
1983 1831 2121 1891 Bischof
2144 1833 2199 1893 von
2238 1834 2337 1894 Cujat

1327 1879 1391 1939 vien
1424 1879 1500 1939 Exc.
1517 1881 1678 1941 ernannt.
1722 1882 1852 1942 Vorige
1874 1883 1993 1943 Woche
2015 1885 2052 1945 ist
2075 1885 2128 1945 der
2150 1882 2242 1942 Herr
2270 1882 2339 1942 Bi¬

1327 1930 1407 1990 schof
1430 1930 1483 1990 von
1516 1933 1640 1993 Kyow,
1662 1933 1760 1993 Graf
1777 1936 1933 1996 Zaluski,
1961 1936 2020 1996 und
2048 1936 2161 1996 gestern
2199 1935 2247 1995 die
2270 1932 2339 1992 ver¬

1327 1981 1464 2041 witwete
1486 1984 1607 2044 Fürstin
1639 1984 1851 2044 Sangusko,
1873 1985 2179 2045 Großmarschallin
2206 1984 2263 2044 von
2290 1984 2343 2044 Li¬

1322 2031 1464 2091 thauen,
1479 2031 1547 2091 nach
1577 2031 1720 2091 Königl.
1740 2031 1980 2091 Beurlaubung
2015 2034 2049 2094 ad
2079 2034 2206 2094 propria
2241 2032 2338 2092 abge¬

1322 2082 1439 2142 reiset;
1469 2079 1631 2139 hingegen
1667 2079 1705 2139 ist
1730 2077 1784 2137 der
1804 2079 1892 2139 Herr
1922 2079 2227 2139 Alexandrowitze,
2262 2082 2339 2142 wel¬

1324 2127 1384 2187 cher
1413 2127 1459 2187 als
1483 2125 1581 2185 poln.
1610 2124 1858 2184 Jnternuntius
1891 2127 1960 2187 nach
1989 2127 2270 2187 Constantinopel
2294 2130 2340 2190 be=

1330 2175 1451 2235 stimmt
1468 2175 1626 2235 gewesen,
1653 2175 1717 2235 und
1744 2175 1791 2235 sich
1818 2178 1950 2238 bishero
1977 2178 2003 2238 zu
2036 2178 2179 2238 Zobosza
2211 2178 2237 2238 in
2270 2181 2338 2241 Po¬

1327 2226 1427 2286 dolien
1461 2223 1691 2283 aufgehalten,
1715 2223 1835 2283 anhero
1855 2229 2070 2289 retourniret,
2100 2231 2157 2291 und
2181 2229 2262 2289 zwar
2277 2229 2339 2289 mit

1328 2276 1412 2336 einem
1455 2273 1554 2333 Ruß.
1577 2273 1682 2333 Orden
1719 2276 1893 2336 bekleidet.
1962 2278 2041 2338 Der
2068 2281 2200 2341 Obriste
2222 2279 2337 2339 Stan¬

1327 2324 1465 2384 kiewiz,
1492 2324 1619 2384 welcher
1641 2324 1688 2384 sich
1715 2327 1763 2387 bis
1790 2327 1859 2387 dato
1891 2329 1922 2389 zu
1955 2333 2231 2393 Constantinopel
2242 2331 2343 2391 besin=

1328 2374 1396 2434 det,
1418 2372 1476 2432 hat
1503 2370 1550 2430 den
1582 2375 1762 2435 Character
1784 2378 1831 2438 als
1858 2381 2079 2441 französischer
2101 2384 2260 2444 Resident
2276 2381 2328 2441 bey

1327 2423 1374 2483 der
1407 2420 1534 2480 Pforte
1561 2426 1726 2486 erhalten,
1775 2432 1833 2492 zum
1887 2433 2079 2493 Residenten
2116 2434 2148 2494 am
2196 2433 2329 2493 hiesigen

1329 2473 1415 2533 Hofe
1443 2472 1518 2532 aber
1552 2471 1605 2531 von
1644 2476 1763 2536 Seiten
1801 2481 1855 2541 des
1888 2482 2034 2542 Königes
2072 2482 2272 2542 Stanislai,
2300 2479 2337 2539 ist

1326 2524 1377 2584 der
1403 2521 1490 2581 Herr
1522 2524 1692 2584 Celenski,
1719 2530 1945 2590 Mundschenk
1972 2533 2023 2593 von
2060 2533 2338 2593 Ciermieuchow,

1327 2573 1486 2633 ernannt.
1533 2572 1610 2632 Der
1636 2577 1733 2637 Graf
1760 2581 1991 2641 Hottkiewicz,
2017 2581 2161 2641 Starost
2172 2578 2228 2638 von
2249 2579 2336 2639 Wie¬

1323 2623 1398 2683 lun,
1421 2625 1496 2685 hat,
1519 2624 1556 2684 um
1600 2628 1681 2688 seine
1714 2631 1909 2691 Zuneigung
1942 2630 2018 2690 Sr.
2045 2629 2147 2689 Maj.
2175 2632 2202 2692 zu
2235 2632 2343 2692 bezei¬

1317 2673 1401 2733 gen,
1439 2673 1629 2733 allerhöchst
1661 2679 1867 2739 denenselben
1899 2679 1984 2739 seine
2016 2679 2179 2739 sämtliche
2217 2682 2338 2742 Haus¬

1318 2724 1503 2784 trouppen,
1539 2727 1599 2787 von
1635 2728 1861 2788 auserlesener
1892 2727 2113 2787 Mannschaft
2138 2732 2198 2792 und
2234 2732 2324 2792 guten

1327 2775 1483 2835 Officier,
1514 2778 1579 2838 mit
1605 2780 1862 2840 vollkommenen
1898 2778 2044 2838 Gewehr
2081 2779 2141 2839 und
2177 2782 2333 2842 Mondur

1325 2823 1411 2883 nebst
1435 2825 1481 2885 der
1505 2828 1662 2888 Löhnung
1697 2829 1755 2889 auf
1785 2829 1825 2889 ein
1866 2829 1977 2889 Jahr,
2007 2831 2058 2891 zum
2105 2835 2274 2895 Geschenk
2292 2835 2343 2895 ge¬

1326 2873 1445 2933 geben.

1331 2933 1416 2993 Diese
1440 2935 1580 2995 Gelehrte
1596 2934 1658 2994 und
1682 2934 1837 2994 Politische
1862 2936 1986 2996 Zeitung
2010 2936 2079 2996 wird
2112 2941 2158 3001 des
2182 2945 2337 3005 Montag=

1442 2975 1493 3035 und
1522 2975 1670 3035 Freytags
1690 2975 1890 3035 Vormittags
1914 2978 1946 3038 um
1984 2978 2011 3038 10
2040 2980 2095 3040 Uhe
2119 2984 2137 3044 in
2166 2984 2212 3044 dem

1518 3019 1713 3079 Kanferschen
1746 3017 1919 3077 Buchladen
1947 3020 2133 3080 ausgegeben
