2479 3508
1255 1615 1775 1718 den 5. April, 1765.
673 1619 1235 1718 27tes Stück. Freitag,
614 1704 807 1790 An die
271 1768 1126 1880 Dornenkrone des Erlösers.
190 1853 1176 1996 Den einst ein Hirtenvolt bey seiner Wiegen
199 1984 937 2077 Besang — und aus dem Angesicht
199 2056 988 2155 Des Kindes, aus der Unschuld Zügen
200 2142 957 2218 Weissagte: Unglück trifft ihn nicht!
199 2224 1155 2308 Bald wird ein Hirt die ganze Heerde weiden,
190 2301 937 2357 Der Löwe trägt das holde Lamm!
198 2354 1112 2468 Den Göttlichen, seh ich wie Sünder, leiden
194 2434 1013 2525 An eines Baums entmarkten Stamm;
269 2511 1223 2616 Jst das mein GOtt? — Ja theure Dornenbinde
204 2607 1041 2691 Du schmückst die Stirn des Göttlichen!
207 2673 1174 2751 So mag ich gern im Angstweh meiner Sünde
207 2752 910 2826 So mag ich meinen König sehn!
200 2823 1196 2912 Möcht ein Juvelenkranz aus Ophirs Schachten,
200 2899 973 2995 Und Gold aus Peru um ihn glühn;
1237 1699 2259 1789 So würd' ich zitternd bey dem Glanz verschmachten,
1236 1778 2078 1877 Und ihn, den prächtgen Richter fliehn!
1294 1859 2265 1967 Die Niedrigkeit schmilzt ihm mein Herr entgegen,
1237 1951 2030 2056 So muß der seyn, der mich versöhnt!
1228 2034 2026 2110 Die Krone muß er völlig niederlegen
1228 2101 2062 2187 Die ich, GOtt gleich zu seyn, verhöhnt.
1236 2176 1997 2295 Und trägt, um Eine mir zu flechten,
1237 2246 1912 2337 Aus Sternenblumen jener Welt,
1237 2318 2260 2431 Den Kranz, durch den sich Spötter an ihm rächten,
1243 2412 2123 2488 Und dünkt sich schön im Blut, ein Held!
1309 2474 2258 2585 Noch thaut der Schweis, der auf verwelkte Locken
1232 2591 1933 2668 Am Oelberg aus der Stirne floß
1239 2643 2272 2756 Sein Kleid herab — Kaum sind die Wangen trocken.
1240 2750 1826 2809 Und seine Hände fesselnlos;
1246 2770 2145 2889 So werden gleich der Scheitel wunder Ritzen
1243 2885 1992 3004 Mit neuen Stacheln wund gemacht,
2160 2921 2269 3000 Sie
