2479 3508
171 309 942 410 digten Nation niemals erhalten kann.
171 389 1201 449 tiationen des jüngsten schändlichen Friedens, nebst
179 441 1201 506 der Accise werden ihn aller Orten wo er hingehet,
171 488 1199 555 verfolgen, und der Schrecken gerechter Strafen die
174 540 1201 597 er von einem tapfern und beleidigten Volke zu er¬
171 586 1207 657 warten hat, so ihn zuletzt vertilgen muß, wird ihm
176 636 1201 701 auch immer vor Augen schweben. Vergeblich wird
176 685 1201 750 ein solcher Minister oder die garstige Hefen seiner
179 737 1201 797 Macht, als Werkzeuge der Bestechung und unbe¬
179 786 1196 846 schrenkten Gewalt, in der Anrede diesen Geist der
179 833 1196 893 Einigkeit und den Gesetzes=Gehorsam, anpreisen,
171 887 1201 939 welchen die gute Ordnung mit sich bringet. Sie ha¬
171 934 1199 994 ben den Geist der Uneinigkeit durchs Land verstreuet
174 984 1199 1046 und ich darf prophezeihen daß solcher nie anders als
171 1038 1196 1092 durch die Zernichtung ihrer Macht ausgelöschet wer¬
171 1087 376 1147 den kann.
221 1098 1194 1189 Soll der Geist der Einigkeit mit dem Frieden und
171 1183 1194 1240 der Accise an der Hand durch diese Nation wandern?
163 1233 1194 1279 Kann er vermuthet werden zwischen einem unver¬
174 1279 1183 1329 schämten Accisebedienten und einem Pair, Edelmann
169 1323 1199 1381 Zinsfreyen, Güter=Besitzer oder Pachter, deren Pri¬
973 314 2255 397 Die Nego= vathäuser nun unterworfen sind nach Belieben einge¬
1227 392 2009 462 drungen und durchvisitiret zu werden?
2027 389 2250 452 Gloucester
1233 439 2250 496 shire, Herefordshire und überhaupt alle Cyder=Graf¬
1227 490 2250 545 schaften, sind gewiß nicht diejenigen Grafschaften
1227 529 2252 592 darauf man in der Anrede gezielet. Der Geist der
1227 586 2258 644 Einigkeit hat sich unter diesen nicht gezeiget, wohl
1222 638 2252 690 aber der Geist der Freiheit, und denen gottlosen
1222 688 2252 747 Werkzeugen der Unterdruckung wurde ein edler Wi¬
1227 737 2252 791 derstand gethan. Eine Nation die so fühlbar wie
1222 784 2245 849 die Englische, wird bemerken, daß der Geist der Ei¬
1227 833 2250 885 nigkeit, wenn sie unterdruckt wird, nur eine gehor¬
1230 885 2252 939 same Unterwerfung unter Beleidigungen heißet; und
1227 929 2250 984 daß es sich alsdenn gebühre daß der Geist der Frei¬
1225 973 2247 1043 heit aufwache, gleichwie ich versichert bin daß solches
1222 1022 2250 1087 nach Maaßgebung des Gewichtes der Beschwerniß
1233 1077 2247 1142 so sie empfindet, iederzeit geschehen wird. Ein ieder
1214 1124 2252 1189 rechtmäßiger Versuch eines widrigen Absehens gegen
1220 1186 2250 1233 den Geist der Einigkeit wird als ein unverantwort¬
1220 1230 2247 1287 licher Widerstand geachtet werden, für welchen der
1225 1277 1977 1334 Geist der englischen Gesetze garantiret,
1430 1318 2042 1399 (Der Beschluß folgt künftig.)
405 1456 955 1526 Berlin, den 26. März.
213 1500 1191 1570 Am Sonnabend, des Nachmittags, sind hier Se.
174 1560 1183 1624 Excellenz, der Königl. wohlbestallte Generallieute
163 1617 1191 1682 nant von der Infanterie, Chef eines hier in Besa¬
169 1663 1196 1731 tzung stehenden Infanterieregiment, Ritter des schwar¬
169 1775 1191 1827 Forcade, in einem ruhmvollen Alter von 69 Jahren,
158 1822 1194 1879 nachdem Se. Exeellenz dem Königl. Hause 53 Jahr
163 1866 1199 1925 lang getreue Kriegesdienste geleistet, mit Tode abge¬
161 1918 1191 1977 gangen. Gestern des Nachmittags geschahe die Ein
169 2014 1191 2068 Lotterie, auf dem großen Saal des hiesigen Berlini¬
158 2112 1194 2198 ausgezogen wurden, und gewonnen haben, sind fol¬
161 2172 747 2237 gende: 49. 38. 85. 57. 3.
234 2208 1126 2271 Naumburg an der Saale, den 13. März.
205 2265 1183 2325 Der gelehrte Doctor und Physikus zu Tautenburg
153 2294 2234 2374 Hr. Friedrich August Weiz, hat neulich physikalische etwas hinzugekommen. Ich war aber mit diesem
163 2367 1181 2424 Beobachtungen angestellet, die so gemeinnützlich als
169 2416 724 2470 für jedermann faßlich sind.
747 2413 1178 2481 Dessen eigene Worte
163 2468 1189 2522 mit welchen er diese Beobachtungen beschreibet, sind
158 2515 1183 2574 diese: Unter den Beschäftigungen, durch eine rich¬
161 2561 1183 2616 tige Erfahrung von der Wahrheit oder Unwahrheit
163 2613 1181 2673 des in der Naturlehre bis itzt unausgemacht gewese¬
153 2665 1183 2717 nen Satzes: ”Ob der Mond einen Einfluß auf un¬
189 2709 1189 2774 sern Weltkörper habe, oder nicht?” überzeuget zu
158 2751 1181 2816 werden, und unter den Experimenten, die ich in die¬
163 2808 1178 2870 ser Absicht machte, kam ich endlich auf einen Versuch,
156 2862 1178 2919 welcher den Liebhabern dieser in der Arzeneykunst so
156 2919 1178 2987 nöthigen Wissenschaft der Physik angenehm zu ver=
1209 1464 2247 1534 nehmen seyn, und welcher vielleicht andere, nebst
1214 1521 2242 1580 mir, zu weiteren Bemühungen antreiben dürfte.
1220 1570 2234 1632 Ich nahm zwey porcellainerne flache Schüsselchen,
1220 1624 2242 1682 und legte in jedes zwey Drachmen feiner und guter
1225 1671 2242 1741 Pottasche, ganz genau abgewogen. Diese setzte ich,
169 1720 2242 1791 zen Adlerordens, Hr. Friedrich Wilhelm Quirin von unter freyem Himmel, im Mondenscheine nahe an
1220 1778 2250 1832 einander auf die Erde, machte aber zwischen beyden
1214 1827 2242 1879 ein breites und hohes Brett, so, daß der Mond nur
1214 1871 2245 1933 die eine Schüssel bescheinen, die andere aber nicht be¬
1209 1928 2245 1983 rühren konnte. Diese Pottasche nun ließ ich zwo
169 1975 2242 2032 und zwanzigste öffentliche Ziehung der Königl. Preuß. Stunden im Mondenscheine stehen. Darauf wog
1212 2019 2242 2076 ich beyde Portionen, und befand, daß diejenige, wel¬
163 2063 2239 2125 schen Rathhauses. Die fünf Nummern, welche her= che der Mond beschienen hatte, ein und zwanzig Gran
1220 2115 2234 2175 schwerer geworden war, die andere aber, von wel¬
1204 2169 2242 2229 cher ich durch das Brett, den Mond abgehalten, ihr
1212 2219 2242 2278 voriges Gewicht, nämlich zwey Drachmen, behal¬
1209 2271 2232 2336 ten hatte. Es war also zu der erstgedachten Pottasche
1209 2369 2232 2426 Versuche noch nicht zufrieden. Vielleicht, dachte ich,
1209 2416 2227 2468 ist von unten auf aus der Erde, oder auf eine andere
1209 2465 2232 2522 Art, etwas in diese Schüssel gekommen. Ich machte
1204 2515 2229 2569 daher denselben Versuch nochmals, und zwar verän¬
1204 2566 2227 2626 dert. Ich befestigte vor einem Fenster ein Brett, setz¬
1204 2613 2229 2670 te darauf wieder 2 Schüsselchen, jedes mit 2 Drach¬
1204 2662 2229 2725 men neuer Pottasche angefüllet, theilete diese beyde
1209 2712 2224 2771 Gefäße durch ein Brett von einander, so, daß der
1204 2761 2227 2823 Mond nur eines bescheinen konnte, ließ sie eine Stun=
1204 2816 2227 2875 de stehen, und fand, daß die von dem Monde beschie¬
1204 2867 2227 2927 nene Pottasche 13 ein halb Gran schwerer geworden
1199 2917 2227 2995 war, die andere aber ihr erstes Gewicht behalten hatte.
2105 2966 2227 3036 Hier=
