2479 3508
222 331 326 391 pfand
369 330 436 390 man
474 330 498 390 zu
535 330 658 390 Sala,
689 328 842 388 woselbst
867 330 916 390 sich
954 333 1008 393 der
1033 333 1174 393 Infant
1199 338 1254 398 seit
1286 341 1377 401 stin,
1415 342 1629 402 Woywodin
1667 344 1721 404 von
1759 348 1918 408 Rußland
1949 351 2010 411 und
2042 349 2299 409 Großcanzlerin

232 379 360 439 einigen
404 379 519 439 Tugen
557 380 795 440 aufgehälten,
821 382 894 442 eine
926 383 1023 443 kleine
1055 386 1262 446 Erderschüt=
1294 389 1348 449 von
1386 391 1569 451 Lithauen,
1600 392 1668 452 vom
1718 395 1809 455 Altar
1840 401 1950 461 zurück
1981 398 2146 458 geführet,
2178 400 2312 460 worauf

225 429 378 489 terung.

510 476 731 536 Mantua,
752 479 805 539 den
840 483 872 543 1.
900 485 1000 545 Febr.

292 524 513 584 Verschiedne
539 527 677 587 Briefe,
703 528 753 588 die
773 531 835 591 uns
861 533 1006 593 melden,
1044 535 1101 595 daß
1133 533 1183 593 der
1215 535 1265 595 be¬

236 575 355 635 rufene
378 578 464 638 Herr
487 575 623 635 Wilckes
651 578 738 638 durch
766 580 924 640 Bologna
957 582 1028 642 nach
1062 583 1132 643 Rom
1176 583 1268 643 paßi¬

239 625 289 685 ret
312 625 374 685 sey,
402 626 594 686 versichern,
628 628 684 688 daß
719 627 746 687 er
781 628 1000 688 allenthalben
1040 631 1119 691 stark
1148 634 1260 694 aufge=
1289 636 1406 696 andere
1435 640 1593 700 Mariage
1616 637 1689 697 aber
1712 634 1751 694 ist
1768 637 1909 697 zwischen
1943 646 1993 706 dem
2034 650 2123 710 Hrn.
2147 649 2310 709 General¬

230 674 285 734 hen
313 676 407 736 lasse.
452 675 496 735 Zu
530 676 695 736 Mayland
729 676 767 736 ist
796 676 845 736 er,
868 678 934 738 wie
962 681 1033 741 man
1067 682 1161 742 hört,
1212 682 1244 742 in
1290 685 1395 745 major
1434 688 1666 748 Szezephcki,
1711 685 1799 745 einem
1856 694 2093 754 Brudernsohn
2133 700 2182 760 des
2216 700 2310 760 Hrn.

239 724 291 784 dem
345 727 522 787 fürstlichen
562 727 807 787 Trivolzischen
840 729 979 789 Pallast
1006 733 1256 793 aufgenommen

239 778 404 838 worden.

467 822 754 882 Stockholm,
788 823 843 883 den
877 825 918 885 1.
946 828 1048 888 Febr.

236 924 344 984 lischen
377 922 529 982 Parthey
552 921 611 981 hat
634 921 682 981 sich
710 924 873 984 nunmehr
906 925 977 985 eine
1005 927 1103 987 dritte
1136 929 1255 989 hervor

240 975 388 1035 gethan,
416 972 463 1032 die
485 974 537 1034 den
564 969 707 1029 Namen
734 975 782 1035 der
809 975 1037 1035 Landparthey
1064 978 1175 1038 führt,
1197 975 1260 1035 und

236 1022 352 1082 täglich
375 1022 492 1082 stärker
521 1022 548 1082 zu
577 1022 698 1082 werden
727 1022 855 1082 scheint.
906 1025 983 1085 Sie
1006 1028 1140 1088 glaubt,
1157 1025 1190 1085 es
1219 1024 1257 1084 sey

247 1071 299 1131 der
319 1073 449 1133 Nation
476 1071 508 1131 am
548 1073 821 1133 zuträglichsten,
848 1073 900 1133 sich
927 1073 952 1133 in
985 1076 1069 1136 keine
1090 1074 1167 1134 neue
1188 1070 1265 1130 Ver=
1292 1073 1468 1133 ingleichen
1508 1076 1553 1136 der
1580 1076 1670 1136 Graf
1697 1084 1879 1144 Sapieha,
1913 1091 2075 1151 Woywod
2109 1092 2167 1152 von
2207 1094 2304 1154 Plock

242 1170 307 1230 dern
342 1169 394 1229 den
415 1167 488 1227 Flor
508 1168 554 1228 des
583 1169 709 1229 Landes
736 1169 889 1229 vielmehr
916 1171 1010 1231 durch
1030 1172 1136 1232 Fleiß,
1151 1170 1271 1230 Spar=
1292 1171 1391 1231 Graf
1418 1175 1604 1235 Sapieha,
1633 1182 1839 1242 lithauischer
1873 1188 2126 1248 Unterkanzler,
2154 1196 2226 1256 nach
2267 1196 2313 1256 Li¬

252 1216 384 1276 samkeit
406 1215 468 1275 und
497 1213 615 1273 bessere
630 1213 854 1273 Verwaltung
890 1215 938 1275 der
960 1219 1120 1279 Finanzen
1163 1219 1190 1279 zu
1219 1215 1275 1275 be=
1297 1219 1422 1279 thauen
1465 1224 1667 1284 abgereiset,
1703 1231 1737 1291 um
1795 1232 1927 1292 daselbst
1963 1234 1991 1294 in
2033 1239 2082 1299 der
2117 1243 2299 1303 Starosten

246 1264 400 1324 fördern.
456 1261 539 1321 Man
572 1261 683 1321 hoffet,
711 1263 767 1323 daß
795 1261 872 1321 diese
894 1264 1027 1324 löbliche
1050 1267 1194 1327 Absicht,
1211 1263 1277 1323 ver¬

252 1312 405 1372 schiedner
430 1309 642 1369 Hindernisse
667 1312 891 1372 ohngeachtet,
910 1315 1033 1375 ehstens
1058 1317 1157 1377 werde
1182 1318 1276 1378 errei¬

244 1363 310 1423 chet
334 1363 490 1423 werden.

433 1413 747 1473 Petersburg,
793 1416 843 1476 den
883 1417 947 1477 25.
979 1419 1068 1479 Jan.

291 1459 370 1519 Der
416 1462 586 1522 bisherige
633 1467 974 1527 Großbrittannische
1015 1470 1270 1530 Ambassadeur,

244 1515 372 1575 Herzog
411 1512 467 1572 von
507 1515 763 1575 Buckingham,
786 1516 841 1576 hat
870 1518 947 1578 seine
976 1518 1170 1578 Abschieds=
1204 1520 1265 1580 und

232 1563 286 1623 der
319 1563 433 1623 Ritter
472 1566 733 1626 Maccarteney,
760 1566 896 1626 welcher
930 1569 1092 1629 denselben
1125 1569 1266 1629 ablöset,
1300 1571 1375 1631 aller
1403 1575 1593 1635 Victualien
1627 1581 1691 1641 und
1725 1584 1914 1644 Eßwaaren
1948 1587 2029 1647 ohne
2062 1588 2116 1648 das
2149 1592 2312 1652 geringste

251 1661 400 1721 Kaiserl.
419 1658 544 1718 Hoheit
569 1661 707 1721 gehabt.

419 1706 831 1766 Constantinopel,
854 1703 912 1763 den
942 1706 982 1766 3.
1006 1709 1097 1769 Jan.

308 1747 384 1807 Der
416 1748 544 1808 Sultan
576 1748 746 1808 Numan,
772 1745 885 1805 dritter
916 1748 1055 1808 Bruder
1087 1750 1138 1810 des
1170 1751 1282 1811 Groß¬

251 1801 375 1861 sultans
414 1799 452 1859 ist
485 1796 539 1856 den
578 1796 686 1856 27sten
725 1795 773 1855 des
812 1796 1012 1856 verwichnen
1051 1799 1198 1859 Monats
1231 1799 1268 1859 an

255 1851 343 1911 einen
374 1848 486 1908 Anstoß
517 1846 575 1906 vom
612 1846 729 1906 Fieber
761 1846 789 1906 im
838 1849 943 1909 34sten
974 1851 1069 1911 Jahr
1099 1851 1199 1911 seines
1223 1851 1276 1911 Al.

251 1900 317 1960 ters
346 1900 406 1960 mit
424 1898 512 1958 Tode
535 1897 769 1957 abgegangen.
848 1899 897 1959 Er
920 1901 986 1961 war
1009 1903 1053 1963 ein
1082 1903 1187 1963 Prinz
1210 1902 1265 1962 von

254 1954 476 2014 vorzüglichen
511 1951 789 2011 Eigenschaften,
812 1953 872 2013 und
912 1953 950 2013 ein
989 1956 1134 2016 Liebling
1168 1956 1267 2016 seines

251 2005 457 2065 regierenden
485 2002 665 2062 Bruders.
710 2003 835 2063 Dieser
863 2005 916 2065 hat
939 2005 1004 2065 noch
1032 2005 1048 2065 2
1070 2008 1206 2068 Brüder
1223 2008 1255 2068 am

247 2055 375 2115 Leben,
399 2055 450 2115 den
480 2053 614 2113 Sultan
643 2052 801 2112 Bajazeth
837 2056 888 2116 von
918 2058 993 2118 48,
1017 2058 1081 2118 und
1105 2058 1157 2118 den
1186 2058 1273 2118 Sul=

257 2103 304 2163 tan
335 2105 463 2165 Orchan
494 2103 548 2163 von
579 2106 621 2166 43
652 2104 803 2164 Jahren.

471 2150 727 2210 Warschau,
760 2153 818 2213 den
850 2154 920 2214 21.
947 2154 1049 2214 Febr.

312 2195 386 2255 Die
416 2196 513 2256 letzten
548 2199 640 2259 Tage
681 2200 732 2260 des
779 2199 1038 2259 gegenwärtigen
1079 2199 1268 2259 Carnevals

254 2243 381 2303 wurden
424 2245 482 2305 mit
510 2243 526 2303 3
558 2245 664 2305 Balls
692 2246 900 2306 beschlossen,
927 2246 985 2306 den
1018 2246 1130 2306 erstern
1168 2246 1263 2306 gaben

249 2294 287 2354 am
338 2293 526 2353 Sonntage
566 2289 643 2349 Se.
666 2294 816 2354 Durchl.
839 2294 889 2354 der
923 2294 1017 2354 Fürst
1045 2294 1273 2354 Czartoriski,

263 2342 426 2402 Woywod
459 2342 516 2402 von
553 2339 733 2399 Rußland,
760 2342 812 2402 den
850 2342 966 2402 andern
1003 2345 1171 2405 Montags
1204 2342 1277 2402 Se.

255 2394 414 2454 Durchl.
432 2394 484 2454 der
509 2390 608 2450 Fürst
638 2390 867 2450 Großcanzler
897 2390 956 2450 von
992 2393 1168 2453 Lithauen,
1204 2393 1262 2453 und

253 2446 312 2506 den
343 2446 455 2506 dritten
486 2440 530 2500 die
554 2437 681 2497 Fürstin
705 2440 937 2500 Lubomirska,
968 2443 1171 2503 Woywodin
1202 2443 1254 2503 von
1300 2452 1480 2512 Reichstag
1511 2455 1668 2515 verleget.
1714 2463 1766 2523 Es
1790 2465 1849 2525 wil
1865 2467 1932 2527 hier
1963 2472 2082 2532 immer
2114 2476 2203 2536 mehr
2242 2478 2316 2538 ver¬

255 2495 391 2555 Lublin,
414 2495 471 2555 auf
495 2494 626 2554 welchen
655 2491 718 2551 alle
747 2491 918 2551 Masquen
947 2491 1032 2551 einen
1073 2492 1176 2552 freyen
1216 2493 1278 2553 Zu¬

249 2545 326 2605 tritt
345 2545 487 2605 gehabt.
529 2542 576 2602 Zu
612 2539 683 2599 eben
720 2539 821 2599 dieser
851 2542 1106 2602 Carnevalszeit
1131 2544 1261 2604 wurden

260 2590 338 2650 zwey
373 2594 554 2654 Mariagen
583 2592 765 2652 celebriret,
794 2590 907 2650 erstere
931 2593 1078 2653 zwischen
1107 2593 1157 2653 den
1186 2593 1276 2653 Hrn.

258 2636 313 2696 von
343 2641 398 2701 Loß
428 2642 490 2702 mit
508 2642 564 2702 des
593 2641 723 2701 Grafen
746 2641 950 2701 Mszenski,
974 2642 1178 2702 Woywoden
1207 2642 1263 2702 vor

262 2690 547 2750 Inwawroclow,
564 2694 725 2754 Comtesse
748 2689 904 2749 Tochter,
921 2690 1050 2750 welchem
1094 2692 1190 2752 Actui
1202 2691 1271 2751 Se.

252 2739 397 2799 Königl.
421 2741 519 2801 Maj.
537 2742 625 2802 selbst
649 2742 817 2802 persönlich
847 2742 1115 2802 beyzuwohnen,
1139 2743 1202 2803 und
1227 2742 1267 2802 die

251 2788 316 2848 mit
338 2785 501 2845 kostbaren
534 2790 702 2850 Jouvelen
741 2793 958 2853 angekleidete
986 2793 1127 2853 Braut,
1171 2791 1263 2851 unter

249 2840 382 2900 welchen
416 2835 460 2895 die
483 2835 600 2895 Krone
634 2841 728 2901 allein
762 2844 879 2904 60000
918 2844 1069 2904 Ducaten
1103 2844 1252 2904 geschätze

250 2889 408 2949 worden,
449 2885 505 2945 zum
545 2885 636 2945 Altar
659 2885 687 2945 zu
716 2891 829 2951 führen
858 2894 1000 2954 geruhet
1017 2894 1147 2954 haben;
1182 2891 1255 2951 nach

253 2941 463 3001 verrichteter
488 2936 643 2996 Trauung
669 2939 780 2999 wurde
799 2942 848 3002 die
867 2945 985 3005 Braut
1010 2945 1096 3005 durch
1122 2945 1171 3005 die
1184 2945 1270 3005 Für¬

1286 440 1419 500 hernach
1449 440 1512 500 eine
1536 440 1697 500 prächtige
1721 446 1883 506 Collation
1913 450 2063 510 erfolget.
2111 446 2191 506 Se.
2209 450 2307 510 Maj.

1290 488 1435 548 speiseten
1474 488 1505 548 an
1544 491 1630 551 einer
1653 490 1820 550 besondern
1853 497 1949 557 Tafel
1978 500 2037 560 von
2064 500 2101 560 15
2129 498 2312 558 Couverts,

1289 537 1350 597 mit
1377 539 1474 599 denen
1506 539 1734 599 vornehmsten
1765 545 1920 605 Damen,
1957 551 2003 611 die
2034 551 2163 611 übrigen
2195 548 2292 608 Sena

1287 586 1378 646 tores
1411 588 1470 648 und
1499 589 1633 649 Damen
1666 586 1806 646 speiseten
1834 589 1871 649 an
1899 597 2018 657 andern
2045 601 2186 661 Tafeln.
2235 598 2310 658 Die

1295 734 1450 794 Bischofs
1478 734 1533 794 von
1566 736 1682 796 Plock,
1711 735 1771 795 und
1805 735 1860 795 der
1889 742 2038 802 Fräulein
2072 750 2315 810 Braloszews¬

1290 784 1339 844 ki,
1362 784 1416 844 des
1451 784 1610 844 Fähnrich
1645 784 1699 844 von
1739 786 1943 846 Goslynna,
1966 790 2121 850 Tochter.
2177 798 2304 858 Dieser

1293 830 1403 890 Tagen
1437 834 1547 894 traffen
1575 834 1641 894 hier
1675 833 1718 893 ein
1752 831 1823 891 Se.
1846 839 1995 899 Durchl.
2017 840 2066 900 der
2089 843 2188 903 Fürst
2205 848 2310 908 Lubo¬

296 872 408 932 Außer
432 870 482 930 der
505 873 618 933 bisher
641 873 815 933 bekannten
844 876 1064 936 französischen
1099 879 1155 939 und
1190 879 1268 939 eng=
1292 879 1432 939 mirski,
1462 879 1630 939 Woywod
1659 882 1715 942 von
1756 884 1896 944 Lublin,
1937 890 1998 950 und
2033 891 2140 951 hatten
2180 897 2304 957 sogleich

1289 928 1347 988 bey
1384 927 1463 987 Sr.
1490 930 1590 990 Maj.
1617 934 1911 994 Privataudienz;
1944 940 2054 1000 ferner
2092 942 2138 1002 die
2171 944 2297 1004 Grafen

1293 975 1498 1035 Massalski,
1521 976 1570 1036 der
1599 978 1737 1038 Bischof
1765 983 1820 1043 von
1854 989 1992 1049 Wilda,
2027 991 2087 1051 und
2126 992 2309 1052 Hofschatz¬

1292 1024 1421 1084 meister
1442 1022 1498 1082 von
1530 1027 1679 1087 Lithauen
1701 1029 1757 1089 aus
1778 1034 1824 1094 dem
1866 1040 2078 1100 Cracauschen
2110 1043 2311 1103 Kammern,

254 1121 436 1181 bindungen
469 1121 527 1181 mit
547 1121 775 1181 auswartigen
802 1123 951 1183 Mächten
978 1125 1192 1185 einzulaßen,
1206 1121 1270 1181 son=
1304 1121 1362 1181 und
1389 1125 1635 1185 Unterfeldherr
1662 1130 1720 1190 von
1753 1138 1929 1198 Lithauen.
1976 1142 2151 1202 Hingegen
2190 1145 2229 1205 ist
2256 1148 2307 1208 der

1302 1267 1428 1327 Pinsck
1452 1273 1550 1333 seinen
1585 1276 1706 1336 Einzug
1742 1279 1770 1339 zu
1812 1282 1938 1342 halten.
1991 1285 2065 1345 Se.
2084 1290 2234 1350 Durchl.
2257 1294 2309 1354 der

1301 1321 1396 1381 Fürst
1419 1324 1635 1384 Czartoriski,
1653 1331 1992 1391 Kronjägermeister,
2010 1339 2151 1399 befinden
2186 1342 2230 1402 sich
2254 1340 2309 1400 seit

1295 1378 1312 1438 8
1341 1375 1448 1435 Tagen
1477 1377 1653 1437 gefährlich
1682 1383 1794 1443 krank,
1824 1384 1886 1444 und
1915 1387 1983 1447 man
2012 1390 2187 1450 verspricht
2211 1393 2300 1453 ihnen

1294 1425 1384 1485 nicht
1405 1427 1447 1487 ein
1474 1428 1590 1488 langes
1612 1431 1733 1491 Leben.
1781 1434 1919 1494 Gestern
1951 1438 2056 1498 wurde
2084 1442 2141 1502 auf
2168 1440 2316 1500 Verord¬

1292 1475 1380 1535 nung
1417 1476 1473 1536 des
1510 1478 1619 1538 Herrn
1661 1485 2067 1545 Krongroßmarschalls,
2109 1491 2202 1551 durch
2249 1494 2300 1554 den

1300 1524 1607 1584 Trompetenschall
1628 1530 1707 1590 allen
1745 1533 1808 1593 und
1835 1535 1924 1595 jeden
1962 1539 2008 1599 die
2041 1541 2130 1601 freye
2163 1542 2310 1602 Einfuhr

258 1613 340 1673 seine
364 1613 440 1673 erste
458 1610 605 1670 Audienz
629 1614 682 1674 bey
712 1613 805 1673 Ihro
829 1616 976 1676 Kaiserl.
995 1619 1094 1679 Maj.
1112 1619 1171 1679 und
1201 1619 1277 1679 Sr.
1307 1617 1342 1677 an
1372 1621 1424 1681 die
1449 1623 1566 1683 Stadt
1590 1625 1619 1685 zu
1661 1628 1908 1688 contribuiren,
1938 1637 2203 1697 angekündiget,
2244 1637 2308 1697 und

1296 1667 1386 1727 zwar
1420 1667 1525 1727 wegen
1564 1673 1784 1733 Abwendung
1813 1676 1866 1736 der
1900 1682 2076 1742 Theurung
2115 1685 2225 1745 welche
2254 1686 2283 1746 im

1296 1707 1363 1767 mer
1387 1709 1502 1769 größer
1527 1714 1623 1774 wird.
1676 1718 1738 1778 Als
1763 1720 1830 1780 hier
1854 1721 1878 1781 in
1912 1724 1960 1784 der
1984 1728 2210 1788 abgewichnen
2235 1733 2311 1793 Wo¬

1308 1755 1357 1815 che
1374 1757 1479 1817 etliche
1501 1759 1578 1819 stark
1601 1762 1738 1822 bepackte
1755 1769 1876 1829 Wagen
1904 1772 1959 1832 vor
1982 1776 2031 1836 die
2048 1780 2191 1840 Königl.
2203 1787 2312 1847 Haus¬

1306 1805 1460 1865 trouppen
1488 1814 1703 1874 angelanget,
1727 1816 1787 1876 und
1815 1820 1858 1880 die
1887 1825 2002 1885 hiesige
2025 1834 2240 1894 Zollkammer
2258 1835 2307 1895 den

1298 1859 1377 1919 Zoll
1400 1860 1484 1920 nicht
1508 1864 1682 1924 abnehmen
1723 1869 1790 1929 auch
1825 1871 1903 1931 diese
1933 1879 2056 1939 Wagen
2085 1884 2170 1944 nicht
2193 1885 2317 1945 revidi¬

1306 1907 1355 1967 ren
1383 1912 1515 1972 wollen,
1526 1915 1548 1975 so
1577 1918 1669 1978 haben
1703 1921 1774 1981 Se.
1786 1924 1929 1984 Königl.
1941 1930 2039 1990 Maj.
2056 1933 2111 1993 auf
2134 1935 2177 1995 die
2200 1936 2304 1996 davon

1306 1963 1499 2023 eingezogne
1522 1969 1715 2029 Nachricht,
1732 1974 1769 2034 um
1808 1975 1850 2035 ein
1878 1978 1969 2038 gutes
2002 1981 2164 2041 Beyspiel
2175 1984 2228 2044 von
2256 1987 2304 2047 sich

1307 2019 1336 2079 zu
1362 2014 1477 2074 geben,
1502 2017 1598 2077 denen
1628 2021 1864 2081 Zollbedienten
1900 2025 2090 2085 anbefohlen
2131 2033 2176 2093 die
2211 2031 2316 2091 Revi¬

1300 2063 1356 2123 sion
1387 2064 1624 2124 vorzunehmen
1656 2067 1717 2127 und
1744 2069 1790 2129 sich
1826 2072 1970 2132 bezahlen
2007 2076 2037 2136 zu
2074 2079 2187 2139 lassen.
2240 2082 2311 2142 Auf

1297 2112 1343 2172 die
1375 2112 1551 2172 ohnlängst
1583 2112 1640 2172 von
1677 2114 1728 2174 den
1765 2117 1910 2177 Königl.
1931 2121 2071 2181 Preuß.
2098 2127 2315 2187 Residenten,

1295 2157 1408 2217 Herrn
1436 2160 1686 2220 Legationsrath
1725 2163 1876 2223 Benoit,
1899 2166 2035 2226 hiesigen
2068 2172 2154 2232 Hofe
2177 2178 2317 2238 überge¬

1294 2203 1369 2263 bene
1390 2204 1482 2264 Nota
1518 2207 1620 2267 wider
1651 2208 1701 2268 den
1738 2210 1767 2270 in
1799 2214 1895 2274 poln.
1921 2220 2058 2280 Preuß.
2084 2226 2308 2286 constituirten

1306 2252 1538 2312 Generalzoll,
1561 2255 1621 2315 soll
1639 2258 1688 2318 die
1711 2261 1866 2321 Antwort
1894 2268 2027 2328 erfolget
2055 2271 2149 2331 seyn,
2172 2276 2254 2336 daß,
2277 2278 2310 2338 da

1300 2303 1416 2363 solches
1464 2303 1528 2363 alle
1570 2306 1644 2366 drey
1682 2311 1740 2371 auf
1772 2314 1824 2374 dem
1883 2318 2058 2378 Reichstag
2090 2326 2312 2386 versammlete

1301 2354 1446 2414 Stände
1473 2354 1532 2414 und
1565 2355 1651 2415 nicht
1679 2359 1726 2419 der
1759 2363 1867 2423 König
1900 2369 1991 2429 allein
2029 2375 2245 2435 beschlossen,
2278 2383 2304 2443 so

1302 2400 1376 2460 wird
1408 2404 1482 2464 diese
1503 2405 1651 2465 Materie
1667 2408 1704 2468 ad
1726 2417 1937 2477 resolvendum
1975 2423 2022 2483 biß
2049 2426 2101 2486 zum
2139 2429 2302 2489 künftigen

1297 2503 1427 2563 lauten,
1438 2504 1484 2564 als
1501 2503 1589 2563 wenn
1610 2506 1657 2566 die
1674 2514 1830 2574 Absichten
1856 2518 1903 2578 der
1919 2524 2190 2584 ottomannischen
2217 2525 2321 2585 Pfor=

1294 2551 1324 2611 te
1346 2553 1443 2613 wider
1470 2557 1625 2617 Rußland
1651 2563 1785 2623 abzielen
1817 2570 1904 2630 solte,
1930 2572 1992 2632 und
2029 2573 2059 2633 es
2091 2573 2178 2633 sollen
2215 2575 2313 2635 dieje¬

1297 2602 1387 2662 nigen
1425 2606 1595 2666 Tartarn,
1628 2612 1744 2672 welche
1777 2619 1910 2679 bishero
1943 2620 1974 2680 um
2023 2621 2145 2681 Choeim
2193 2625 2289 2685 herum

1297 2650 1359 2710 und
1396 2655 1510 2715 andern
1542 2658 1719 2718 polnischen
1750 2667 1901 2727 Grenzen
1938 2670 2130 2730 gestanden,
2158 2671 2209 2731 sich
2236 2677 2308 2737 nach

1306 2703 1441 2763 Stepe,
1474 2706 1565 2766 gegen
1610 2712 1653 2772 die
1686 2715 1783 2775 Ruß.
1811 2718 1946 2778 Grenze
1990 2718 2158 2778 gewendet
2197 2727 2321 2787 haben,

1307 2754 1459 2814 worüber
1488 2758 1556 2818 doch
1590 2762 1641 2822 die
1659 2768 1879 2828 Bestätigung
1909 2768 2061 2828 erwartet
2090 2770 2186 2830 wird.

1299 2863 1391 2923 Diese
1415 2866 1555 2926 Gelehrte
1573 2871 1631 2931 und
1655 2873 1818 2933 Politische
1836 2873 1964 2933 Zeitung
1993 2873 2063 2933 wird
2087 2878 2133 2938 des
2157 2888 2314 2948 Montags

1411 2910 1468 2970 und
1497 2913 1646 2973 Freytags
1666 2915 1868 2975 Vormittags
1893 2915 1921 2975 um
1965 2916 1988 2976 10
2018 2918 2075 2978 Uhr
2095 2922 2118 2982 in
2148 2926 2190 2986 dem

1488 2960 1688 3020 Kanterschen
1717 2959 1890 3019 Buchladen
1924 2963 2129 3023 ausgegeben.
