2479 3508
552 1634 627 1694 It.s
674 1638 820 1698 Stück.
906 1640 1097 1700 Freytag,
1144 1640 1205 1700 den
1244 1646 1298 1706 4.
1330 1641 1514 1701 Januar,
1553 1640 1706 1700 1765.

84 1857 207 1917 kungen
242 1855 430 1915 erwarten,
455 1857 504 1917 die
534 1855 623 1915 wenn
658 1858 697 1918 sie
727 1858 811 1918 nicht
836 1858 890 1918 neu
925 1858 1014 1918 sind,
1039 1857 1112 1917 den¬

91 1904 160 1964 noch
196 1903 251 1963 den
282 1900 377 1960 Trost
403 1900 457 1960 vor
488 1900 538 1960 sich
579 1903 710 1963 haben,
745 1906 800 1966 daß
836 1906 901 1966 man
937 1906 961 1966 in
1002 1906 1097 1966 diesen

92 1956 199 2016 Tagen
228 1954 330 2014 wenig
360 1951 473 2011 Neues
496 1951 530 2011 zu
559 1951 650 2011 hören
679 1951 837 2011 gewohnt
849 1951 900 2011 ist.
947 1952 997 2012 Es
1020 1954 1111 2014 giebt

91 2055 290 2115 Augenblick
318 2052 469 2112 gemacht
491 2052 517 2112 zu
556 2055 620 2115 seyn
658 2052 820 2112 scheinen;
853 2055 885 2115 so
918 2055 971 2115 daß
1004 2055 1101 2115 ihnen

84 2151 251 2211 haben,
274 2147 335 2207 und
369 2147 430 2207 daß
459 2150 503 2210 sie
526 2154 648 2214 leben
682 2152 877 2212 werden.
934 2152 1011 2212 Sie
1034 2154 1112 2214 ster¬

83 2203 173 2263 ben,
195 2198 285 2258 wenn
312 2196 380 2256 man
413 2199 439 2259 so
466 2202 551 2262 sagen
583 2202 657 2262 soll,
679 2202 742 2262 mit
759 2202 843 2262 jeder
865 2204 1024 2264 Stunde,
1046 2205 1110 2265 we¬

85 2253 226 2313 nigstens
255 2245 289 2305 ist
312 2243 363 2303 der
392 2249 522 2309 Anfang
551 2249 602 2309 der
631 2252 796 2312 folgenden
825 2252 915 2312 ihnen
956 2254 1103 2314 jederzeit

86 2308 113 2368 so
142 2301 219 2361 neu,
236 2297 280 2357 als
309 2294 341 2354 ob
370 2294 408 2354 sie
425 2295 497 2355 eben
531 2300 664 2360 geboren
692 2302 825 2362 wären:
853 2300 914 2360 und
942 2301 970 2361 in
992 2303 1081 2363 ihrem

90 2352 208 2412 ganzen
232 2343 326 2403 Leben
357 2344 498 2404 herrscht
522 2345 551 2405 so
581 2351 682 2411 wenig
712 2351 1025 2411 Zusammenhang,
1050 2353 1096 2413 als

89 2402 115 2462 in
148 2398 234 2458 einem
273 2390 435 2450 geöfneten
468 2399 771 2459 Audienzzimmer,
799 2401 868 2461 oder
891 2402 1004 2462 wenns
1032 2399 1107 2459 köst¬

94 2499 122 2559 so
152 2496 255 2556 wenig
285 2491 360 2551 Lust
383 2494 649 2554 auszumachen,
684 2500 713 2560 in
743 2497 805 2557 wie
835 2497 910 2557 weit
934 2500 1095 2560 Leichtsinn

80 2548 162 2608 oder
186 2544 352 2604 Tragheit
370 2539 405 2599 an
435 2539 529 2599 diesem
571 2547 748 2607 Character
773 2548 896 2608 Schuld
921 2551 1015 2611 sind;
1045 2551 1097 2611 als

80 2597 138 2657 wir
162 2596 244 2656 diese
268 2590 337 2650 Art
355 2587 531 2647 Menschen
567 2596 690 2656 zurecht
720 2599 754 2659 zu
790 2599 895 2659 helfen
925 2599 1106 2659 gedenken,

82 2646 134 2706 die
152 2645 227 2705 weit
251 2638 391 2698 weniger
415 2638 443 2698 zu
479 2641 596 2701 bessern
631 2646 718 2706 sind,
754 2646 799 2706 als
829 2649 1103 2709 Mondsüchtige,

90 2695 227 2755 welche,
251 2690 314 2750 wie
338 2685 407 2745 man
431 2686 522 2746 sagt,
557 2691 591 2751 zu
621 2691 673 2751 sich
702 2697 794 2757 selbst
817 2697 961 2757 kommen
1003 2700 1088 2760 sollen
1135 2697 1209 2757 man
1239 2697 1314 2757 wird
1343 2697 1574 2757 gründlicher,
1609 2697 1683 2757 man
1707 2694 1816 2754 klagt,
1851 2693 1926 2753 man
1956 2691 2036 2751 sieht
2065 2693 2145 2753 seine

85 2745 172 2805 wenn
202 2742 237 2802 sie
261 2739 348 2799 ihren
379 2736 507 2796 Namen
538 2737 654 2797 hören.

135 2793 223 2853 Man
261 2786 394 2846 erlaube
426 2784 489 2844 uns
528 2785 602 2845 blos
642 2790 723 2850 diese
768 2798 1103 2858 Unempfindlichkeit

81 2844 134 2904 die
165 2841 255 2901 sogar
298 2833 449 2893 zuweilen
498 2835 631 2895 gewisse
668 2840 824 2900 Vorzüge
868 2846 934 2906 mit
965 2847 1085 2907 einigen

87 2897 213 2957 Schein
248 2890 300 2950 des
328 2886 448 2946 Rechts
482 2888 514 2948 an
548 2890 601 2950 sich
636 2891 661 2951 zu
695 2894 835 2954 bringen
869 2897 976 2957 sucht,
1003 2900 1089 2960 ihres

89 1711 254 1771 Insere
274 1715 356 1775 Leser
376 1715 497 1775 werden
530 1715 631 1775 nichts
651 1714 791 1774 weniger
817 1715 867 1775 als
887 1716 963 1776 statt
983 1718 1034 1778 der
1060 1717 1110 1777 ge¬
1144 1717 1360 1777 angemaßten
1393 1717 1507 1777 Rangs
1534 1715 1565 1775 zu
1591 1715 1763 1775 entsetzen,
1789 1713 1852 1773 und
1879 1712 1987 1772 unsere
2007 1712 2089 1772 Leser
2122 1710 2146 1770 zu

84 1763 383 1823 wöhnlichen
412 1763 592 1823 Wünsche,
615 1762 665 1822 die
688 1763 761 1823 man
790 1763 840 1823 sich
864 1765 942 1825 beym
977 1766 1089 1826 Neuen
1141 1763 1412 1823 Betrachtungen
1441 1760 1700 1820 aufzufordern,
1723 1757 1774 1817 die
1802 1755 1870 1815 eine
1893 1755 1954 1815 Art
1978 1751 2033 1811 von
2062 1751 2158 1811 Sys¬

99 1811 209 1871 Jahre
231 1809 385 1869 einander
408 1811 600 1871 aufzusagen
623 1810 744 1870 pflegt,
777 1811 821 1871 ein
849 1810 948 1870 Paar
971 1811 1108 1871 Anmer=
1147 1806 1191 1866 tem
1235 1808 1290 1868 aus
1318 1806 1428 1866 unserm
1473 1805 1687 1865 Lebenslaufe
1704 1805 1859 1865 machen,
1898 1804 1958 1864 und
1997 1799 2046 1859 nie
2074 1799 2156 1859 ohne

1138 1855 1301 1915 Vortheil
1318 1852 1502 1912 angestellet
1519 1852 1551 1912 zu
1579 1854 1698 1914 werden
1726 1852 1867 1912 pflegen.
1944 1849 2025 1909 Wir
2042 1852 2140 1912 haben

1146 1903 1212 1963 hier
1246 1906 1346 1966 keinen
1385 1903 1518 1963 Einfall
1541 1903 1596 1963 zur
1624 1903 1802 1963 Wendung
1836 1900 1980 1960 nöthig,
2020 1900 2058 1960 um
2109 1899 2158 1959 die

1143 1954 1427 2014 Grenzscheidung
1454 1952 1505 2012 des
1531 1954 1608 2014 alten
1635 1951 1696 2011 und
1728 1951 1825 2011 neuen
1852 1949 1981 2009 Jahres
2012 1948 2058 2008 als
2085 1948 2152 2008 eine

86 2007 263 2067 Menschen
291 2005 318 2065 in
346 2002 401 2062 der
424 2002 539 2062 Welt,
562 2002 611 2062 die
634 2002 694 2062 nur
717 2002 788 2062 bloß
817 2004 866 2064 für
889 2003 943 2063 den
966 2002 1093 2062 jetzigen
1144 2005 1348 2065 vorzügliche
1376 2002 1597 2062 Gelegenheit
1620 2002 1652 2062 zu
1686 2000 1780 2060 diesen
1819 1999 2079 2059 Betrachtungen
2118 1999 2145 2059 zu

1138 2053 1345 2113 empfehlen,
1372 2052 1449 2112 denn
1482 2052 1591 2112 unsere
1613 2049 1694 2109 Leser
1717 2048 1776 2108 sind
1804 2046 1831 2106 so
1853 2049 1940 2109 gütig
1968 2046 2066 2106 dieses
2094 2046 2148 2106 von

89 2105 190 2165 nichts
214 2100 236 2160 so
265 2100 349 2160 sauer
378 2100 450 2160 wird
474 2103 524 2163 als
553 2103 603 2163 der
626 2102 801 2162 Gedanke,
824 2105 880 2165 daß
909 2103 942 2163 sie
959 2105 1100 2165 gelebt
1140 2103 1230 2163 selbst
1253 2103 1281 2163 zu
1304 2103 1484 2163 verstehen.
1558 2097 1620 2157 So
1649 2097 1789 2157 unbillig
1818 2097 1851 2157 es
1880 2095 1942 2155 ist,
1965 2094 2066 2154 weder
2095 2097 2145 2157 vor

1141 2151 1211 2211 noch
1238 2154 1346 2214 hinter
1374 2154 1422 2214 sich
1455 2154 1487 2214 zu
1526 2151 1639 2211 sehen,
1667 2151 1726 2211 und
1759 2150 1850 2210 unser
1883 2147 1980 2207 Leben
2013 2146 2067 2206 nie
2100 2147 2143 2207 als

1141 2202 1212 2262 eine
1235 2204 1356 2264 Kette,
1379 2204 1511 2264 sondern
1545 2202 1616 2262 stets
1650 2201 1694 2261 als
1727 2199 1772 2259 ein
1805 2196 1899 2256 Glied
1938 2196 2032 2256 dieser
2060 2196 2148 2256 Kette

1140 2257 1166 2317 zu
1198 2252 1409 2312 beobachten,
1441 2252 1472 2312 so
1499 2249 1731 2309 unzureichend
1763 2248 1879 2308 pfleget
1906 2246 2016 2306 unsere
2038 2246 2153 2306 Sorg¬

1140 2303 1196 2363 falt
1218 2303 1440 2363 auszufallen,
1451 2302 1538 2362 wenn
1565 2300 1626 2360 wir
1653 2298 1709 2358 uns
1736 2299 1797 2359 nur
1824 2297 1890 2357 blos
1917 2297 1947 2357 zu
1979 2294 2061 2354 einer
2088 2294 2139 2354 von

1130 2351 1188 2411 den
1215 2351 1325 2411 beyden
1358 2351 1622 2411 Betrachtungen
1649 2348 1849 2408 aufstuͤtzen,
1876 2348 1902 2408 es
1929 2345 1971 2405 sey
2003 2345 2055 2405 zur
2082 2345 2151 2405 Be¬

1130 2402 1300 2462 trachtung
1327 2402 1379 2462 des
1401 2402 1624 2462 Vergangnen
1651 2399 1726 2459 oder
1747 2399 1779 2459 zu
1811 2398 1890 2458 der,
1918 2396 1970 2456 der
1992 2396 2156 2456 Zukunft.

87 2449 144 2509 lich
168 2444 328 2504 gewesen,
358 2440 380 2500 in
415 2440 495 2500 einer
519 2449 732 2509 pindarischen
761 2449 847 2509 Ode.
894 2449 974 2509 Wir
998 2452 1095 2512 haben
1136 2450 1360 2510 Vergangene
1378 2449 1487 2509 Jahre
1511 2449 1626 2509 können
1649 2449 1677 2509 in
1707 2446 1850 2506 gewisser
1868 2446 2064 2506 Beziehung
2093 2443 2144 2503 als

1135 2500 1206 2560 eine
1228 2500 1283 2560 Art
1315 2500 1371 2560 von
1402 2497 1516 2557 großer
1537 2494 1629 2554 Welt
1655 2497 1830 2557 angesehen
1867 2491 2010 2551 werden,
2037 2491 2062 2551 in
2093 2494 2144 2554 der

1131 2550 1206 2610 man
1233 2551 1281 2611 sich
1309 2551 1476 2611 allmählig
1498 2548 1525 2608 zu
1558 2548 1638 2608 einem
1677 2544 1838 2604 Anstande
1855 2542 2027 2602 gewöhnen
2055 2544 2146 2604 kann,

1131 2599 1184 2659 den
1223 2599 1287 2659 nur
1326 2598 1374 2658 die
1413 2599 1608 2659 Erfahrung
1647 2596 1673 2656 zu
1712 2595 1804 2655 geben
1837 2593 1863 2653 im
1918 2593 2058 2653 Stande
2092 2593 2145 2653 ist.

1131 2649 1222 2709 Man
1250 2649 1331 2709 irrt,
1359 2649 1429 2709 man
1462 2646 1542 2706 wird
1565 2646 1689 2706 zurecht
1717 2643 1901 2703 gewiesen,
1934 2641 2004 2701 man
2043 2641 2151 2701 prüft,

1132 2748 1299 2808 Thorheit
1321 2748 1397 2808 ein,
1425 2748 1521 2808 kurz,
1550 2745 1614 2805 man
1652 2745 1755 2805 lernet
1783 2745 1831 2805 die
1859 2742 1988 2802 schwere
2011 2741 2150 2801 Wissen¬

1132 2796 1227 2856 schaft
1243 2799 1275 2859 zu
1302 2796 1418 2856 leben,
1440 2796 1471 2856 in
1499 2796 1551 2856 dem
1599 2796 1668 2856 man
1705 2794 1768 2854 mit
1785 2792 2082 2852 Aufmerksamkeit
2109 2790 2151 2850 le¬

1120 2845 1191 2905 bet.
1242 2846 1336 2906 Doch
1376 2847 1453 2907 alles
1487 2847 1525 2907 ist
1559 2842 1703 2902 Theorie
1737 2844 1798 2904 und
1838 2843 1937 2903 nichts
1966 2844 2087 2904 mehr,
2110 2844 2137 2904 so

1125 2897 1219 2957 lange
1253 2897 1325 2957 man
1359 2897 1448 2957 nicht
1476 2897 1532 2957 aus
1566 2897 1621 2957 den
1649 2894 1844 2954 Eindrücken
1878 2895 1933 2955 des
1956 2894 2150 2954 Vergange=

2069 2940 2133 3000 nen
