2479 3508
252 305 1286 374 Histörchen, die er hie und da gesehn und erzehlen ge¬
264 375 1286 438 hört, zur Abwechselung seiner Reisebeschreibung ein¬
270 420 1286 482 zumischen. Eine Geschichte von einem spanischen
280 474 1290 539 Jünglinge, der die Gabe der Enthaltsamkeit auf ei¬
260 522 1291 587 ne besondere Art überkommen, die Geschichte einer
270 569 1290 631 andern Lucretia zu Padua, der Blanca de Roßi,
266 619 1289 679 und die von zwo Betteldichtern in Venedig haben
261 673 1289 741 uns besonders gefallen: Hie und da werden Mißons
261 721 1295 781 Nachrichten, als S. 479 u. f. und an andern Orten
262 768 1291 825 auch andere Gelehrten verbessert, wie Moreri S.
270 819 1296 881 485. das Verzeichniß von Gelehrten aus Padua S.
270 867 1296 925 484. und alle Nachrichten vom Zustande der Wissen=
279 915 1289 977 schaften in Italien gefallen uns überaus wohl.
273 969 1289 1026 Eine Menge Inscriptionen, kritische Anmerkungen,
261 1018 1295 1073 und Widerlegungen mancher Vorurtheile bekommen
261 1064 1298 1117 hier zugleich einen guten Platz. Der Theologe, der
261 1115 1295 1174 Rechtsgelehrte, der schöne Geist, der Oekonome,
266 1162 1292 1216 und der Antiquar, finden hier gute Nahrung. Herr
270 1207 1296 1271 Blainville nimt sogar wider die Gewohnheit seiner
261 1254 1295 1316 Vorgänger viele erhebliche Dinge aus der Kirchen¬
270 1308 1290 1375 geschichte mit, worunter seine Nachrichten von Joh.
266 1357 1289 1423 Huß, und Hieronymus von Prag aus Zeug¬
266 1415 1292 1468 nissen römischer Scribenten; imgleichen seine genaue
266 1463 1282 1521 Erzehlung von denen Concilien zu Costniz, Base
264 1514 1286 1565 und Trident gehören. Wir preisen daher diese
270 1560 1290 1621 Reisebeschreibung allen denen an, die mehr wis¬
275 1607 1291 1667 sen wollen, als sie bisher aus dem Mißon, oder
270 1654 1290 1713 Keyßler gelernet haben. Doch wäre es zu wünschen,
266 1701 1289 1754 daß der Hr. Prof. Kehler in seinen sonst sehr schätz¬
273 1747 1295 1798 baren Anmerkungen hie und da angezeigt hätte, wor¬
266 1798 1287 1856 in sich seit dem Jahr 1709. da B. reißte in manche
270 1848 1290 1903 Umstände, in Stådten, und Ländern, Sitten und
266 1896 1295 1962 Gewohnheiten, geändert haben mögen, denn die
264 1949 1286 2014 Möglichkeit solcher Veränderungen ist sehr begreiflich,
265 2001 1289 2068 und wir koͤnnten selbst manche derselbigen anfüͤhren;
266 2052 1299 2120 allein der Raum verbietet es uns. Kostet in den
270 2100 982 2187 Kanterschen Buchhandlungen 3 fl.
393 2231 1176 2311 Fortsetzung des Nord=Britten.
315 2299 1290 2358 Was die völlige Genehmhaltung des Parlements
270 2346 1291 2412 anbelanget, so weiß die Welt wie solche erlan¬
273 2395 1295 2460 get worden. Die starke Schuld auf der Civilen=Li¬
275 2449 1289 2511 ste welche bereits über ein halb Jahr rückstellig, zeigt
269 2502 1290 2555 die Transactiones des Winters ziemlich deutlich an.
270 2544 1286 2606 Inzwischen ist es doch merkwürdig daß des Mini¬
273 2594 1289 2656 sters Anrede auf die völlige Approbation die das
275 2641 1290 2703 Parlement zu denen Preliminair=Artikeln gegeben
266 2692 1292 2754 hat; fußet, deren er sich, wie ich mich zu sagen un¬
266 2745 1286 2811 terstehe; anjetzt schaͤmen muß, denn er hat den gänz¬
270 2793 1290 2854 lichen Mangel derjenigen Kenntniß, genauen Obacht
270 2842 1290 2902 und richtigen Bestimmung wodurch solche unermeßli=
273 2895 1289 2981 che Vortheile, beydes der Handlung des Gebietes,
1324 323 2339 394 unsern eingewurzelten Feinden aufgeopfert worden;
1327 375 1724 442 eingestehen müssen.
1754 381 2341 441 Zwar sind diese grobe Verse¬
1333 432 2348 485 hen wohl einigermassen durch den Definitiv=Tractat
1324 476 2339 531 in Ordnung gebracht, jødoch die wichtigsten Artikel
1331 527 2337 595 so die Abtretung, den Handel und die Fischerey be¬
1324 580 2334 631 treffen, verbleiben, in Ansehung der Franzosen, wie
1338 623 1532 685 sie waren.
1375 675 2339 728 Der stolze und schwache Spanier renunciirt eben¬
1329 724 2339 779 falls nicht sondern stehet nur von allen Ansprüchen
1324 777 2346 834 ab, welche er an das Recht zu fischen formiret haben
1554 821 2342 879 Wo? nur bey der Insel Newsoundland
1324 818 1484 880 könne -
1402 874 2345 929 bis sich wieder eine günstige Gelegenheit hervor¬
1327 911 2337 975 thut sowohl hier als anderwärts darauf zu bestehen.
1331 972 2337 1030 Der Minister kann sich nicht enthalten so gar in des
1327 1031 2337 1081 Königs Anrede, uns durch die abgeschmackte Wie¬
1329 1069 2339 1136 derhohlung des Worts Oeconomie, zu beleidigen.
1331 1109 2342 1187 Ich dachte dieß Wort nicht sobald wieder zu verneh¬
1324 1166 2341 1220 men, nachdem es erst so kürzlich noch verworfen und
1330 1215 2334 1274 mehr als einmahl von so zahlreicher Versammlung
1324 1271 2341 1321 auf der Bühne unserer englischen Theater ausgezi¬
1333 1311 2334 1378 schet worden war. Es wird durch die Stimme des
1322 1374 2339 1427 Volks verlacht und eine jegliche Zunge kündiget die
1324 1414 2339 1467 allgemeine Verachtung in welcher diese leere Versi¬
1324 1466 2343 1523 cherungen bey der Nation stehen, an. Laß dem
1327 1515 2347 1577 Publico ein einziges Exempel der Oeconomie anger
1333 1557 2339 1620 zeiget werden, ausser für die Regierung? Ist ein
1324 1612 2339 1672 Regiment, welches bis auf seine gehörige Officiere
1324 1671 2339 1713 am Dienstag völlig zum Stande gekommen und am
1330 1704 2341 1767 Freytag wieder abgedankt wird: ein Beweiß der
1324 1751 2345 1811 Oeconomie? Muß der Sold für den schottischen
1324 1802 2341 1865 Herrn Elliot durch ein englisches Parlament unter
1329 1852 2339 1921 den Titel Oeconomie, beschlossen werden? Ist dieses
1322 1905 2339 1971 unter tausend anderen die überzeugende Probe, eines
1333 1952 2330 2019 festen Vorsatzes eine Regierung nach dem Entwur
1324 2005 2339 2060 einer genauen Oeconomie einzurichten? Ist es nicht
1330 2056 2337 2116 bekanntlich daß bey Reducirung der Armee nicht die
1324 2108 2339 2162 geringste Achtung darauf geschehen? Manche unnö¬
1321 2155 2341 2209 thige Ausgaben sind nur erdacht worden um allein
1321 2199 2337 2255 die Macht der Kron zu vergrössern, welche mehrere
1324 2250 2347 2306 einträgliche Kniffe für des Ministers seine Creaturen
1324 2293 1620 2359 verschaffen soll.
1374 2330 2337 2405 Lord Ligonier ist nun nicht länger am Haupt der
1322 2381 2191 2458 Armee, aber es ist wirklich der Lord Bute.
2250 2400 2334 2467 Jch
1317 2458 2338 2519 meyne daß alle die Ehrenstellen welche die Kron ver¬
1320 2501 2334 2564 giebt noch immer durch seine unerhörte Macht erhal¬
1326 2553 2325 2617 ten und nur denen Creaturen der schottischen Faction
1327 2599 2328 2665 zugewandt werden. Die Nation ist noch beständig
1324 2647 2332 2705 in demselbigen beklagenswürdigen Zustand, so lange
1327 2696 2334 2757 er regieret und machen kann daß die Werkzeuge sei¬
1324 2743 2341 2811 ner Macht eben dieselben abscheulichen Maaßregeln
1318 2801 2334 2864 befolgen. Ein solcher Abzug wie er vor hat kann
1318 2845 2328 2908 nur diejenige persönliche Schadloßhaltung meynen,
1313 2900 2334 2975 welche die Mißhandlung hoffentlich von einer belei=
2201 2951 2332 3028 digten
