2479 3508
233 339 369 399 dieselbe
393 342 454 402 ist,
478 342 511 402 da
546 344 619 404 muß
654 342 711 402 das
745 342 853 402 Wesen
893 342 967 402 auch
1002 343 1137 403 dasselbe
1167 341 1256 401 seyn,

236 389 311 449 weil
339 389 382 449 die
410 389 529 449 Macht
546 390 600 450 des
623 391 748 451 Vaters
775 389 824 449 die
851 392 1031 452 vereinigte
1058 392 1178 452 Macht
1206 389 1259 449 sei¬

233 440 292 500 nes
320 435 456 495 Wesens
490 440 549 500 ist,
587 440 653 500 und
686 441 734 501 die
762 441 920 501 Allmacht
947 441 1007 501 von
1045 443 1100 503 dem
1138 440 1252 500 Wesen

242 488 272 548 so
298 489 422 549 wenig,
449 488 494 548 als
521 491 572 551 das
599 491 681 551 Licht
702 491 758 551 von
790 492 841 552 der
868 491 991 551 Sonne
1018 493 1167 553 getrennt
1188 488 1265 548 wer¬

242 539 295 599 den
323 539 420 599 kann.
470 542 545 602 Die
573 542 686 602 Juden
725 542 860 602 schlossen
899 543 969 603 auch
1007 542 1116 602 selbst,
1127 541 1262 601 daraus,

249 586 300 646 daß
330 583 445 643 JEsus
475 589 520 649 sich
550 592 590 652 ein
619 592 781 652 göttliches
811 589 920 649 Wesen
944 592 1094 652 beylege.
1141 589 1250 649 Wenn

241 639 299 699 nun
337 639 390 699 der
417 640 560 700 Heiland
598 642 661 702 dies
699 642 778 702 nicht
811 643 949 703 wirklich
982 643 1039 703 zum
1077 640 1183 700 Zweck
1210 636 1263 696 ge¬

250 688 329 748 habt
351 688 461 748 härte:
482 691 513 751 so
535 691 645 751 würde
667 693 698 753 er
725 691 819 751 ihnen
857 691 909 751 den
936 691 1083 751 Irrthum
1131 689 1263 749 benom¬

245 739 315 799 men
342 739 461 799 haben.
510 742 601 802 Aber
623 742 720 802 nein:
747 736 796 796 Er
823 742 936 802 weicht
958 739 1049 799 ihrer
1072 736 1265 796 Beschuldi¬

245 789 329 849 gung
361 789 440 849 nicht
462 791 546 851 aus,
573 792 705 852 sondern
737 788 917 848 bekräftigt
944 789 981 849 sie
1013 789 1039 849 in
1076 787 1171 847 denen
1203 785 1266 845 fol¬

241 839 358 899 genden
390 840 554 900 Worten,
581 840 746 900 dadurch,
773 840 831 900 daß
858 837 889 897 er
911 837 958 897 sich
991 839 1048 899 auf
1065 837 1149 897 seine
1171 834 1266 894 Wer¬

244 888 273 948 ke
299 888 421 948 beruft,
452 888 497 948 die
518 888 548 948 er
573 890 634 950 mit
655 888 705 948 dem
746 888 853 948 Vater
873 888 995 948 gemein
1026 888 1101 948 hat,
1128 886 1188 946 und
1219 885 1264 945 die

247 937 305 997 aus
332 938 432 998 seiner
454 939 617 999 Allmacht
634 936 766 996 fließen.
814 939 898 999 Wir
920 936 1015 996 haben
1047 936 1131 996 nicht
1148 936 1258 996 umhin

250 987 414 1047 gekonnt,
441 990 503 1050 dies
529 990 652 1050 wenige
678 987 729 1047 bey
767 987 864 1047 dieser
896 987 1122 1047 angefochtnen
1154 984 1267 1044 Stelle

251 1041 284 1101 zu
317 1037 405 1097 ihrer
433 1037 699 1097 Vertheidigung
733 1037 959 1097 hinzusetzen;
999 1034 1076 1094 weil
1104 1035 1137 1095 es
1170 1034 1269 1094 sonst,

250 1088 340 1148 durch
377 1085 451 1145 noch
483 1088 589 1148 einige
627 1085 742 1145 dreiste
775 1085 933 1145 Versuche
971 1084 1066 1144 leicht
1099 1085 1257 1145 geschehen

247 1136 353 1196 kann,
380 1136 438 1196 daß
465 1133 512 1193 die
534 1136 687 1196 Beweise
714 1133 767 1193 von
800 1135 852 1195 der
874 1135 1038 1195 Gottheit
1055 1133 1181 1193 Christi
1209 1132 1272 1192 im¬

246 1184 312 1244 mer
332 1184 423 1244 mehr
453 1181 654 1241 vermindert
674 1181 822 1241 werden.
862 1182 933 1242 Und
962 1184 1049 1244 wenn
1083 1181 1270 1241 überhaupt

250 1232 302 1292 der
335 1232 403 1292 Hr.
424 1233 471 1293 D.
493 1231 677 1291 fortfahren
710 1231 820 1291 sollte,
857 1231 920 1291 mit
958 1232 1031 1292 allen
1074 1231 1258 1291 bisherigen

247 1282 480 1342 dogmatischen
517 1279 767 1339 Beweisstellen
804 1279 829 1339 so
862 1282 1095 1342 umzugehen,
1121 1281 1178 1341 wie
1210 1278 1272 1338 mit

251 1333 372 1393 dieser:
400 1331 427 1391 so
456 1330 572 1390 dörften
606 1333 716 1393 bisher
739 1330 805 1390 sehr
833 1333 960 1393 wenige
983 1333 1094 1393 bisher
1116 1330 1271 1390 gewöhn¬

251 1381 322 1441 liche
351 1383 500 1443 Beweise
528 1384 555 1444 in
595 1387 705 1447 unsern
734 1384 955 1444 Lehrbüchern
989 1385 1093 1445 stehen
1127 1384 1271 1444 bleiben.

248 1433 325 1493 Wir
348 1434 442 1494 geben
470 1434 503 1494 es
537 1437 636 1497 dabey
670 1439 702 1499 zu
736 1439 936 1499 überlegen,
964 1437 1002 1497 ob
1031 1437 1063 1497 es
1097 1437 1185 1497 nicht
1214 1434 1268 1494 gut

247 1485 360 1545 wäre,
387 1488 475 1548 wenn
517 1487 584 1547 auch
621 1487 667 1547 die
699 1488 833 1548 wirklich
866 1488 994 1548 gültige
1016 1485 1264 1545 Beweisstellen

243 1538 275 1598 zu
304 1536 392 1596 ihrer
415 1536 665 1596 Befestigung,
694 1536 754 1596 und
777 1536 866 1596 nicht
883 1536 916 1596 zu
944 1536 1144 1596 Aufhebung
1172 1533 1260 1593 ihrer

246 1583 490 1643 Authenticität
510 1581 673 1641 erläutert
693 1581 852 1641 würden;
876 1581 982 1641 hoffen
1011 1581 1082 1641 auch
1112 1578 1275 1638 daneben,

242 1629 301 1689 daß
329 1631 355 1691 in
383 1629 507 1689 Absicht
530 1628 578 1688 der
600 1628 736 1688 Stelle,
758 1628 774 1688 1
802 1628 893 1688 Joh.
910 1628 948 1688 5,
959 1628 997 1688 7.
1030 1627 1089 1687 kein
1122 1627 1263 1687 einziger

241 1679 329 1739 Leser
350 1679 401 1739 dem
443 1677 537 1737 Hrn.
553 1677 599 1737 D.
620 1676 765 1736 Beyfall
782 1675 874 1735 geben
901 1673 1009 1733 wird,
1036 1676 1124 1736 wenn
1155 1676 1186 1736 er
1212 1673 1264 1733 sich

241 1725 303 1785 nur
335 1727 386 1787 die
412 1726 516 1786 kleine
548 1726 661 1786 Mühe
688 1724 812 1784 machen
849 1724 942 1784 will,
968 1724 1165 1784 dasjenige,
1192 1721 1258 1781 was

253 1778 309 1838 von
341 1775 392 1835 St
413 1775 577 1835 792=799
609 1775 660 1835 des
686 1775 753 1835 3ten
785 1776 923 1836 Bandes
950 1772 1001 1832 der
1022 1772 1274 1832 Baumgar=

245 1824 433 1884 tenschen
477 1821 881 1881 Glaubenslehre,
919 1819 984 1879 aus
1027 1822 1081 1882 dem
1135 1819 1269 1879 Manu¬

248 1876 342 1936 script
364 1875 417 1935 des
444 1871 518 1931 seel.
534 1873 688 1933 Mannes
715 1873 932 1933 mitgetheilet
959 1872 1113 1932 worden.
1188 1870 1261 1930 Der

251 1924 389 1984 Beweis
417 1924 472 1984 für
494 1924 543 1984 die
566 1923 803 1983 unverfälschte
820 1924 1019 1984 Richtigkeit
1036 1921 1129 1981 dieser
1152 1922 1262 1982 Stelle

249 1976 288 2036 ist
306 1975 438 2035 daselbst
462 1975 577 2035 bündig
601 1975 664 2035 und
688 1978 877 2038 vollständig
901 1975 1120 2035 angeführet.
1150 1976 1270 2036 Uebri=
1294 1979 1351 2039 gen
1386 1978 1397 2038 3
1427 1981 1466 2041 fl.

244 2028 324 2088 gens
345 2025 532 2085 bewundern
558 2025 613 2085 wir
634 2025 679 2085 die
695 2028 938 2088 ausgebreitete
954 2028 1161 2088 erstaunende
1177 2027 1272 2087 Bele¬

248 2076 369 2136 senheit
385 2076 433 2136 des
455 2076 540 2136 Hen.
556 2076 609 2136 S.
625 2077 667 2137 die
683 2079 752 2139 auch
774 2079 826 2139 aus
849 2079 944 2139 dieser
965 2079 1098 2139 Schrift
1114 2079 1268 2139 erhellet;

247 2125 308 2185 und
345 2126 542 2186 wünschen,
579 2126 640 2186 daß
677 2127 946 2187 Gelehrsamkeit
978 2127 1040 2187 und
1077 2127 1263 2187 Wahrheit

247 2175 380 2235 überall
402 2172 427 2232 so
458 2173 623 2233 allgemein
660 2175 783 2235 werde,
820 2175 876 2235 daß
913 2175 959 2235 die
990 2175 1144 2235 heilsame
1166 2175 1263 2235 Lehre

247 2226 381 2286 dadurch
407 2223 577 2283 gewinnen
604 2223 717 2283 möge.
764 2223 882 2283 Kostet
904 2223 929 2283 in
971 2220 1022 2280 der
1044 2223 1255 2283 Kanterschen

243 2273 515 2333 Buchhandlung
545 2273 687 2333 allhier,
710 2270 772 2330 wie
795 2273 869 2333 auch
892 2273 920 2333 in
949 2273 1068 2333 Elbing
1103 2273 1160 2333 und
1194 2273 1267 2333 Mi=

241 2330 293 2390 tau
333 2327 346 2387 1
372 2327 411 2387 fl.
432 2327 471 2387 18
498 2327 550 2387 gr.

618 2420 886 2480 Hannover.

727 2459 756 2519 »

291 2473 468 2533 Richter
494 2473 554 2533 hat
574 2470 720 2530 verlegt:
770 2471 818 2531 J.
838 2470 874 2530 F.
899 2468 1064 2528 Jakobi
1090 2470 1261 2530 vermisch¬

245 2512 294 2572 "te
317 2527 605 2587 Abhandlungen.
639 2518 732 2578 Erste
755 2518 988 2578 Sammlung,
1022 2521 1060 2581 19
1082 2521 1198 2581 Bogen
1227 2521 1254 2581 in

259 2569 345 2629 8vo.
367 2575 481 2635 Zwote
503 2575 736 2635 Sammlung,
764 2572 801 2632 18
823 2569 958 2629 Bogen.
992 2569 1067 2629 Der
1094 2569 1256 2629 Verfasser

239 2623 282 2683 ist
315 2623 483 2683 derselbe,
505 2625 559 2685 der
592 2624 640 2684 die
674 2623 825 2683 ehemals
864 2621 890 2681 so
928 2620 1064 2680 beliebte
1091 2620 1259 2680 Schrift:

241 2670 362 2730 Sollte
384 2670 489 2730 GOtt
511 2670 580 2730 auch
607 2670 696 2730 wohl
718 2672 918 2732 verdienen,
951 2669 1009 2729 daß
1041 2669 1082 2729 ein
1121 2670 1247 2730 Mensch

236 2721 385 2781 Achtung
419 2718 474 2778 für
508 2718 563 2778 ihn
597 2721 707 2781 habe?
741 2721 962 2781 geschrieben.
1034 2718 1139 2778 Diese
1173 2721 1250 2781 erste

236 2770 451 2830 Sammlung
474 2768 568 2828 seiner
591 2769 845 2829 Abhandlungen
868 2772 1007 2832 begreift
1018 2772 1256 2832 physikalische,

239 2820 288 2880 die
317 2820 416 2880 zwote
444 2816 654 2876 theologische
683 2820 943 2880 Abhandlungen
982 2820 1009 2880 in
1043 2822 1115 2882 sich.
1171 2820 1248 2880 Sie

235 2873 293 2933 sind
320 2867 431 2927 ehedem
475 2869 554 2929 schon
586 2868 612 2928 in
645 2866 740 2926 denen
773 2870 1054 2930 Hannöverischen
1082 2870 1241 2930 Anzeigen

233 2924 380 2984 gedruckt
404 2922 552 2982 worden.
600 2921 682 2981 Wir
700 2921 801 2981 finden
837 2925 907 2985 auch
937 2926 1026 2986 nicht
1056 2927 1109 2987 das
1145 2924 1250 2984 eigen=

1292 342 1469 402 thümliche
1492 342 1540 402 der
1567 344 1724 404 Denkart
1751 345 1848 405 dieses
1870 348 2059 408 Verfassers
2087 348 2205 408 darin,
2233 348 2302 408 doch

1296 393 1357 453 sind
1384 389 1419 449 sie
1440 392 1600 452 erbaulich
1637 394 1693 454 und
1730 395 1791 455 gut
1823 395 1848 455 zu
1885 395 1998 455 lesen,
2020 398 2081 458 und
2113 395 2143 455 es
2175 395 2314 455 gereicht

1295 440 1382 500 denen
1414 440 1606 500 Geistlichen
1638 443 1689 503 zur
1721 444 2017 504 Ausmunterung,
2043 448 2100 508 daß
2126 446 2194 506 hier
2225 446 2313 506 einer

1294 488 1383 548 ihrer
1410 491 1632 551 Amtsbrüder
1659 494 1807 554 auftritt,
1835 494 1887 554 der
1909 494 1955 554 sich
1983 497 2067 557 nicht
2089 497 2220 557 schämt,
2237 497 2310 557 auch

1297 539 1347 599 die
1378 539 1590 599 Naturlehre
1626 542 1657 602 zu
1698 542 1870 602 studiren,
1901 545 2018 605 wovon
2059 548 2154 608 unsre
2186 548 2312 608 Herren

1301 586 1539 646 Dorfpfarrers
1576 591 1666 651 selten
1698 592 1788 652 mehr
1821 592 1958 652 wissen,
1990 594 2037 654 als
2070 595 2138 655 was
2170 598 2307 658 jahrlich

1296 634 1325 694 in
1351 634 1441 694 ihrem
1477 637 1572 697 lieben
1608 643 1723 703 Haus=
1739 641 1799 701 und
1830 641 2056 701 Sittenbuch,
2082 646 2137 706 dem
2173 646 2303 706 theuren

1301 683 1456 743 Calender
1487 688 1689 748 vorkommt.
1740 694 1856 754 Kostet
1887 694 1911 754 in
1947 697 2184 757 vorbemeldten
2225 700 2315 760 Kan¬

1299 736 1429 796 terschen
1460 741 1769 801 Buchhandlungen
1805 745 1816 805 2
1840 745 1881 805 fl.

1544 843 1793 903 Frankfurt
1818 844 1860 904 am
1915 846 2073 906 Mayn.

1347 881 1558 941 Gebhard
1590 888 1647 948 hat
1673 894 1820 954 verlegt:
1860 899 1929 959 "F.
1956 894 2000 954 C.
2020 894 2096 954 von
2135 896 2307 956 Mosers

1316 933 1529 993 'gesammlete
1547 939 1731 999 moralische
1743 944 1800 1004 und
1824 942 1980 1002 politische
1998 945 2187 1005 Schriften.
2205 945 2315 1005 Zwey=

1315 981 1369 1041 'ter
1391 980 1514 1040 Band,
1542 987 1650 1047 1764.
1678 992 1731 1052 gr.
1748 995 1828 1055 8vo,
1856 995 1866 1055 1
1899 992 2061 1052 Alphabet
2089 993 2126 1053 11
2153 992 2293 1052 Bogen.

1299 1026 1372 1086 Wir
1392 1030 1552 1090 wundern
1577 1036 1664 1096 uns,
1689 1039 1744 1099 daß
1782 1040 1824 1100 die
1850 1043 2023 1103 Schriften
2049 1043 2147 1103 dieses
2172 1040 2320 1100 gottseli=

1297 1079 1379 1139 ligen
1410 1078 1472 1138 und
1498 1081 1637 1141 witzigen
1663 1090 1916 1150 Staatsmanns
1943 1094 2030 1154 unter
2056 1092 2112 1152 uns
2139 1093 2205 1153 noch
2232 1094 2314 1154 nicht

1296 1129 1325 1189 so
1355 1129 1502 1189 bekannt
1532 1133 1625 1193 sind,
1651 1136 1699 1196 als
1730 1138 1768 1198 sie
1798 1136 1827 1196 es
1857 1142 2059 1202 verdienen,
2094 1142 2157 1202 und
2192 1144 2305 1204 körnen

1298 1175 1431 1235 deshalb
1458 1179 1553 1239 unsre
1575 1184 1771 1244 Landsleute
1798 1189 1878 1249 auf,
1905 1189 1941 1249 sie
1969 1190 2122 1250 fleißiger
2150 1193 2181 1253 zu
2213 1194 2314 1254 lesen.

1300 1229 1351 1289 In
1393 1228 1490 1288 diesem
1542 1231 1696 1291 zwoten
1738 1234 1861 1294 Bande
1892 1234 2010 1294 kommt
2041 1237 2123 1297 vor:
2175 1242 2221 1302 1)
2247 1241 2303 1301 Ein

1304 1280 1381 1340 schon
1412 1282 1557 1342 ehemals
1588 1282 1769 1342 gedruckter
1795 1285 1955 1345 Tractat:
1992 1282 2084 1342 Von
2121 1285 2187 1345 der
2219 1291 2322 1351 Auf¬

1292 1335 1557 1395 richtigkeit
1590 1336 1676 1396 einer
1704 1336 1876 1396 Tugend,
1899 1336 1952 1396 bey
1991 1335 2039 1395 der
2072 1333 2131 1393 wir
2159 1338 2218 1398 von
2256 1339 2315 1399 un¬

1300 1388 1359 1448 sern
1391 1390 1494 1450 Zeiten
1525 1390 1616 1450 sagen
1641 1387 1787 1447 müͤssen:

1341 1460 1417 1520 Vom
1466 1461 1558 1521 Bart
1586 1464 1640 1524 der
1668 1464 1749 1524 alten
1788 1464 1902 1524 Welt,
1935 1464 2000 1524 und
2039 1464 2098 1524 von
2148 1465 2196 1525 der
2230 1466 2322 1526 deut¬

1845 1512 1919 1572 schen
1963 1510 2048 1570 Treu

1344 1559 1403 1619 Ist
1431 1557 1522 1617 unser
1556 1557 1674 1617 glattes
1708 1557 1794 1617 Kinn
1843 1559 1902 1619 und
1941 1560 2033 1620 unsre
2066 1560 2174 1620 Seele
2202 1566 2288 1626 frey.

1984 1609 2244 1669 Hagedorn.

1297 1676 1345 1736 2)
1367 1676 1666 1736 Baurengespräch
1683 1676 1830 1736 zwischen
1857 1676 1938 1736 einem
1982 1679 2080 1739 aͤltern
2102 1679 2161 1739 und
2184 1682 2313 1742 jüͤngern

1298 1724 1553 1784 Staatsmann.
1592 1727 1636 1787 3)
1659 1727 1758 1787 Ueber
1781 1727 1836 1787 das
1864 1728 2041 1788 Podagra.
2081 1733 2130 1793 4)
2153 1735 2219 1795 Die
2242 1736 2319 1796 schö¬

1298 1772 1351 1832 nen
1379 1775 1634 1835 Wissenschaften
1667 1775 1726 1835 und
1759 1778 1879 1838 Künste
1901 1778 1927 1838 im
1972 1779 2096 1839 Bunde
2118 1781 2177 1841 und
2205 1787 2313 1847 Glanz

1299 1817 1350 1877 der
1382 1822 1567 1882 Religion,
1593 1824 1721 1884 welches
1758 1825 1876 1885 letztere
1903 1826 2010 1886 Stück
2042 1828 2067 1888 in
2104 1828 2119 1888 9
2155 1830 2315 1890 Briefen,

1299 1870 1345 1930 die
1368 1873 1426 1933 alle
1449 1873 1518 1933 sehr
1542 1876 1721 1936 vortreflich
1745 1876 1773 1936 zu
1802 1876 1878 1936 lesen
1907 1880 1999 1940 sind,
2029 1882 2225 1942 geschrieben
2260 1885 2311 1945 ist.

1299 1924 1411 1984 Kostet
1446 1925 1474 1985 in
1515 1930 1753 1990 vorbemeldten
1793 1930 2009 1990 Kanterschen
2049 1936 2321 1996 Buchhandlun=

1532 2075 1697 2135 Leipzig
1734 2076 1798 2136 und
1828 2076 2070 2136 Züllichau.

1345 2121 1507 2181 Daselbst
1525 2121 1565 2181 ist
1583 2121 1750 2181 geliefert:
1774 2118 1872 2178 "Der
1902 2127 2063 2187 brittische
2093 2130 2313 2190 Plutarch,

1305 2169 1397 2229 "oder
1423 2169 1814 2229 Lebensbeschreibungen
1851 2173 1902 2233 der
1934 2175 2062 2235 größten
2093 2180 2242 2240 Männer
2274 2185 2299 2245 in

1297 2216 1475 2276 "England
1508 2220 1568 2280 und
1596 2220 1741 2280 Irrland
1769 2223 1824 2283 seit
1851 2225 1905 2285 den
1938 2226 2046 2286 Zeiten
2074 2230 2307 2290 Heinrichs

1295 2254 1418 2314 „VIII.
1446 2266 1494 2326 bis
1527 2270 1625 2330 unter
1652 2270 1771 2330 Georg
1799 2273 1847 2333 II.
1891 2274 2004 2334 Erster
2037 2279 2172 2339 Band,
2200 2283 2313 2343 1764.

1301 2310 1374 2370 "gr.
1403 2318 1482 2378 8vo.
1523 2318 1534 2378 1
1568 2318 1738 2378 Alphabet
1768 2323 1778 2383 2
1813 2323 1949 2383 Bogen.

2107 2324 2153 2384 Es
2189 2332 2306 2392 scheint

1291 2366 1399 2426 nicht,
1425 2366 1472 2426 als
1498 2367 1585 2427 wenn
1617 2369 1694 2429 diese
1716 2375 2068 2435 Lebensbeschreibung
2099 2379 2156 2439 aus
2182 2381 2233 2441 der
2260 2381 2311 2441 be¬

1294 2417 1427 2477 kannten
1459 2420 1649 2480 Brittischen
1681 2420 1913 2480 Biographie,
1934 2429 2068 2489 sondern
2099 2432 2305 2492 anderwärts

1292 2467 1480 2527 genommen
1508 2469 1591 2529 sind.
1642 2473 1691 2533 In
1719 2470 1819 2530 diesem
1858 2475 1962 2535 Theil
1980 2479 2179 2539 erscheinen:
2213 2482 2307 2542 "Der

1310 2517 1483 2577 'Cardinal
1511 2518 1641 2578 Wolson

1765 2524 1920 2584 Thomas
1957 2528 2092 2588 Morus
2129 2527 2144 2587 —

2209 2530 2307 2590 Tho=

1314 2566 1387 2626 mas
1414 2568 1593 2628 Cromwell
1625 2566 1635 2626 —
1694 2572 1878 2632 Sebastian
1905 2578 2032 2638 Cabot,
2059 2580 2105 2640 ein
2132 2581 2300 2641 englischer

1313 2614 1466 2674 Schiffer
1498 2614 1508 2674 —
1578 2618 1710 2678 Dudley
1753 2618 1768 2678 —
1838 2626 2028 2686 Latimer-

2084 2626 2276 2686 Hoovers.

1291 2665 1349 2725 So
1376 2667 1517 2727 rührend
1539 2667 1618 2727 diese
1640 2670 1856 2730 Lebensläufe
1877 2675 1961 2735 sind,
1978 2674 2004 2734 so
2031 2673 2115 2733 hätte
2137 2677 2204 2737 man
2231 2681 2305 2741 hin¬

1280 2718 1410 2778 zusetzen
1443 2718 1562 2778 sollen,
1596 2719 1649 2779 daß
1682 2721 1741 2781 alle
1775 2721 1850 2781 diese
1884 2722 1981 2782 große
2008 2727 2182 2787 Männer,
2210 2730 2301 2790 meist

1285 2767 1347 2827 aus
1373 2769 1663 2829 Unvorsichtigkeit
1684 2772 1772 2832 ihrer
1798 2775 2041 2835 Handlungen,
2058 2775 2130 2835 oder
2151 2780 2213 2840 aus
2239 2780 2306 2840 Un¬

1288 2818 1500 2878 dankbarkeit
1526 2820 1587 2880 und
1614 2823 1753 2883 Cabalen
1790 2823 1841 2883 des
1867 2823 2089 2883 Vaterlandes
2121 2826 2172 2886 ihr
2198 2832 2290 2892 Leben

1286 2870 1480 2930 unglücklich
1508 2871 1663 2931 geendigt
1691 2873 1813 2933 haben.
1863 2873 1935 2933 Auf
1963 2873 2012 2933 den
2041 2876 2146 2936 Preis
2174 2879 2295 2939 möchte

1282 2921 1351 2981 man
1380 2923 1432 2983 sich
1461 2924 1553 2984 wohl
1583 2927 1628 2987 die
1652 2927 1738 2987 Ehre
1774 2926 1855 2986 nicht
1884 2927 2063 2987 erkaufen,
2087 2930 2185 2990 seinen
2226 2932 2300 2992 Na¬

2217 2983 2293 3043 men
