2479 3508
199 331 1225 416 mehr befindet er sich wohlauf in seinen Seradischen
200 410 1229 461 Gütern Die Kronschatzcommission soll den 1sten
199 458 1225 512 May durch ein Universal zu einer neuen Reduction
200 504 1233 562 des Geldes schreiten, indem um diese Zeit sich schon
196 560 1228 614 neues Königl. Geld zum Auswechseln in Dero Schatz
199 606 1234 663 befinden wird. Zu Vorbeugung der unnöthigen Aus
207 653 1229 720 gaben und Geldverlustes durch Spielen haben Sr.
200 704 1228 761 Königl. Maj. alle Kartenspiele und Banquen bey
200 756 1229 813 Dero Hofstaat verbothen. Als Sr. Maj. in der ab¬
204 803 1233 870 gewichnen Woche bey Sr. Durchl. dem Fürsten Woy¬
204 852 1234 914 woden von Rußland gewesen, und daselbst im Vor¬
200 903 1233 964 zimmer einen prächtig angekleideten Tovarzyssen ge¬
204 950 1238 1013 wahr worden, fragten ihm Sr. Maj. mit einer Be¬
209 998 1238 1064 strafung, warum er so prächtig daher prangé, als
207 1051 1234 1118 darauf derselbe geantwortet, daß solches zu Sr.
209 1103 1238 1168 Maj. Ehre geschehen sey, erhielt er folgende Repli¬
207 1150 1240 1210 que; "es wird uns Pohlen ein geringer Werth durch
216 1205 1238 1260 „dergleichen Paradekleider beygeleget, wann sie auch
200 1245 1236 1300 „die allerkostbarsten wären, indem sie nur Schaden
209 1304 1234 1364 „hervorbringen, da wir dadurch das Vaterland
218 1342 1247 1402 "arm machen, und Fremde bereichern. Durch Tapfer¬
200 1408 1233 1458 "keit, Witz und Weisheit laßt uns hervorthun, so
209 1457 1241 1515 "werden uns die Ausländer werth achten und respecti¬
246 1510 1247 1565 ren. Ich als König trage unbesetzte Kleider um den
207 1552 1241 1610 „verarteten Ueberfluß auszurotten, und empfehle allen
207 1604 1238 1667 „von nun an sich keine gallonirte Kleider anzuschaffen,
213 1648 1245 1706 „sondern die gebührende Mäßigkeit in der Kleidung
218 1698 1238 1751 zu beobachten." Aus der Ukraine wird berichtet, daß
213 1750 1243 1803 ein Tartarischer Bothe nach Biala Czerkiec angekom=
222 1789 1238 1852 men sey, woselbst er die Ankunft des Herrn Regi
222 1844 1188 1923 mentarii von der Ukrainischen Parthey erwartete.
481 1891 978 1961 Wilda, den 5. März.
269 1935 1241 2005 Seit kurzen haben sich hier viele vornehme von
218 1987 1241 2051 Adel eingefunden, welche sich diesen Sommer über
218 2051 1247 2104 hier vergnügen wollen. Noch gestern wurde unsere
227 2096 1243 2158 Stadt mit der hohen Gegenwart unseres Bischofs
233 2152 1249 2210 Eminenz beehret; kaum waren dieselben angelanget,
225 2196 1251 2258 so verfügten sich so gleich die hier befindliche Gra¬
222 2244 1242 2302 sen, Minister und andere hohe Standespersonen
222 2298 1250 2351 nach dem Bischöflichen Palais, um Sr. Eminenz zu
227 2346 1254 2394 bewillkommen. Heute frühe paßiren Se. Exc. der
231 2390 1251 2460 Graf von Brzostowsky, Marschall der Conföderation,
225 2445 1247 2501 mit Extrapost, hier durch. Zu der Ankunft unseres
230 2498 1251 2549 Woywoden des Grafen von Oginsky Exc. werden in
225 2548 1252 2597 unserer Stadt die vortreflichsten Anstalten gemacht.
237 2594 1250 2655 Das Gerichte der General=Conföderation wird den
231 2644 1247 2692 29ten dieses hier seinen Anfang nehmen. Des
234 2691 1255 2758 Herrn Grafen von Brzostowsky Exc. haben bereits
234 2732 1250 2794 daher die nöthigen Universalien an alle Woywod¬
240 2787 1243 2847 schaften und Kreyse ergehen lassen, und einen jeden
233 2846 1249 2903 der bis dahin etwan in seiner rechtmäßigen Sache
234 2891 1254 2948 wäre unterdrucket worden, für ihre Gerichte auf das
227 2940 1260 2996 freundschaftlichste eingeladen, mit der völligen Ver=
1267 344 2289 421 sicherung, daß unter dero Vorsitz Jederman, Recht
1261 396 2285 461 und Gerechtigkeit widerfahren solte. Die Russen
1271 460 2281 517 sind an unsere Grenze eingefallen, und haben Leute,
1261 500 2285 561 die schon seit vielen Jahren aus Rußland nach Polen
1258 561 1919 628 gekommen, wieder zurück geholt.
1314 681 2292 737 Bey dem Verleger dieser Zeitung ist zu haben:
1276 732 2285 787 George Bauer auserlesene Neuigkeiten für alle
1273 782 2289 845 Münzliebhaber, 3tes und 4tes St. 4, Nürnb. 765.
1267 838 2293 891 21 gr. Der Bräutigam ohne Braut, oder Geschich=
1264 880 2285 938 te des Pater Chezills, 8, 765. 15 gr. Der Leipzi¬
1273 931 2289 991 ger Candidate, oder die Geschichte des Herrn A. P.
1276 977 2289 1042 D. L. Is. in Briesen an Herrn H. M. in B. 8,
1273 1024 1539 1092 Danzig 765.
1308 1127 2264 1205 Vom 7ten bis zum 12ten April sind folgende
1601 1180 1978 1236 Fremde einpaßirt:
1271 1219 2290 1281 Herr Cap. von Puttkammer vom Appenburgischen
1278 1281 2292 1343 Dragonerregiment, kommt von Danzig geht nach
1282 1326 2292 1384 Tilsit. Herr Bar. von Bähr, Cap. in französischen
1278 1374 2290 1433 Diensten. Ein Kaufmann aus Schweden, Herr
1276 1430 2299 1492 Wulf, und ein Zwirnhändler aus Hirschberg in Schle=
1282 1479 2298 1547 sien, Herr Koht, kommen von Danzig. Herr Her¬
1276 1529 2298 1591 mann Stegmann, ein Kaufmann kommt von Dan¬
1285 1583 2293 1640 zig. Herr Förster Werner kommt aus Wermcke.
1285 1631 2289 1685 Die Fürstin Repnin, Gemalin des Rußisch Kaiserl.
1285 1679 2301 1728 Oberstallmeisters und gewesenen Ambassadeurs am
1285 1727 2294 1782 Spanischen Hofe, kommt von Danzig, geht nach
1579 1772 2301 1835 Herr Cap. von Canitz kommt von
1287 1768 1521 1830 Petersburg.
1282 1811 1453 1877 Cüstrin.
1512 1816 2303 1882 Herr Heyn und Herr Baltrus zween
1271 1873 2298 1928 Kaufleute, kommen von Insterburg. Herr Hagen
1278 1928 2305 1983 und Herr Wulf zween Kaufleute, kommen aus Bar¬
1278 1974 2305 2040 tenstein. Herr Rosencranz, ein Kaufmann, kommt
1277 2019 1596 2090 aus Insterburg.
1592 2113 1994 2182 AVERTISSEMENT.
1333 2161 2298 2232 Da Se. Exc. der Ruß. Kaiserl. Geheimde Rath,
1285 2219 2305 2275 Herr Graf von Keyserling, gegen Ende des jetzt¬
1281 2270 2303 2326 laufenden Monats April von hier auf einige Mo¬
1291 2321 2305 2379 nath zu verreisen Willens seynd, als werden alle
1287 2368 2292 2425 diejenigen die an Dieselben einige Forderung haben
1291 2418 2301 2482 bedeutet, sich mit ihren Rechnungen auf das späteste
1291 2475 2301 2528 bis den 20ten huj. bey Dero Caßirer zu melken,
1291 2519 2301 2581 und in denen Tagen vom 22ten bis den 25ten huj.
1291 2571 2301 2625 ihre Bezahlung zu empfangen, indem alle diejenigen
1287 2616 2307 2673 Rechnungen und Forderungen die nach Dero Rück¬
1286 2674 2310 2726 kunft als eine Forderung vor Dero Abreise eingege¬
1285 2718 2307 2779 ben werden, von Sr. Excellenz weder agnosciret
1281 2763 1724 2841 noch bezahlet werden.
1282 2859 2303 2918 Diese Gelehrte und Politische Zeitung wird des Montags
1312 2907 2280 2964 und des Freytags Vormittags um 10 Uhr in dem
1461 2947 2138 3026 Kanterschen Buchladen ausgegeben.
