2479 3508
634 1628 718 1688 3tes
765 1631 918 1691 Stück.
981 1632 1172 1692 Freytag,
1204 1631 1265 1691 den
1312 1631 1396 1691 11.
1427 1631 1611 1691 Januar,
1651 1628 1796 1688 1765.

564 1717 814 1777 Schreiben

353 1777 445 1837 eines
482 1777 648 1837 englischen
686 1781 802 1841 jungen
840 1781 1036 1841 Geistlichen

275 1840 330 1900 an
373 1840 506 1900 einen
550 1843 788 1903 deutschen
831 1846 1127 1906 Gelehrten.

415 1897 491 1957 Aus
518 1897 567 1957 dem
611 1900 780 1960 Englischen
813 1901 965 1961 übersetzt.

462 1948 591 2008 London,
612 1948 650 2008 den
679 1948 708 2008 9.
727 1948 823 2008 März,
843 1951 925 2011 1764.

181 2106 312 2166 Das
337 2097 445 2157 hätten
470 2097 505 2157 sie
530 2096 620 2156 wohl
639 2097 723 2157 nicht
747 2099 892 2159 gedacht,
917 2100 1001 2160 mein
1026 2097 1133 2157 Herr,
1158 2093 1188 2153 da
1231 2089 1357 2149 Werke
1375 2091 1453 2151 lesen
1478 2091 1629 2151 werden.
1678 2088 1749 2148 Sie
1774 2088 1864 2148 sollen
1895 2085 1942 2145 die
1961 2085 2172 2145 allerneueste
2190 2082 2256 2142 Be¬

191 2142 342 2202 sie
370 2145 413 2205 als
440 2145 770 2205 Hannoveranischer
798 2148 1025 2208 Feldprediger
1052 2148 1106 2208 vor
1128 2145 1203 2205 fünf

182 2196 317 2256 Jahren
350 2196 371 2256 in
404 2194 555 2254 England
583 2196 631 2256 den
664 2199 793 2259 Winter
816 2199 1026 2259 zubrachten,
1043 2199 1102 2259 und
1130 2199 1205 2259 mei¬

179 2243 216 2303 ne
239 2246 375 2306 geringe
398 2243 524 2303 Person
551 2246 666 2306 kennen
700 2246 852 2306 lernten,
880 2249 935 2309 daß
968 2249 1006 2309 ich
1045 2248 1099 2308 bey
1127 2248 1209 2308 mei¬

176 2294 238 2354 ner
264 2291 363 2351 stillen
400 2292 461 2352 und
493 2294 696 2354 bescheidnen
733 2295 857 2355 Miene
884 2297 956 2357 noch
993 2297 1117 2357 einmal
1149 2297 1195 2357 ein

182 2342 427 2402 Schriftsteller
450 2342 575 2402 werden
603 2345 707 2405 sollte.
768 2345 822 2405 Ja
850 2348 943 2408 doch!
976 2348 1008 2408 so
1031 2347 1140 2407 wollen
1173 2347 1200 2407 es

187 2393 236 2453 die
253 2390 403 2450 Götter,
431 2390 475 2450 die
503 2393 675 2453 Menschen
709 2396 770 2456 und
798 2396 842 2456 ich
876 2397 986 2457 selbst.
1037 2396 1125 2456 Seit
1154 2396 1203 2456 ge¬

189 2441 265 2501 stern
303 2442 357 2502 auf
390 2440 439 2500 dem
488 2440 705 2500 Caffehause,
733 2443 781 2503 wo
809 2446 874 2506 wir
896 2446 961 2506 uns
989 2446 1097 2506 zuerst
1119 2446 1211 2506 spra¬

182 2494 283 2554 chen,
307 2491 391 2551 habe
408 2488 447 2548 ich
476 2488 572 2548 diesen
601 2491 731 2551 Einfall
748 2494 934 2554 bekommen
974 2489 991 2549 —
1060 2493 1121 2553 und
1150 2494 1200 2554 sie=
1241 2494 1296 2554 das
1325 2491 1478 2551 Monthly
1501 2494 1619 2554 Review
1654 2491 1800 2551 gelesen?
1835 2486 1914 2546 Auch
1943 2482 2032 2542 wohl
2056 2482 2106 2542 das
2129 2482 2253 2542 Cartell

184 2545 231 2605 he
250 2544 315 2604 da!
340 2539 394 2599 der
413 2539 503 2599 Plan
534 2539 569 2599 ist
595 2540 714 2600 fertig!
745 2542 812 2602 Ich
842 2546 914 2606 will
945 2545 986 2605 ein
1024 2545 1210 2605 Verbal¬

191 2596 252 2656 und
287 2588 571 2648 Reallexicon
617 2590 645 2650 in
686 2593 861 2653 Ansehung
896 2596 953 2656 der
987 2595 1197 2655 Religion

186 2645 376 2705 schreiben,
406 2641 471 2701 und
501 2637 554 2697 die
579 2638 715 2698 Wörter
745 2642 822 2702 aller
852 2643 1030 2703 geistlichen
1067 2641 1208 2701 Wissen¬

191 2696 350 2756 schaften,
374 2691 403 2751 in
433 2686 486 2746 dem
528 2685 734 2745 Verstande,
764 2691 822 2751 wie
852 2691 893 2751 sie
917 2693 946 2753 in
982 2692 1035 2752 den
1065 2692 1206 2752 Schrif¬

177 2748 226 2808 ten
255 2744 383 2804 unserer
417 2739 557 2799 neuesten
585 2736 725 2796 Lehrer,
759 2742 932 2802 geistlichen
971 2745 1032 2805 und
1067 2743 1206 2803 freygei¬

185 2796 344 2856 sterischen
389 2790 550 2850 Standes
595 2788 788 2848 genommen
838 2791 998 2851 werden,
1038 2793 1175 2853 erklären

182 2844 252 2904 Sie
280 2844 394 2904 kennen
434 2841 483 2901 die
522 2838 713 2898 unendliche
741 2843 1053 2903 Verwandelungen
1086 2844 1200 2904 unsrer

189 2897 376 2957 Religion,
403 2894 463 2954 und
498 2892 537 2952 sie
558 2891 692 2951 wissen,
712 2891 772 2951 daß
807 2891 860 2951 bey
894 2894 1008 2954 unsren
1042 2894 1196 2954 heutigen
1244 2891 1397 2951 terbuch.

1236 1706 1655 1766 Religionsschriftstellern
1690 1705 1748 1765 alle
1778 1703 1829 1763 die
1848 1700 1981 1760 Wörter
2016 1697 2074 1757 und
2104 1694 2255 1754 Ausdrü¬

1231 1757 1305 1817 cke,
1332 1757 1379 1817 die
1402 1757 1454 1817 zur
1476 1757 1549 1817 Zeit
1577 1754 1688 1814 unsrer
1720 1751 1986 1811 Reformation,
2018 1748 2081 1808 und
2114 1745 2252 1805 nachher

1238 1796 1299 1856 von
1338 1797 1528 1857 orthoderen
1562 1796 1700 1856 Lehrern
1734 1799 1763 1859 in
1797 1799 1882 1859 einem
1930 1796 2030 1856 ächten
2069 1793 2250 1853 Verstande

1233 1850 1374 1910 galten,
1399 1847 1563 1907 nunmehr
1594 1846 1705 1906 gerade
1735 1844 1782 1904 die
1812 1843 2095 1903 entgegengesetzte
2119 1839 2254 1899 Bedeu¬

1234 1897 1311 1957 tung
1338 1894 1503 1954 erhalten.
1550 1896 1611 1956 Als
1648 1894 1684 1954 sie
1710 1894 1736 1954 in
1773 1894 1897 1954 London
1934 1891 1990 1951 auf
2016 1888 2140 1948 meiner
2166 1887 2254 1947 Stu¬

1232 1945 1394 2005 dierstube
1422 1943 1552 2003 waren:
1580 1942 1677 2002 gesiel
1694 1942 1791 2002 ihnen
1824 1940 2117 2000 Brougthons
2150 1936 2258 1996 Lexi¬

1226 1992 1300 2052 con
1348 1993 1464 2053 aller
1506 1993 1776 2053 Religionen
1824 1990 1855 2050 so
1898 1987 1972 2047 sehr
2014 1984 2130 2044 wohl;
2173 1987 2246 2047 aber

1234 2037 1387 2097 Possen!
1415 2040 1472 2100 das
1499 2038 1536 2098 ist
1563 2040 1658 2100 nichts
1690 2038 1780 2098 gegen
1812 2034 1886 2094 das,
1902 2034 1971 2094 was
1998 2031 2034 2091 sie
2056 2031 2082 2091 in
2110 2034 2230 2094 meinem

1226 2142 1411 2202 deutungen
1450 2142 1510 2202 und
1543 2142 1772 2202 Erklärungen
1816 2139 1909 2199 derer
1942 2135 2253 2195 Glaubenswörter

1238 2196 1364 2256 hören,
1392 2196 1452 2256 wie
1475 2196 1541 2256 man
1574 2193 1607 2253 sie
1635 2193 1684 2253 itzt
1713 2193 1773 2253 auf
1795 2192 1850 2252 der
1878 2188 2005 2248 Kanzel
2033 2189 2049 2249 —
2110 2187 2170 2247 auf
2199 2184 2248 2244 der

1232 2245 1394 2305 Catheder
1428 2239 1439 2299 —
1505 2245 1564 2305 auf
1592 2243 1646 2303 dem
1690 2242 1836 2302 Collegio
1870 2238 1886 2298 —
1947 2237 2006 2297 auf
2034 2233 2088 2293 dem
2138 2232 2257 2292 Wein¬

1439 2294 1498 2354 und
1526 2294 1682 2354 vielleicht
1705 2293 1758 2353 bey
1780 2291 1888 2351 unsern
1916 2285 2084 2345 Matrosen
2117 2283 2170 2343 auf
2193 2284 2246 2344 den

1231 2294 1341 2354 hause

1240 2345 1392 2405 Schiffen
1421 2345 1527 2405 höret.
1584 2345 1634 2405 In
1669 2342 1788 2402 großen
1822 2339 2008 2399 Büchern,
2031 2336 2093 2396 und
2127 2333 2155 2393 in
2184 2332 2251 2392 flie¬

1238 2397 1359 2457 genden
1387 2396 1541 2456 Blättern
1569 2393 1696 2453 überall
1724 2393 1795 2453 eine
1824 2390 1939 2450 gleiche
1967 2384 2144 2444 Sprache!
2178 2381 2249 2441 Sie

1232 2445 1334 2505 haben
1362 2443 1427 2503 doch
1455 2443 1548 2503 unser
1570 2443 1750 2503 Journal,
1777 2440 1832 2500 das
1860 2437 1985 2497 neueste
2007 2435 2034 2495 in
2061 2432 2159 2492 seiner
2182 2432 2252 2492 Art,

1232 2544 1320 2604 eines
1349 2542 1459 2602 unsrer
1477 2542 1693 2602 Geistlichen,
1704 2538 1831 2598 welches
1854 2533 1926 2593 eben
1954 2533 2087 2593 daselbst
2104 2533 2154 2593 S.
2165 2535 2254 2595 486.

1231 2590 1289 2650 von
1332 2593 1417 2653 1760
1460 2593 1661 2653 eingerücket
1694 2589 1758 2649 ist,
1779 2586 1842 2646 und
1880 2581 1981 2641 worin
2024 2581 2055 2641 er
2094 2581 2167 2641 über
2200 2581 2252 2641 die

1242 2641 1459 2701 Grundlehre
1486 2641 1597 2701 unsrer
1619 2640 1756 2700 Kirche,
1783 2635 1830 2695 als
1862 2632 1931 2692 eine
1963 2632 2116 2692 verlorne
2138 2632 2248 2692 Sache

1231 2691 1476 2751 triumphiret?
1514 2691 1589 2751 Sie
1621 2688 1738 2748 kennen
1771 2685 1840 2745 doch
1878 2682 1931 2742 den
1963 2682 2161 2742 Taylor,
2193 2682 2246 2742 den

1235 2742 1463 2802 unsterblichen
1491 2736 1670 2796 Clarke,
1693 2736 1747 2796 den
1774 2730 2014 2790 Tomkins,
2036 2733 2090 2793 den
2118 2732 2259 2792 Atter¬

1225 2791 1361 2851 bury,
1386 2790 1439 2850 den
1470 2789 1546 2849 alten
1577 2785 1803 2845 Whiston?
1833 2784 1952 2844 Sehen
1983 2782 2035 2842 sie,
2048 2783 2131 2843 diese
2150 2781 2256 2841 Män¬

1235 2842 1294 2902 ner
1316 2841 1408 2901 geben
1442 2841 1490 2901 den
1523 2835 1625 2895 Stoff
1643 2838 1675 2898 zu
1708 2838 1789 2898 einem
1838 2835 1936 2895 neuen
1974 2831 2132 2891 curieusen
2159 2831 2262 2891 Wör¬

1451 2890 1552 2950 Sie,
1577 2891 1659 2951 mein
1702 2891 1815 2951 Herr,
1846 2888 1904 2948 sind
1941 2885 2031 2945 zwar
2067 2884 2108 2944 ein
2144 2883 2263 2943 Deut=

2158 2937 2249 2997 scher
