2479 3508
432 345 624 405 Berlin,
661 342 715 402 den
758 345 824 405 23.
849 343 951 403 Febr.

183 448 353 508 Erbprinz
376 446 432 506 von
467 443 615 503 Curland
644 440 700 500 bey
729 443 803 503 Sr.
821 442 968 502 Königl.
986 438 1116 498 Hoheit
1134 437 1185 497 dem

182 499 331 559 Prinzen
360 494 571 554 Ferdinand.
594 491 715 551 Dieser
744 491 848 551 Tagen
878 491 938 551 sind
966 488 1044 548 Se.
1061 488 1205 548 Durchl.

179 550 253 610 nach
275 545 460 605 Potsdam,
478 542 535 602 und
557 541 647 601 Dero
669 542 902 602 Kammerherr
925 540 1004 600 Herr
1025 539 1078 599 von
1106 539 1211 599 Trey¬

174 597 252 657 den,
281 597 353 657 nach
383 594 528 654 Sachsen
557 595 792 655 abgegangen.

414 643 681 703 Bielefeld,
706 643 758 703 den
795 643 836 703 8.
860 640 960 700 Febr.

174 745 479 805 Kaufmannschaft
514 745 570 805 auf
599 742 649 802 ihr
689 739 1050 799 allerunterthänigstes
1090 739 1197 799 Ansu=
1232 736 1260 796 er
1283 736 1345 796 mit
1362 736 1458 796 vielem
1509 733 1650 793 Beyfall
1668 734 1825 794 gelehret,
1849 730 1938 790 1738
1967 733 2074 793 hieher
2092 735 2244 795 berufen,

166 793 235 853 chen
263 795 439 855 gestattet,
478 792 563 852 einen
601 792 913 852 Erborgungsfond
946 786 1203 846 auszumitteln,

176 843 250 903 oder
277 845 339 905 eine
366 843 561 903 sogenannte
583 840 756 900 Leihecasse
778 839 952 899 anzulegen
989 839 1052 899 und
1084 838 1115 898 zu
1148 836 1195 896 er=
1222 834 1342 894 Seine
1364 834 1390 894 in
1422 837 1474 897 den
1512 835 1701 895 wichtigsten
1729 834 1881 894 Aemtern
1919 831 2066 891 stehende
2088 833 2235 893 Schüler

171 894 291 954 öfnen,
319 893 411 953 durch
439 891 531 951 deren
565 891 733 951 Vorschub
761 891 810 951 der
838 888 990 948 Aufkauf
1018 888 1066 948 der
1094 888 1192 948 rohen

182 943 306 1003 Linnen
339 942 365 1002 zu
399 941 566 1001 befördern
594 939 712 999 gehoft
729 939 826 999 wird.
875 942 961 1002 Das
989 939 1124 999 Capital
1141 939 1205 999 des¬

180 992 222 1052 sen
255 992 324 1052 man
352 992 518 1052 benöthigt
541 990 594 1050 ist,
616 990 739 1050 besteht
756 992 782 1052 in
805 990 917 1050 50000
939 990 1186 1050 Reichsthalern
1230 984 1327 1044 dieses
1354 984 1434 1044 starb
1462 987 1574 1047 allhier
1597 984 1644 1044 der
1672 984 1930 1044 Generalmajor
1952 981 2005 1041 von
2033 983 2086 1043 der
2108 981 2242 1041 Infan¬

177 1039 208 1099 in
236 1043 386 1103 Ducaten
414 1040 424 1100 a
452 1040 467 1100 2
495 1037 553 1097 und
582 1037 592 1097 3
625 1037 737 1097 viertel
760 1040 878 1100 Rthlr.
911 1037 980 1097 oder
1003 1037 1099 1097 Louis
1127 1034 1191 1094 d'or
1224 1034 1320 1094 terie,
1348 1034 1434 1094 Herr
1457 1037 1575 1097 Albert
1591 1035 1634 1095 ten
1667 1034 1774 1094 Ham,
1796 1033 1823 1093 im
1872 1031 1980 1091 76sten
2018 1031 2114 1091 Jahr
2137 1034 2233 1094 seines

171 1088 186 1148 a
208 1090 229 1150 5
261 1091 383 1151 Rthlr.
405 1088 526 1148 andere
553 1085 771 1145 Münzsorten
803 1088 877 1148 aber
904 1087 973 1147 nach
1006 1087 1053 1147 dem
1091 1086 1201 1146 cours=
1229 1083 1361 1143 Alters.

173 1139 326 1199 mäßigen
353 1136 437 1196 Agio
459 1136 554 1196 gegen
586 1136 681 1196 Louis
703 1136 792 1196 d'or,
819 1136 1004 1196 Friedrichs
1031 1137 1094 1197 d'or
1121 1136 1194 1196 oder

164 1187 318 1247 Ducaten
356 1184 543 1244 gerechnet,
565 1184 699 1244 welches
737 1184 827 1244 gegen
866 1184 1037 1244 Empfang
1069 1185 1202 1245 förmli¬

171 1234 240 1294 cher
262 1234 521 1294 Wechselbillets
548 1233 775 1293 dargeliehen,
802 1231 860 1291 und
898 1233 956 1293 von
999 1236 1046 1296 der
1084 1234 1200 1294 Berli¬

166 1282 221 1342 ner
247 1282 553 1342 Kaufmannschaft
579 1282 767 1342 garantiret
788 1279 890 1339 wird.

401 1327 662 1387 Hamburg,
685 1327 741 1387 den
778 1326 841 1386 15.
868 1327 972 1387 Febr.

228 1369 272 1429 Es
303 1372 459 1432 roulliret
485 1369 706 1429 gegenwärtig
747 1369 817 1429 eine
843 1366 943 1426 große
979 1366 1110 1426 Menge
1141 1365 1200 1425 fal¬

174 1416 254 1476 scher
282 1416 483 1476 Lübeckscher
516 1413 863 1473 Achtschillingstücke,
891 1413 934 1473 sie
961 1410 1026 1470 sind
1054 1410 1081 1470 so
1103 1410 1183 1470 schön

172 1464 415 1524 nachgemacht,
448 1463 502 1523 daß
540 1461 567 1521 es
594 1461 637 1521 ein
676 1461 794 1521 grosser
822 1461 957 1521 Kenner
995 1461 1060 1521 seyn
1098 1461 1173 1521 muß

167 1513 225 1573 der
252 1512 289 1572 sie
311 1512 364 1572 von
402 1512 450 1572 den
483 1512 573 1572 guten
606 1512 836 1572 unterscheiden
869 1512 954 1572 will.

360 1566 688 1626 Regenspurg,
719 1566 771 1626 den
808 1566 873 1626 11.
898 1566 1004 1626 Febr.

218 1610 298 1670 Der
328 1616 739 1676 Churbrandenburgische
763 1616 1098 1676 Comitialgesandte,
1122 1613 1196 1673 Ba¬

174 1663 223 1723 ron
257 1664 312 1724 von
351 1667 500 1727 Plotho,
523 1669 561 1729 ist
585 1670 700 1730 endlich
734 1670 806 1730 nach
846 1670 944 1730 seiner
967 1669 1100 1729 Abreise
1128 1667 1189 1727 von

164 1715 288 1775 Berlin
317 1720 380 1780 und
403 1721 596 1781 zeitherigen
630 1721 829 1781 Aufenthalt
852 1719 874 1779 in
909 1721 1112 1781 Bayreuth,
1141 1721 1175 1781 am

162 1769 383 1829 Sonnabend
424 1772 474 1832 den
504 1772 578 1832 9ten
607 1775 703 1835 dieses
738 1775 760 1835 in
789 1775 840 1835 der
864 1775 977 1835 Frühe
1001 1775 1068 1835 hier
1098 1775 1199 1835 ange¬

166 1817 294 1877 langt.

455 1867 610 1927 Wien,
645 1870 702 1930 den
749 1870 788 1930 2.
818 1867 927 1927 Febr.

218 1912 351 1972 Endlich
385 1912 446 1972 hat
474 1916 546 1976 man
585 1916 635 1976 sich
669 1915 741 1975 hier
770 1915 991 1975 entschlossen,
1020 1915 1069 1975 die
1098 1915 1175 1975 über

174 1964 317 2024 flüßigen
351 1964 500 2024 Festtage
528 1963 766 2023 abzuschaffen,
805 1963 832 2023 so
866 1963 920 2023 daß
955 1963 1087 2023 dieselbe
1115 1963 1192 2023 alle¬

172 2013 266 2073 mahl
289 2014 338 2074 den
367 2014 538 2074 folgenden
567 2017 728 2077 Sonntag
756 2012 900 2072 gefeyret
923 2011 1040 2071 werden
1074 2014 1190 2074 sollen.

346 2067 713 2127 Braunschweig,
737 2066 789 2126 den
831 2062 894 2122 12.
918 2061 1022 2121 Febr.

219 2112 272 2172 In
302 2114 348 2174 den
385 2116 514 2176 hiesigen
550 2118 667 2178 Landen
698 2115 785 2175 lässet
810 2115 874 2175 man
904 2112 957 2172 sich
987 2114 1057 2174 sehr
1087 2112 1187 2172 ange¬

167 2163 247 2223 legen
281 2165 345 2225 seyn
373 2166 427 2226 den
460 2169 660 2229 Seidenbau
688 2169 720 2229 zu
753 2168 948 2228 befördern.
998 2166 1127 2226 Damit
1149 2166 1176 2226 es

162 2214 384 2274 denjenigen,
419 2216 539 2276 welche
568 2215 625 2275 sich
671 2219 774 2279 diesem
826 2217 1186 2277 Nahrungsgeschäfte

161 2258 300 2318 widmen
342 2261 482 2321 wollen,
524 2264 611 2324 nicht
644 2266 679 2326 an
721 2266 772 2326 der
814 2267 892 2327 dazu
934 2268 1177 2328 erforderlichen
1225 2270 1328 2330 250;

159 2307 302 2367 Kentniß
335 2311 457 2371 sowohl
479 2312 527 2372 der
549 2315 933 2375 Maubeerbaumzucht,
961 2318 1008 2378 als
1035 2318 1083 2378 der
1105 2318 1190 2378 Sei¬

165 2355 392 2415 denerzielung
426 2359 528 2419 fehlen
569 2363 676 2423 möge,
717 2366 750 2426 so
780 2366 842 2426 sind
876 2368 932 2428 auf
962 2366 1177 2426 herzoglichen

171 2402 297 2462 Befehl
314 2405 387 2465 dazu
414 2408 572 2468 diensame
599 2414 841 2474 Anordnungen
874 2420 1016 2480 gemacht
1037 2417 1185 2477 worden.

425 2452 619 2512 Leyden,
646 2458 697 2518 den
735 2462 802 2522 11.
829 2466 928 2526 Febr.

206 2497 285 2557 Der
309 2500 365 2560 D.
389 2503 451 2563 und
481 2503 588 2563 Prof.
618 2504 668 2564 der
704 2515 1052 2575 Gottesgelahrtheit,
1087 2513 1178 2573 Herr

159 2548 276 2608 Ewald
304 2554 494 2614 Hollebeck,
517 2554 661 2614 übergab
685 2557 740 2617 den
774 2560 846 2620 8ten
885 2563 986 2623 dieses
1026 2565 1081 2625 sein
1115 2563 1187 2623 bis¬

161 2601 215 2661 her
248 2605 417 2665 geführtes
450 2605 613 2665 Rectorat
647 2605 679 2665 an
718 2608 772 2668 den
805 2611 864 2671 D.
892 2613 952 2673 und
991 2614 1099 2674 Prof.
1127 2614 1181 2674 der

161 2653 294 2713 Rechte,
319 2655 428 2715 Herrn
465 2654 580 2714 Fried.
605 2655 720 2715 Wilh.
745 2658 878 2718 Pestel,
904 2661 933 2721 in
964 2664 1177 2724 Gegenwart

160 2698 211 2758 der
243 2703 435 2763 Curatorum
482 2706 534 2766 der
561 2703 763 2763 Universität
790 2707 852 2767 und
889 2712 977 2772 einer
1009 2712 1180 2772 ansehnli¬

153 2748 224 2808 chen
252 2756 513 2816 Versammlung
535 2757 600 2817 mit
612 2754 660 2814 den
683 2754 917 2814 gewöhnlichen
945 2762 1173 2822 Ceremonien.

158 2797 302 2857 Ersterer
329 2805 424 2865 hielte
446 2808 542 2868 zuvor
569 2805 632 2865 eine
660 2805 857 2865 vortrefliche
884 2808 995 2868 Rede:
1023 2810 1097 2870 Von
1124 2811 1171 2871 der

164 2849 374 2909 Verachtung
408 2854 463 2914 der
497 2855 657 2915 göttlichen
702 2858 929 2918 Offenbarung
963 2860 991 2920 in
1030 2861 1174 2921 Holland

163 2900 224 2960 und
250 2900 335 2960 ihren
367 2906 590 2966 vornehmsten
615 2911 794 2971 Ursachen.
819 2910 893 2970 Der
919 2912 974 2972 D.
993 2915 1054 2975 und
1073 2919 1178 2979 Prof.

1233 337 1284 397 der
1308 336 1447 396 Rechte,
1495 336 1587 396 Herr
1611 339 1750 399 Johann
1779 339 1906 399 Conrad
1936 340 2081 400 Rücker,
2099 338 2168 398 trat
2186 335 2238 395 den

247 400 383 460 Gestern
417 395 473 455 des
508 394 661 454 Mittags
701 392 831 452 speisten
877 389 950 449 Se.
974 389 1121 449 Durchl.
1150 388 1200 448 der
1235 386 1319 446 1sten
1348 386 1450 446 dieses
1473 386 1552 446 seine
1575 386 1688 446 Stelle
1712 389 1762 449 als
1797 389 1972 449 Secretair
2001 386 2057 446 des
2086 386 2249 446 akademi¬

1231 439 1313 499 schen
1354 437 1493 497 Senats
1524 435 1586 495 an,
1607 437 1740 497 nachdem
1792 437 1843 497 der
1875 437 1931 497 D.
1957 437 2018 497 und
2050 435 2157 495 Prof.
2189 437 2240 497 der

1226 485 1487 545 Arzeneykunst,
1508 485 1599 545 Herr
1631 485 1754 545 Adrian
1791 485 1850 545 van
1888 485 2031 545 Royen,
2053 485 2090 545 sie
2123 485 2175 545 der
2197 485 2250 545 be¬

1231 539 1391 599 stimmten
1417 534 1639 594 Zeitordnung
1671 536 1764 596 nach,
1780 536 2017 596 niedergeleget
2038 536 2142 596 hatte.
2178 538 2250 598 Un¬

1231 588 1278 648 sre
1300 586 1474 646 Akademie
1501 583 1559 643 hat
1581 583 1665 643 durch
1697 584 1744 644 den
1776 583 1845 643 Tod
1883 583 1935 643 des
1968 583 2025 643 D.
2052 586 2115 646 und
2142 586 2242 646 Prof.

1228 635 1279 695 der
1311 635 1445 695 Rechte,
1467 634 1575 694 Herrn
1607 633 1731 693 Gerlac
1753 634 1970 694 Scheltinga,
2007 634 2090 694 einen
2121 634 2235 694 großen

230 691 308 751 Se.
326 693 472 753 Königl.
489 697 590 757 Maj.
608 694 635 754 in
664 691 816 751 Preussen
845 688 946 748 haben
980 688 1030 748 der
1059 688 1188 748 hiesigen
1235 685 1369 745 Verlust
1392 685 1538 745 erlitten.
1584 679 1634 739 Er
1657 682 1764 742 wurde
1793 682 1849 742 von
1878 679 2069 739 Deventer,
2098 685 2243 745 woselbst

1224 786 1283 846 und
1311 785 1392 845 starb
1420 786 1469 846 den
1496 784 1573 844 9ten
1600 784 1698 844 dieses
1732 784 1878 844 Monats
1912 784 1938 844 im
1988 784 2097 844 57sten
2136 784 2244 844 Jahr.

1228 885 1287 945 sind
1313 885 1383 945 auch
1414 885 1483 945 noch
1509 888 1579 948 nach
1610 888 1704 948 seinem
1750 885 1840 945 Tode
1871 883 2137 943 unverwerfliche
2162 884 2242 944 Zeu¬

1223 937 1279 997 gen
1311 936 1362 996 von
1394 936 1491 996 seiner
1518 936 1719 996 gründlichen
1751 933 2035 993 Gelehrsamkeit.
2066 933 2144 993 Den
2165 933 2232 993 7ten

1422 1135 1727 1195 Drontheim,
1762 1133 1813 1193 den
1854 1133 1917 1193 26.
1947 1131 2038 1191 Jan.

1277 1178 1353 1238 Wir
1376 1182 1475 1242 haben
1503 1185 1619 1245 allhier
1642 1184 1696 1244 von
1724 1184 1940 1244 Weynachten
1979 1181 2028 1241 bis
2051 1181 2101 1241 H.
2129 1179 2244 1239 Drey¬

1227 1231 1342 1291 könige
1365 1234 1389 1294 so
1412 1231 1586 1291 gewaltige
1615 1234 1713 1294 Kälte
1737 1234 1881 1294 gehabt,
1911 1233 1968 1293 daß
2004 1231 2241 1291 unterschiedne

1224 1282 1403 1342 Menschen
1431 1282 1573 1342 erfroren
1600 1281 1681 1341 sind.

1423 1327 1755 1387 Gothenburg,
1782 1327 1835 1387 vom
1884 1327 1926 1387 5.
1954 1330 2055 1390 Febr.

1271 1365 1359 1425 Was
1384 1368 1433 1428 für
1463 1369 1546 1429 einen
1581 1372 1743 1432 Vortheil
1769 1372 1955 1432 Schweden
1990 1375 2049 1435 von
2079 1375 2128 1435 dem
2168 1375 2241 1435 Hä¬

1219 1410 1420 1470 ringsfange
1445 1413 1539 1473 habe,
1569 1413 1637 1473 läßt
1652 1413 1701 1473 sich
1731 1416 1849 1476 daraus
1884 1416 2031 1476 ersehen,
2056 1419 2134 1479 daß,
2159 1422 2228 1482 nach

1220 1460 1304 1520 einem
1347 1461 1485 1521 genauen
1517 1461 1777 1521 Verzeichnisse,
1810 1464 1942 1524 voriges
1969 1464 2064 1524 Jahr
2091 1467 2228 1527 152045

1221 1512 1361 1572 Tonnen
1394 1512 1545 1572 Häringe
1567 1512 1621 1572 von
1654 1515 1719 1575 hier
1746 1514 1816 1574 nach
1855 1512 2098 1572 ausländischen
2126 1515 2228 1575 Orten

1219 1566 1445 1626 ausgeschiffet
1468 1566 1592 1626 worden
1615 1566 1693 1626 sind.
1773 1566 1829 1626 Da
1858 1567 1914 1627 das
1943 1566 2157 1626 Verzeichniß
2186 1569 2236 1629 zu¬

1224 1619 1314 1679 gleich
1349 1618 1523 1678 diejenigen
1552 1619 1687 1679 Oerter,
1716 1617 1823 1677 wohin
1852 1619 1902 1679 die
1931 1622 2089 1682 einzelnen
2118 1620 2241 1680 Quan¬

1224 1670 1334 1730 titäten
1362 1670 1455 1730 dieser
1478 1670 1594 1730 großen
1633 1673 1760 1733 Menge
1788 1673 1943 1733 Häringe
1971 1673 2136 1733 versendet
2159 1673 2241 1733 wor¬

1220 1721 1273 1781 den
1305 1721 1384 1781 sind,
1411 1724 1591 1784 bemerket,
1618 1724 1676 1784 und
1708 1726 1846 1786 dadurch
1884 1724 1968 1784 einen
2001 1724 2228 1784 vollständigen

1221 1774 1353 1834 Begrif
1382 1774 1437 1834 von
1471 1773 1570 1833 diesem
1621 1773 1869 1833 Schwedischen
1904 1774 2236 1834 Handlungszweige

1218 1822 1345 1882 macht,
1377 1822 1403 1882 so
1440 1822 1508 1882 will
1536 1822 1609 1882 man
1647 1822 1758 1882 solches
1790 1822 1863 1882 hier
1885 1822 1953 1882 nach
1980 1822 2233 1882 alphabetischer

1220 1870 1384 1930 Ordnung
1416 1870 1617 1930 mittheilen.
1644 1867 1691 1927 Es
1723 1869 1787 1929 sind
1814 1870 1871 1930 also
1904 1870 2131 1930 ausgeschiffet
2158 1871 2242 1931 wor¬

1220 1918 1302 1978 den:
1328 1918 1421 1978 Nach
1447 1918 1566 1978 Anclam
1607 1918 1669 1978 400
1705 1918 1875 1978 Tonnen;
1928 1919 2005 1979 nach
2046 1921 2232 1981 Barbados

1221 1965 1285 2025 383
1318 1966 1480 2026 Tonnen;
1513 1966 1583 2026 nach
1610 1966 1751 2026 Breinen
1779 1966 1914 2026 19684;
1947 1966 2049 2026 Cadix
2066 1967 2135 2027 65;
2163 1969 2238 2029 Col=

1217 2014 1286 2074 berg
1315 2014 1414 2074 981;
1443 2014 1529 2074 Cork
1554 2014 1669 2074 3658;
1704 2016 1843 2076 Danzig
1873 2011 2018 2071 18156;
2065 2015 2232 2075 Dundalk

1212 2061 1308 2121 120;
1331 2061 1456 2121 Elbing
1479 2064 1570 2124 504;
1593 2061 1718 2121 Emden
1747 2061 1837 2121 120;
1866 2061 2105 2121 Greifswalde
2123 2068 2230 2128 1384;

1212 2113 1386 2173 Hamburg
1410 2114 1549 2174 33311;
1579 2112 1689 2172 Husum
1736 2112 1829 2172 100;
1853 2114 1980 2174 Jrland
1998 2114 2143 2174 14632;
2167 2115 2230 2175 Kö=

1214 2167 1376 2227 nigsberg
1400 2166 1538 2226 10756;
1569 2166 1660 2226 Libau
1684 2163 1806 2223 1750;
1830 2163 1974 2223 Lissabon
2004 2166 2097 2226 100;
2126 2166 2241 2226 Livor¬

1221 2220 1257 2280 no
1282 2214 1374 2274 570;
1405 2220 1522 2280 Lübeck
1541 2220 1620 2280 5408
1639 2220 1651 2280 ½
1707 2217 1848 2277 Madera
1867 2216 1990 2276 4172;
2009 2217 2076 2277 St.
2095 2220 2218 2280 Martin

1369 2270 1668 2330 Mittelländischen
1713 2264 1784 2324 See
1812 2267 1911 2327 600;
1952 2267 2089 2327 Memel
2112 2270 2228 2330 1104;

1221 2318 1431 2378 Petersburg
1454 2321 1576 2381 1841;
1598 2318 1714 2378 Pillow
1754 2318 1875 2378 1420;
1898 2315 2020 2375 Reval
2037 2318 2131 2378 194;
2165 2318 2231 2378 Ni=

1216 2372 1250 2432 ga
1280 2369 1394 2429 3634;
1418 2366 1545 2426 Rostock
1569 2369 1661 2429 540;
1685 2368 1812 2428 Stettin
1847 2368 2015 2428 10287½/3
2038 2364 2217 2424 Stralsund

1214 2420 1332 2480 1446;
1361 2414 1559 2474 Westindien
1594 2420 1707 2480 1342;
1736 2417 1894 2477 Wismar
1918 2415 2031 2475 1074;
2066 2411 2218 2471 Wyburg

1209 2467 1310 2527 302;
1334 2464 1487 2524 Wolgast
1516 2467 1635 2527 8020;
1658 2467 1805 2527 Windaw
1851 2465 1941 2525 535;
1970 2461 2078 2521 Ostsee
2101 2462 2225 2522 3144;

1211 2513 1281 2573 St.
1303 2515 1416 2575 Hübes
1438 2515 1503 2575 56.
1530 2515 1633 2575 Ueber
1660 2518 1757 2578 dieses
1780 2515 1844 2575 sind
1872 2511 1925 2571 von
1953 2509 2017 2569 hier
2040 2509 2110 2569 nach
2143 2512 2223 2572 aus¬

1211 2566 1388 2626 ländtschen
1422 2563 1521 2623 Orten
1566 2567 1704 2627 121763
1738 2563 1876 2623 Kannen
1916 2559 2009 2619 Tran
2054 2562 2220 2622 versendet

1212 2617 1370 2677 worden.

1322 2665 1453 2725 Auszug
1490 2661 1574 2721 eines
1611 2661 1815 2721 Schreibens
1852 2658 1906 2718 aus
1943 2660 2111 2720 Venedig,

1581 2710 1636 2770 den
1675 2709 1735 2769 21.
1763 2706 1856 2766 Jan.

1261 2766 1318 2826 Da
1342 2763 1411 2823 man
1446 2760 1614 2820 auswärts
1644 2757 1718 2817 noch
1748 2757 1863 2817 immer
1898 2758 1974 2818 über
2003 2760 2055 2820 den
2084 2766 2222 2826 Tractat

1204 2816 1328 2876 allerley
1363 2811 1488 2871 Glossen
1517 2808 1648 2868 macht,
1672 2807 1802 2867 welchen
1832 2808 1922 2868 unsre
1946 2814 2140 2874 Regierung
2163 2814 2225 2874 mit

1213 2864 1261 2924 den
1293 2860 1508 2920 barbarischen
1539 2855 1767 2915 Seepotenzen
1799 2861 1977 2921 geschlossen
2003 2862 2082 2922 hat,
2113 2864 2143 2924 so
2175 2863 2223 2923 be¬

1216 2918 1354 2978 fremden
1385 2912 1444 2972 uns
1469 2912 1578 2972 hiebey
1615 2909 1699 2969 nicht
1724 2912 1850 2972 sowohl
1875 2916 1922 2976 die
1948 2915 2225 2975 Unwahrheiten,
