2479 3508
623 1597 1196 1698 25tes Stück. Freitag,
1212 1594 1770 1695 den 29. März, 1765.
530 1674 804 1760 Stutgard.
209 1718 1191 1809 "Schauplatz der Welt, oder merkwürdige Samm¬
158 1783 1183 1855 lung von See= und Landreisen, nebst einer Menge
168 1840 1191 1896 von Charten, und Kupfern von Meisterhänden.
158 1881 2235 1971 Aus dem Englischen übersetzt. Ersten Bandes erster wollen wir nur zugleich unsre Schwachheit gestehen,
163 1915 1160 1987 „Theil, 1764, 17 und 1 halber Bogen in 8vo.
163 1977 1176 2046 Dieses nützliche Werk, welches weniger weitläuftig
163 2033 1183 2111 und kostbar ist, als die allgemeine Reisen, die zu
158 2077 1181 2137 Göttingen herauskommen, verdient eine lobreiche
165 2126 1183 2196 Empfehlung. Es ist ohne unnöthige Weitläuftigkeit
163 2186 1181 2240 mit genauer Beybehaltung wesentlicher historischer
158 2219 1183 2300 Umstände abgefaßt. Der erste Theil liefert die
155 2328 1178 2403 Hauptabtheilungen in sich, welche theils die verschie
158 2374 1178 2436 denen 4 Seereisen des Columbus und seiner
160 2421 1189 2504 Brüder, theils die nach seinem Tode geschehene Ent¬
158 2462 1181 2542 deckungen, bis an die Feldzüge des Cortez bemer
163 2527 2219 2589 ken. Da ein vernünftiger Leser nicht eben die Ge= daß das Gold von Amerika ein zu geringer Preis
168 2573 1176 2638 schichte einer Reise allein wissen will, sondern auch
163 2630 1181 2685 die pragmatische und mit Reflexionen verbundene Er=
160 2674 1173 2741 zählart liebet, die uns mit dem Charakter des Volks
152 2726 1173 2788 mit der Kenntniß des menschlichen Herzens, und
155 2778 1178 2837 denen verschiedenen politischen Folgen solcher Entde
155 2824 1181 2886 ckungen bekannt machet: so wünschten wir, daß der
152 2868 2230 2961 Uebersetzer bey den folgenden Theilen sich mehr in aller Herzen anmerken. Zugleich aber findet man
1209 1667 2243 1760 diese Aussichten verbreiten möchte. Denn er schreibt
1217 1741 2235 1809 gar zu simpel, und windet den Faden der Geschichte
1204 1796 2240 1855 gar zu gemein zusammen, wobey dem Leser alles
1212 1837 2235 1904 selbst hinzu zu denken übrig gelaßen wird. Indessen
1207 1940 2230 1989 die uns bey dem Lesen der ersten Entdeckung von
1209 1982 2227 2041 Amerika angewandelt hat. Wir haben alle die Weh¬
1207 2028 2227 2095 muth eines Weltbuͤrgers empfunden, wenn wir dis
1207 2072 2227 2134 vorher unbekannte Land, als ein Opfer der Gewinn¬
1209 2134 2230 2191 sucht, und aller möglichen Grausamkeiten uns vor¬
1212 2178 2225 2248 stellten. Möchten doch diese glückliche Inseln ewig
1204 2227 2235 2300 verborgen geblieben seyn! wie ruhig wären alsdenn
168 2279 2235 2338 Entdeckung von Amerika, und begreift die zwo noch jene Nationen! Wie unbekannt mit unsern La¬
1204 2336 2230 2395 stern! wie rein in ihren wilden, aber doch für sie
1207 2377 2225 2447 selbst erträglichen Sitten! Hätte doch jener erste ver¬
1207 2442 2230 2501 wegner Schiffer alle die blutige Folgen voraus gese¬
1204 2478 2212 2540 hen, so würde er vielleicht wohl erwogen haben
1212 2573 2217 2641 für so viele Blutströme seiner getödteten Einwohner
1204 2628 2225 2692 sey, und daß das auf ihren Küsten erzeigte Metall
1201 2672 2225 2741 unser eignes Verderben befördert habe. Wenn man
1204 2728 2225 2796 zugleich sieht, wie begierig die Indianer die bösen
1207 2778 2219 2840 Sitten der Spanier nachgeahmet haben; so wird
1201 2829 2227 2902 man hieraus den Beweis einer innern Verderbniß
2126 2925 2232 2989 auch
