2479 3508
238 322 307 382 get,
337 318 383 378 die
407 318 586 378 öffentliche
604 318 785 378 Revenüen
815 318 843 378 zu
873 321 1087 381 vermehren,
1123 321 1267 381 weshal¬

242 365 298 425 ben
356 366 412 426 dem
490 366 577 426 Herr
624 369 898 429 Kroninstigator
950 372 1135 432 auferleget
1177 372 1265 432 wor¬

242 418 324 478 den,
356 415 418 475 alle
450 416 626 476 diejenigen
679 419 907 479 auszuladen,
954 422 1089 482 welche,
1132 422 1167 482 es
1215 421 1261 481 sey

247 467 308 527 aus
355 466 437 526 alter
485 467 733 527 Gewohnheit,
769 470 846 530 oder
894 470 966 530 auch
1018 470 1173 530 vermöge
1215 473 1266 533 der

251 515 414 575 habenden
458 515 717 575 Privilegien,
770 521 828 581 den
882 520 955 580 Zoll
987 521 1050 581 aus
1099 522 1151 582 den
1199 520 1278 580 Ne¬

252 566 484 626 benkammern
517 566 754 626 eingefordert,
776 569 812 629 um
855 569 971 629 selbige
998 570 1093 630 völlig
1120 571 1278 631 aufzuhe¬

256 615 335 675 ben,
357 616 541 676 diejenigen
573 616 647 676 aber
674 616 784 676 welche
811 616 863 676 zum
906 616 1022 676 Besten
1054 619 1107 679 des
1134 619 1270 679 Publici

255 664 311 724 und
343 664 426 724 ohne
463 664 682 724 Beschwerde
713 665 765 725 der
808 667 989 727 Kaufleute
1032 667 1099 727 seyn
1136 670 1281 730 können,

253 715 342 775 sollen
370 715 428 775 zum
465 712 582 772 Besten
614 715 667 775 des
694 715 922 775 Kronschatzes
954 718 1166 778 beybehalten
1199 717 1278 777 wer¬

255 765 332 825 den,
358 766 430 826 aber
457 764 565 824 welche
592 766 638 826 die
670 766 923 826 unumstößliche
955 769 1188 829 Gerechtsame
1220 769 1276 829 auf

257 813 455 873 dergleichen
484 813 676 873 Privatzoll
705 813 825 873 haben,
854 813 974 873 werden
1008 816 1107 876 dafür
1135 816 1267 876 jährlich

263 864 326 924 eine
348 864 475 924 gewisse
502 861 655 921 Summe
682 863 739 923 aus
767 864 819 924 dem
857 864 1052 924 Kronschatz
1079 864 1211 924 bezahlt
1233 862 1280 922 be¬

266 912 432 972 kommen.
481 912 627 972 Zufolge
649 912 745 972 diesem
789 912 826 972 ist
848 912 896 972 die
918 915 1032 975 Stadt
1059 915 1182 975 Cracau
1221 915 1274 975 auf

264 963 468 1023 inständiges
491 960 654 1020 Anhalten
684 960 734 1020 des
769 963 1097 1023 Kroninstigatoris,
1132 962 1284 1022 verschie¬

263 1012 356 1072 dener
386 1011 537 1071 Ursachen
577 1010 680 1070 wegen
720 1013 935 1073 vorgeladen,
965 1013 1185 1073 absonderlich
1220 1007 1283 1067 we¬

259 1062 311 1122 gen
344 1061 498 1121 caßirung
525 1061 577 1121 der
610 1061 811 1121 Befreyung
844 1061 902 1121 von
940 1061 1019 1121 allen
1051 1061 1184 1121 Zöllen,
1211 1057 1285 1117 wel¬

261 1110 314 1170 che
336 1109 465 1169 bishero
492 1108 540 1168 der
568 1109 831 1169 Schützenkönig
853 1109 1019 1169 genossen.
1069 1110 1116 1170 Es
1144 1109 1181 1169 ist
1203 1109 1273 1169 auch

263 1158 387 1218 bereits
421 1156 458 1216 am
506 1154 707 1214 verwichnen
750 1157 965 1217 Sonnabend
999 1157 1042 1217 ein
1076 1157 1204 1217 Decret
1234 1154 1286 1214 be¬

269 1207 424 1267 standen,
450 1201 606 1261 vermöge
632 1201 767 1261 welchen
809 1201 871 1261 das
902 1204 1073 1264 Brücken=
1094 1204 1291 1264 Steinbrü¬

260 1255 347 1315 cken-
363 1254 426 1314 und
452 1249 618 1309 Fuhrgeld
645 1249 878 1309 zugestanden,
915 1249 946 1309 da
977 1252 1091 1312 andere
1118 1252 1191 1312 aber
1217 1251 1289 1311 hin¬

455 1301 504 1361 die
549 1300 687 1360 bishero
727 1300 781 1360 der
827 1303 1115 1363 Schützenkönig,
1149 1303 1198 1363 als
1232 1303 1281 1363 die

266 1303 414 1363 gegen,

261 1354 418 1414 zollfreye
454 1351 605 1411 Einfuhr
641 1351 716 1411 aller
752 1351 926 1411 Waaren,
979 1357 1160 1417 besonders
1190 1357 1282 1417 derer

270 1406 473 1466 ungarischen
502 1403 644 1463 Weine,
667 1404 803 1464 gehabt,
837 1404 984 1464 wodurch
1013 1407 1063 1467 der
1087 1407 1284 1467 Kronschatz

268 1455 402 1515 jährlich
425 1455 462 1515 an
495 1455 549 1515 die
577 1455 716 1515 100000
755 1456 917 1516 polnische
950 1459 1080 1519 Gulden
1118 1458 1280 1518 verloren,

262 1505 288 1565 so
336 1503 420 1563 wird
453 1503 484 1563 er
533 1506 718 1566 nunmehro
751 1506 851 1566 davor
884 1506 1016 1566 jährlich
1054 1509 1123 1569 eine
1155 1509 1276 1569 gewisse

264 1557 420 1617 Summe
451 1554 509 1614 von
539 1554 661 1614 etlichen
691 1554 819 1614 tausend
849 1554 976 1614 Gulden
1006 1557 1065 1617 aus
1095 1557 1143 1617 den
1173 1555 1280 1615 Kron=

269 1604 361 1664 schatz
382 1602 588 1662 bekommen.
635 1602 707 1662 Auf
738 1602 831 1662 dieser
857 1604 1068 1664 Commißion
1100 1602 1198 1662 haben
1224 1602 1275 1662 sich

268 1651 337 1711 auch
368 1646 484 1706 bereits
514 1646 559 1706 die
590 1646 746 1706 Aeltesten
782 1646 836 1706 der
868 1646 1094 1706 Judenschaft
1114 1646 1285 1706 eingefun¬

264 1697 344 1757 den,
369 1694 502 1754 welchen
536 1691 731 1751 angedeutet
761 1691 913 1751 worden,
937 1691 989 1751 den
1033 1694 1166 1754 Modum
1210 1693 1286 1753 con¬

265 1745 444 1805 tribuendi
466 1739 555 1799 unter
587 1739 634 1799 sich
661 1736 824 1796 schriftlich
856 1739 887 1799 zu
920 1739 1125 1799 entwerffen,
1152 1741 1199 1801 der
1221 1739 1283 1799 bis¬

273 1795 348 1855 hero
370 1792 445 1852 aber
473 1790 575 1850 üblich
608 1788 764 1848 gewesene
786 1787 921 1847 jüdische
954 1790 1131 1850 Reichstag
1154 1790 1191 1850 ist
1213 1789 1288 1849 auf¬

270 1843 435 1903 gehoben.
489 1840 547 1900 Da
583 1840 635 1900 das
671 1840 948 1900 Kronhofgericht
978 1840 1030 1900 den
1067 1843 1148 1903 1sten
1185 1843 1272 1903 May

276 1897 373 1957 seinen
409 1891 541 1951 Anfang
566 1892 698 1952 nehmen
728 1893 832 1953 wird,
856 1894 884 1954 so
914 1894 948 1954 ist
972 1894 1024 1954 dem
1071 1893 1209 1953 Publico
1239 1894 1284 1954 be=

275 1948 371 2008 kandt
393 1945 555 2005 gemacht,
572 1942 630 2002 wie
653 1942 706 2002 von
744 1945 803 2005 nun
841 1943 879 2003 an
906 1945 922 2005 7
960 1948 1111 2008 Register
1133 1948 1165 2008 zu
1203 1942 1283 2002 Ein¬

271 1998 453 2058 schreibung
482 1996 566 2056 derer
589 1993 737 2053 Processe
760 1995 822 2055 seyn
857 1993 1004 2053 werden,
1028 1997 1072 2057 1)
1084 1996 1164 2056 Das
1187 1998 1288 2058 Mag¬

274 2048 478 2108 deburgische
501 2046 649 2106 Register
672 2043 727 2103 vor
756 2045 810 2105 alle
844 2046 977 2106 Städte
1000 2044 1027 2104 in
1066 2048 1193 2108 Polen.
1244 2049 1287 2109 2)

273 2097 355 2157 Das
378 2097 577 2157 Preußische
599 2097 749 2157 Register
777 2096 827 2156 für
850 2096 899 2156 die
927 2094 1109 2154 preußische
1144 2096 1287 2156 Städte.

274 2152 318 2212 3)
346 2143 423 2203 Das
457 2145 633 2205 Registrum
673 2142 766 2202 Fisci,
794 2142 816 2202 in
850 2142 982 2202 Sachen
1011 2145 1121 2205 welche
1143 2142 1193 2202 die
1210 2142 1292 2202 Pri¬

274 2194 394 2254 pilegia
425 2190 485 2250 und
526 2190 676 2250 Grenzen
712 2190 767 2250 der
793 2190 923 2250 Städte
964 2193 1024 2253 mit
1060 2192 1110 2252 der
1146 2190 1286 2250 Königl.

273 2241 378 2301 geistl.
400 2237 463 2297 und
490 2237 643 2297 adelichen
675 2236 802 2296 Gütern
829 2237 997 2297 angehen.
1046 2240 1087 2300 4)
1114 2237 1193 2297 Das
1220 2232 1283 2292 Re¬

270 2288 393 2348 gistrum
444 2285 657 2345 expulsionum
707 2285 930 2345 evocationum
980 2285 1010 2345 et
1040 2285 1268 2345 miserabilium

277 2337 508 2397 personarum.
574 2339 620 2399 5)
639 2333 721 2393 Das
752 2336 965 2396 liefländische
995 2336 1167 2396 Register.
1238 2333 1285 2393 6)

273 2392 352 2452 Das
379 2385 554 2445 Registrum
603 2381 863 2441 incarceratorum
922 2384 948 2444 et
976 2387 1124 2447 causarum
1173 2384 1289 2444 crimi¬

274 2440 422 2500 nalium.
480 2438 525 2498 7)
554 2432 726 2492 Registrum
778 2435 1007 2495 colonarium.
1053 2433 1127 2493 Die
1156 2435 1287 2495 bishero

275 2491 377 2551 üblich
421 2486 583 2546 gewesene
616 2482 719 2542 aresta
752 2482 903 2542 causarum
963 2485 1027 2545 sind
1066 2485 1293 2545 aufgehoben.

279 2542 339 2602 Zum
384 2539 599 2599 Präsidenten
639 2535 693 2595 des
722 2533 1004 2593 Großpolnischen
1038 2536 1225 2596 Tribunals
1254 2533 1281 2593 in

277 2591 464 2651 Peterkau,
487 2588 525 2648 ist
553 2589 602 2649 der
620 2587 708 2647 Herr
726 2584 924 2644 Szembeck,
947 2587 1074 2647 Probst
1092 2586 1146 2646 von
1180 2584 1296 2644 Plock,

277 2640 333 2700 und
362 2639 413 2699 zum
459 2640 641 2700 Marschall
670 2638 721 2698 der
739 2636 824 2696 Herr
853 2635 1098 2695 Mielozynski,
1122 2635 1286 2695 Castellan

275 2688 336 2748 von
364 2685 496 2745 Posen;
536 2686 591 2746 zum
637 2686 852 2746 Präsidenten
886 2685 1042 2745 hingegen
1076 2685 1125 2745 des
1153 2684 1297 2744 Nieder¬

279 2735 455 2795 polnischen
489 2733 676 2793 Tribunals
700 2736 727 2796 in
755 2736 893 2796 Lublin,
916 2736 954 2796 ist
977 2736 1026 2796 der
1049 2736 1132 2796 Herr
1160 2733 1298 2793 Krasni¬

277 2786 338 2846 cki,
362 2781 559 2841 Canonicus
583 2784 639 2844 von
668 2787 832 2847 Gniesen,
861 2787 923 2847 und
946 2787 1002 2847 zum
1043 2785 1229 2845 Marschall
1241 2781 1291 2841 der

279 2835 372 2895 Graf
401 2832 533 2892 Cetner,
556 2832 722 2892 Woywod
745 2838 800 2898 von
828 2840 938 2900 Beltz,
967 2836 1127 2896 erwehlet
1150 2833 1299 2893 worden.

332 2885 467 2945 Auszug
525 2882 615 2942 eines
673 2885 885 2945 Schreibens
944 2888 1008 2948 aus
1060 2886 1239 2946 Danzig

648 2930 703 2990 vom
753 2936 819 2996 22.
847 2937 946 2997 Febr.

333 2987 404 3047 Sie
427 2984 598 3044 verlangen
626 2984 863 3044 Nachrichten,
886 2987 940 3047 von
974 2987 1023 3047 den
1046 2987 1200 3047 critischen
1228 2984 1299 3044 Um=

1307 324 1431 384 ständen
1458 327 1571 387 unsrer
1593 325 1722 385 Stadt,
1745 327 1771 387 in
1799 327 1912 387 welche
1928 327 2058 387 dieselbe
2080 325 2128 385 der
2150 327 2306 387 gemeinen

1312 372 1408 432 Sage
1431 374 1501 434 nach
1528 374 1658 434 versetzt
1680 374 1739 434 ist;
1767 377 1848 437 Hier
1881 377 1978 437 haben
2011 374 2081 434 Sie
2103 373 2157 433 das
2185 374 2325 434 neueste,

1305 423 1437 483 welches
1464 425 1584 485 wichtig
1617 422 1716 482 genug
1743 423 1800 483 ist,
1822 424 1858 484 um
1901 428 1953 488 das
1975 425 2159 485 geschehene
2181 422 2207 482 zu
2234 425 2323 485 über¬

1306 473 1426 533 gehen.
1481 473 1563 533 Mit
1580 473 1721 533 letzterem
1759 473 1917 533 Posttage
1951 476 2065 536 erhielt
2093 474 2185 534 unser
2213 473 2332 533 Magi¬

1316 524 1389 584 strat
1406 524 1453 584 die
1475 524 1660 584 erfreuliche
1688 521 1862 581 Nachricht
1884 526 1942 586 aus
1969 527 2165 587 Warschau,
2193 524 2245 584 daß
2278 524 2325 584 die

1306 574 1482 634 Vorrechte
1518 572 1580 632 und
1612 569 1798 629 Freiheiten
1845 572 1974 632 unserer
2011 575 2125 635 Stadt
2156 573 2213 633 von
2250 572 2322 632 Sr.

1316 621 1409 681 Maj.
1432 625 1481 685 dem
1537 620 1681 680 Könige,
1715 616 1797 676 ohne
1826 619 1903 679 allen
1937 621 2124 681 Vorbéhalt
2153 623 2318 683 bestätiget

1313 673 1462 733 worden,
1492 671 1543 731 das
1573 669 1694 729 einzige
1723 665 1937 725 Privilegium
1990 673 2093 733 wegen
2129 673 2180 733 der
2198 673 2319 733 Zulage

1312 721 1597 781 ausgenommen,
1619 716 1772 776 worüber
1794 715 1862 775 man
1894 715 1942 775 sich
1969 718 2021 778 bey
2048 721 2138 781 Hofe
2154 724 2217 784 noch
2239 722 2323 782 nicht

1316 769 1442 829 günstig
1465 770 1565 830 genug
1593 769 1732 829 erkläret
1754 766 1826 826 hat,
1849 764 1959 824 obwol
1982 767 2031 827 die
2060 769 2220 829 gnädigen
2254 769 2326 829 Ge¬

1313 816 1489 876 sinnungen
1518 816 1592 876 Sr.
1615 816 1711 876 Maj.
1729 813 1779 873 des
1808 816 1956 876 Königs,
1991 813 2104 873 unsern
2139 819 2314 879 Wünschen

1321 865 1375 925 und
1402 864 1603 924 Hofnungen
1636 864 1706 924 auch
1733 864 1831 924 hierin
1864 864 1890 924 zu
1918 865 2026 925 statten
2060 867 2222 927 kommen.
2249 870 2324 930 Der

1323 912 1449 972 König,
1473 912 1565 972 unser
1584 912 1849 972 allergnädigster
1873 915 1976 975 Herr,
1989 915 2040 975 hat
2064 917 2110 977 sich
2134 918 2208 978 auch
2226 918 2329 978 erklä¬

1312 963 1388 1023 ret,
1411 961 1465 1021 daß
1499 960 1570 1020 Se.
1599 960 1698 1020 Maj.
1715 963 1869 1023 gesonnen
1897 966 1985 1026 seyn,
2020 966 2047 1026 im
2097 966 2223 1026 Monat
2257 966 2328 1026 Au¬

1322 1010 1389 1070 gust
1407 1007 1457 1067 zur
1486 1010 1553 1070 Zeit
1576 1010 1626 1070 des
1649 1012 1892 1072 Jahrmarkts,
1927 1016 2023 1076 unsre
2046 1016 2158 1076 Stadt
2176 1016 2237 1076 mit
2255 1014 2328 1074 De¬

1318 1058 1351 1118 ro
1373 1058 1511 1118 höchsten
1539 1061 1749 1121 Gegenwart
1766 1062 1799 1122 zu
1827 1064 1981 1124 beehren.
2010 1067 2081 1127 Vor
2104 1067 2153 1127 der
2176 1064 2324 1124 Ankunft

1317 1109 1417 1169 dieses
1444 1109 1539 1169 hohen
1571 1112 1708 1172 Gastes,
1735 1112 1856 1172 werden
1888 1115 1936 1175 sich
1968 1118 2046 1178 viele
2068 1118 2163 1178 andre
2190 1117 2242 1177 von
2269 1115 2316 1175 den

1315 1157 1541 1217 vornehmsten
1568 1161 1660 1221 poln.
1687 1163 1908 1223 Herrschaften
1945 1166 2058 1226 hieher
2090 1169 2244 1229 begeben,
2271 1168 2332 1228 un¬

1315 1205 1364 1265 ter
1385 1207 1481 1267 denen
1511 1207 1581 1267 man
1613 1207 1754 1267 ehestens
1789 1210 1844 1270 den
1875 1211 1971 1271 Fürst
2001 1213 2087 1273 Adam
2133 1216 2329 1276 Czartorys¬

1317 1256 1361 1316 ki,
1387 1258 1558 1318 erwartet.
1604 1255 1795 1315 Unfehlbar
1831 1258 1901 1318 aber
1942 1261 2123 1321 befremden
2169 1261 2239 1321 Sie
2280 1261 2329 1321 die

1319 1309 1539 1369 kriegerischen
1580 1309 1766 1369 Anstalten,
1790 1309 1908 1369 (wenn
1937 1309 2005 1369 man
2039 1310 2090 1370 sich
2119 1309 2215 1369 dieses
2244 1310 2334 1370 Aus¬

1319 1363 1421 1423 drucks
1450 1365 1598 1425 bedienen
1628 1363 1736 1423 darf,)
1766 1363 1851 1423 wozu
1880 1363 1948 1423 man
1977 1365 2069 1425 unsre
2086 1363 2218 1423 hiesigen
2241 1360 2337 1420 Bür¬

1321 1417 1373 1477 ger
1406 1414 1633 1474 aufgefordert
1660 1413 1733 1473 hat.
1787 1413 1930 1473 Danzig
1962 1415 2036 1475 muß
2068 1414 2226 1474 entweder
2264 1412 2322 1472 von

1321 1461 1494 1521 Rußischer
1528 1464 1603 1524 oder
1631 1464 1848 1524 Preußischer
1875 1464 1978 1524 Seite
2001 1464 2103 1524 etwas
2126 1464 2158 1524 zu
2185 1464 2331 1524 befürch¬

1318 1512 1365 1572 ten
1397 1512 1524 1572 haben:
1556 1512 1666 1572 Nicht
1693 1513 1809 1573 wahr,
1831 1513 1862 1573 so
1889 1514 2042 1574 schliessen
2079 1513 2148 1573 Sie
2180 1512 2238 1572 und
2270 1512 2333 1572 mit

1329 1560 1437 1620 Ihnen
1474 1560 1520 1620 die
1552 1560 1769 1620 benachbarte
1796 1560 1904 1620 Welt.

1978 1563 2135 1623 Dagegen
2174 1562 2250 1622 kann
2283 1563 2326 1623 ich

1322 1609 1437 1669 Ihnen
1466 1605 1658 1665 versichern,
1683 1607 1740 1667 daß
1770 1605 1875 1665 weder
1905 1608 1962 1668 das
1996 1608 2063 1668 eine
2092 1610 2164 1670 noch
2194 1609 2251 1669 das
2285 1608 2342 1668 an¬

1322 1654 1393 1714 dere
1418 1649 1475 1709 uns
1504 1649 1682 1709 kriegerisch
1711 1651 1769 1711 und
1798 1652 1932 1712 wachsam
1976 1655 2110 1715 machet.
2139 1655 2211 1715 Die
2226 1655 2336 1715 Stadt

1331 1699 1383 1759 hat
1405 1697 1462 1757 von
1489 1697 1605 1757 beyden
1632 1697 1733 1757 hohen
1765 1699 1892 1759 Höfen,
1919 1701 1966 1761 die
1988 1703 2242 1763 zuverläßigsten
2269 1703 2326 1763 und

1328 1745 1621 1805 vortheilhaftesten
1666 1748 1982 1808 Versicherungen,
2027 1751 2087 1811 daß
2122 1754 2254 1814 Danzig
2288 1755 2315 1815 im

1327 1796 1413 1856 Falle
1446 1796 1494 1856 der
1527 1796 1694 1856 mindesten
1738 1799 1920 1859 Kränkung
1953 1802 2039 1862 ihrer
2072 1805 2217 1865 Rechte,
2256 1805 2331 1865 solle

1322 1849 1505 1909 geschützet,
1530 1847 1606 1907 aber
1625 1849 1689 1909 nich
1732 1851 1790 1911 mit
1815 1852 1951 1912 fremden
1981 1854 2105 1914 Waffen
2129 1857 2324 1917 angegriffen

1324 1900 1473 1960 werden.
1518 1900 1644 1960 Unsere
1667 1903 1799 1963 Bürger
1821 1906 1926 1966 ziehen
1954 1906 2014 1966 also
2048 1908 2108 1968 auf
2131 1907 2180 1967 die
2208 1908 2335 1968 Wälle,

1324 1954 1413 2014 nicht
1444 1954 1545 2014 etwa,
1571 1954 1701 2014 welches
1732 1956 1893 2016 lacherlich
1929 1954 2035 2014 wäre,
2056 1957 2155 2017 wider
2187 1957 2237 2017 die
2262 1955 2327 2015 400

1333 2005 1435 2065 Mann
1474 2002 1619 2062 Russen,
1652 2002 1700 2062 die
1728 2002 1851 2062 Wasfen
1890 2002 1922 2062 zu
1955 2005 2133 2065 ergreifen,
2166 2005 2278 2065 welche
2301 2004 2327 2064 in

1329 2055 1376 2115 die
1398 2054 1515 2114 hiesige
1547 2049 1749 2109 Ländereyen
1787 2050 1972 2110 gekommen
2011 2052 2089 2112 sind,
2117 2053 2186 2113 ihre
2218 2050 2345 2110 Maga¬

1323 2103 1396 2163 zine
1421 2103 1450 2163 zu
1480 2097 1671 2157 verzehren,
1696 2097 1823 2157 sondern
1863 2097 1897 2157 um
1942 2100 1975 2160 zu
2000 2100 2127 2160 zeigen,
2158 2100 2216 2160 daß
2246 2100 2334 2160 treue

1331 2146 1387 2206 und
1413 2148 1588 2208 wachsame
1620 2145 1774 2205 Bürger,
1801 2145 1867 2205 auch
1899 2145 1955 2205 zur
1976 2148 2048 2208 Zeit
2075 2148 2131 2208 des
2162 2149 2337 2209 Friedens,

1331 2196 1579 2256 Winternächte
1597 2194 1742 2254 schlaflos
1772 2196 1835 2256 und
1870 2199 2027 2259 männlich
2062 2199 2241 2259 zubringen
2271 2202 2339 2262 kön¬

1319 2245 1407 2305 nen.

1636 2360 2027 2420 AVERTISSEMENT.

1375 2410 1452 2470 Bey
1486 2411 1541 2471 dem
1586 2414 1746 2474 Verleger
1781 2414 1874 2474 dieser
1902 2417 2041 2477 Zeitung
2069 2417 2107 2477 ist
2141 2415 2174 2475 zu
2208 2414 2341 2474 haben:

1327 2464 1374 2524 D.
1391 2463 1523 2523 Daniel
1545 2461 1693 2521 Heinrich
1726 2464 1875 2524 Arnoldt
1902 2464 2189 2524 Anfangsgründe
2222 2464 2274 2524 der
2296 2461 2349 2521 ho¬

1333 2515 1517 2575 miletischen
1555 2515 1884 2575 Gottesgelahrtheit
1921 2515 1977 2575 zum
2024 2515 2199 2575 Gebrauch
2236 2512 2338 2572 seiner

1334 2566 1496 2626 Zuhörer,
1514 2566 1554 2626 8,
1578 2566 1688 2626 Leipz.
1706 2567 1769 2627 und
1793 2566 2001 2626 Königsberg
2031 2563 2141 2623 1765,
2165 2563 2182 2623 1
2205 2563 2240 2623 fl.
2258 2563 2269 2623 6
2293 2563 2344 2623 gr.

1331 2617 1391 2677 W.
1413 2615 1457 2675 E.
1474 2616 1628 2676 Stölzels
1656 2617 1700 2677 die
1722 2617 2020 2677 Nothwendigkeit
2048 2611 2130 2671 eines
2164 2611 2329 2671 zärtlichen

1334 2664 1482 2724 Gefühls
1516 2664 1543 2724 im
1588 2667 1853 2727 Christenthum,
1882 2664 1947 2724 eine
1976 2661 2141 2721 Predigt,
2170 2661 2208 2721 8,
2236 2661 2252 2721 6
2291 2661 2346 2721 gr.

1336 2718 1459 2778 Heinr.
1471 2717 1551 2777 Chr.
1562 2716 1675 2776 Nebel
1692 2718 1751 2778 das
1773 2714 1886 2774 theure
1908 2709 2118 2769 Abendmahl
2135 2709 2182 2769 des
2205 2702 2344 2762 HErrn,

1330 2772 1367 2832 8,
1390 2769 1471 2829 Frf.
1487 2771 1579 2831 764.
1606 2770 1622 2830 3
1650 2769 1687 2829 fl.
1736 2766 1780 2826 Le
1807 2763 1904 2823 jeune
1932 2760 2072 2820 grecque
2095 2760 2273 2820 Comœedie
2306 2761 2338 2821 en

1330 2817 1414 2877 trois
1436 2817 1537 2877 actes,
1559 2820 1600 2880 8,
1622 2817 1717 2877 Wien
1745 2817 1829 2877 764,
1856 2812 1898 2872 15
1920 2811 1972 2871 gr.

1330 2903 1421 2963 Diese
1444 2900 1585 2960 Gelehrte
1607 2899 1662 2959 und
1684 2897 1847 2957 Politische
1869 2891 1994 2951 Zeitung
2022 2891 2093 2951 wird
2115 2891 2163 2951 des
2191 2896 2343 2956 Montag=

1448 2943 1503 3003 und
1527 2943 1676 3003 Freytags
1700 2936 1900 2996 Vormittags
1924 2933 1956 2993 um
1993 2933 2021 2993 30
2049 2936 2105 2996 Uhr
2129 2936 2147 2996 in
2175 2936 2221 2996 dem

1523 2990 1719 3050 Kanterschen
1750 2982 1922 3042 Buchladen
1953 2981 2160 3041 ausgegeben.
