2479 3508
269 336 340 396 Bey
371 336 419 396 dem
462 339 541 399 allen
578 339 650 399 aber
668 342 795 402 gesteht
814 342 844 402 er
863 341 935 401 doch
966 342 1038 402 ein,
1069 340 1123 400 daß
1148 339 1244 399 man¬

217 387 284 447 ches
325 386 352 446 in
393 388 489 448 denen
524 391 631 451 Zeiten
671 391 762 451 einer
791 389 1029 449 Verbesserung
1069 389 1239 449 benöthigt

219 437 294 497 sey,
322 437 381 497 und
409 434 484 494 wird
512 440 582 500 auch
610 440 658 500 die
680 442 902 502 Möglichkeit
919 440 1065 500 desselben
1093 440 1233 500 niemals

213 485 378 545 läugnen.
430 485 481 545 Er
499 488 663 548 verhüllet
681 491 733 551 sich
756 491 784 551 in
813 491 881 551 eine
910 491 1104 551 demüthige
1127 488 1246 548 Dank¬

214 534 364 594 barkeit,
392 536 453 596 und
481 538 565 598 das,
594 542 660 602 was
688 542 716 602 er
739 542 821 602 schon
850 539 1023 599 genießet,
1051 541 1112 601 und
1141 539 1246 599 fodert

229 586 280 646 nie
315 586 344 646 zu
379 586 535 646 strenge,
576 594 674 654 das,
709 593 784 653 was
819 592 871 652 ihm
923 589 1143 649 gegenwärtig
1178 585 1253 645 ver¬

228 635 297 695 sagt
323 634 430 694 wird.

281 710 387 770 Frägt
411 714 476 774 man
512 715 582 775 aber
601 715 647 775 die
666 718 843 778 Vernunft
861 715 949 775 allein
980 712 1056 772 über
1081 712 1157 772 diese
1181 709 1251 769 dor¬

231 759 321 819 nigte
344 766 515 826 Materie:
544 763 571 823 so
595 766 702 826 macht
725 766 764 826 sie
793 766 917 826 freylich
952 763 1082 823 allerley
1112 760 1235 820 Notata

233 810 280 870 die
307 810 354 870 dem
398 813 656 873 Finanzwesen,
679 813 731 873 der
753 813 981 873 Oekonomie,
1013 812 1070 872 und
1103 809 1150 869 dem
1193 807 1256 867 sitt¬

220 860 312 920 lichen
346 864 526 924 Verhalten
560 863 608 923 der
636 861 806 921 Menschen
839 864 943 924 gewiß
971 861 1058 921 keine
1086 858 1255 918 angeneh=

227 910 278 970 me
304 912 479 972 Kützelung
505 915 660 975 erregen.
707 912 783 972 Sie
805 915 892 975 redet
913 912 1046 972 alsdenn
1078 909 1165 969 nicht
1186 909 1237 969 von

228 963 382 1023 einzelnen
420 963 601 1023 Ländern,
639 963 772 1023 sondern
815 964 852 1024 sie
890 965 985 1025 denkt
1018 960 1071 1020 ins
1109 958 1252 1018 Ganze.

231 1010 311 1070 Aber
339 1011 442 1071 eben,
464 1010 545 1070 weil
562 1013 600 1073 sie
622 1013 790 1073 allgemein
817 1011 937 1071 denkt,
964 1012 1029 1072 und
1057 1007 1127 1067 doch
1165 1007 1251 1067 nicht

231 1061 308 1121 alles
331 1061 496 1121 uͤbersehen
524 1063 630 1123 kann:
658 1064 685 1124 so
708 1062 851 1122 verhuͤllt
874 1061 912 1121 sie
930 1063 979 1123 sich
1007 1059 1117 1119 zuletzt
1135 1058 1162 1118 in
1190 1055 1245 1115 das

225 1109 406 1169 sokratische
433 1109 743 1169 Denksprüchlein:
765 1112 829 1172 Ich
861 1109 941 1169 weis
968 1106 1074 1166 nicht!
1102 1108 1149 1168 Um
1187 1106 1245 1166 das

233 1157 463 1217 abzuwägen,
489 1157 553 1217 was
584 1157 609 1217 zu
639 1157 689 1217 der
715 1157 810 1217 Güte
831 1157 881 1217 der
906 1157 1006 1217 Zeiten
1047 1157 1107 1217 und
1137 1157 1167 1217 zu
1203 1154 1252 1214 ih¬

230 1205 284 1265 rer
309 1204 548 1264 Verbesserung
579 1204 686 1264 nöthig
711 1204 819 1264 wäre,
839 1204 986 1264 brauchte
1011 1204 1079 1264 man
1109 1201 1177 1261 eine
1202 1201 1260 1261 un¬

229 1255 368 1315 endliche
395 1252 550 1312 Freyheit
572 1252 623 1312 von
655 1252 893 1312 eigennützigen
925 1250 1059 1310 Affekten
1096 1249 1111 1309 —

1179 1249 1252 1309 eine

231 1302 305 1362 eben
332 1303 358 1363 so
390 1301 486 1361 große
507 1300 778 1360 Staatseinsicht
805 1302 831 1362 in
869 1303 921 1363 das
948 1300 1139 1360 Vermögen
1177 1300 1250 1360 aller

237 1351 530 1411 Landesprodukte
566 1348 581 1408 -

646 1354 712 1414 und
746 1354 773 1414 in
818 1351 867 1411 die
901 1354 1123 1414 Möglichkeit
1162 1354 1250 1414 derer

237 1404 381 1464 Mittel,
410 1404 554 1464 wodurch
582 1404 659 1464 allen
688 1404 749 1464 piis
766 1404 932 1464 desideriis
955 1406 1144 1466 abgeholfen
1178 1404 1261 1464 wer=

235 1453 286 1513 den
310 1458 444 1518 könnte.
491 1458 566 1518 Und
590 1456 653 1516 wer
677 1455 781 1515 besitzt
799 1456 880 1516 diese
898 1458 1142 1518 Fähigkeiten?
1172 1455 1258 1515 Viel

233 1506 365 1566 richtige
387 1506 576 1566 moralische
598 1506 741 1566 Urtheile
773 1505 852 1565 über
879 1506 968 1566 das,
995 1508 1069 1568 was
1101 1506 1132 1566 zu
1164 1506 1243 1566 allen

229 1557 337 1617 Zeiten
367 1554 604 1614 nothwendig,
639 1554 712 1614 oder
743 1551 935 1611 entbehrlich
970 1554 1033 1614 ist,
1063 1552 1152 1612 lernt
1177 1551 1246 1611 man

234 1602 378 1662 ohnedem
425 1602 507 1662 nicht
528 1602 584 1662 auf
606 1601 657 1661 der
678 1602 936 1662 Studierstube.
988 1602 1060 1662 Und
1092 1602 1153 1662 wem
1200 1600 1256 1660 soll

232 1652 306 1712 man
336 1649 473 1709 darüber
499 1647 681 1707 befragen?

291 1719 364 1779 Wir
393 1721 500 1781 wollen
530 1721 682 1781 hierüber
706 1720 750 1780 ein
780 1721 898 1781 artiges
927 1721 1097 1781 Concilium
1138 1718 1262 1778 zusam¬

231 1772 471 1832 menberufen.
527 1769 605 1829 Der
640 1769 778 1829 Bischof
801 1772 868 1832 mit
897 1772 946 1832 dem
997 1772 1092 1832 dicken
1132 1770 1265 1830 hochge¬

231 1819 366 1879 wölbten
399 1819 513 1879 Bauch
541 1819 611 1879 mag
639 1819 692 1879 das
721 1819 900 1879 Präsidium
938 1822 1025 1882 darin
1058 1820 1166 1880 führen

239 1867 328 1927 Sein
359 1867 504 1927 magerer
530 1866 645 1926 Küster
671 1866 751 1926 steht
777 1867 882 1927 hinter
912 1867 1012 1927 seinem
1063 1867 1178 1927 Stuhl

232 1920 293 1980 und
322 1918 401 1978 hat,
430 1918 521 1978 wenn
550 1916 577 1976 es
607 1917 663 1977 auf
686 1917 731 1977 die
754 1920 856 1980 Frage
885 1918 941 1978 von
976 1921 1157 1981 schlimmen
1186 1915 1259 1975 Zei¬

225 1969 274 2029 ten
302 1969 497 2029 ankommt,
520 1969 547 2029 in
581 1969 681 2029 diesem
726 1969 893 2029 würdigen
927 1972 1065 2032 Collegio
1100 1972 1172 2032 eben
1211 1970 1261 2030 so¬

235 2020 325 2080 wohl
354 2020 444 2080 Sitz
467 2022 529 2082 und
570 2023 751 2083 Stimme,
786 2022 836 2082 als
877 2020 967 2080 Ihro
1002 2023 1257 2083 Hochwürden.

229 2070 304 2130 Der
330 2067 557 2127 Staatsmann
588 2070 669 2130 wird
695 2072 765 2132 auch
791 2069 831 2129 ein
862 2070 962 2130 Wort
983 2070 1033 2130 der
1054 2073 1246 2133 Erweckung

237 2121 361 2181 reden,
383 2118 492 2178 dasern
530 2118 579 2178 ihn
617 2118 671 2178 der
698 2118 839 2178 Bischof
867 2119 953 2179 nicht
976 2119 1181 2179 überschreyt
1209 2115 1219 2175 -

240 2166 314 2226 Der
345 2163 506 2223 politische
537 2166 794 2226 Kannengießer
820 2166 895 2226 mag
926 2167 1102 2227 gleichfalls
1133 2166 1258 2226 vortre¬

230 2217 279 2277 ten
324 2214 338 2274 —
408 2214 481 2274 Vom
536 2214 776 2274 Comödianten
816 2211 865 2271 bis
900 2212 958 2272 zum
1008 2217 1219 2277 Harlekin-

242 2267 308 2327 Und
340 2264 396 2324 vom
438 2264 633 2324 Kaufmann
670 2261 716 2321 bis
747 2263 804 2323 zum
841 2263 1067 2323 Trödelweibe
1099 2261 1108 2321 —
1171 2261 1247 2321 alles

236 2317 316 2377 wird
343 2316 444 2376 etwas
466 2315 589 2375 sagen,
611 2312 711 2372 worin
744 2312 792 2372 die
814 2312 919 2372 Zeiten
958 2312 1005 2372 sich
1043 2312 1155 2372 bessern
1193 2312 1267 2372 soll¬

231 2368 307 2428 ten.
367 2363 442 2423 Der
475 2363 615 2423 Bischof
643 2360 718 2420 wird
752 2363 828 2423 über
861 2363 996 2423 schaalen
1034 2363 1256 2423 Rheinwein,

240 2420 296 2480 und
323 2417 593 2477 unverdaulichen
624 2414 775 2474 Magen,
791 2413 853 2473 und
879 2413 925 2473 der
952 2414 1066 2474 Küster
1092 2411 1170 2471 über
1191 2410 1258 2470 ma¬

238 2468 294 2528 gre
315 2467 526 2527 Bratwürste
558 2464 691 2524 klagen.
728 2461 743 2521 —
806 2461 883 2521 Der
909 2464 1140 2524 Staatsmann
1172 2461 1249 2521 wird

240 2515 309 2575 eine
337 2518 456 2578 Zulage
494 2517 527 2577 zu
565 2516 667 2576 seinem
717 2512 847 2572 Gehalt
880 2515 1080 2575 wünschen,
1102 2512 1167 2572 und
1200 2512 1253 2572 der

239 2566 497 2626 Kannengießer
523 2567 601 2627 wird
627 2566 658 2626 es
679 2566 756 2626 ewig
783 2563 943 2623 bereuen,
979 2565 1035 2625 daß
1067 2563 1113 2623 die
1140 2561 1263 2621 Engel¬

235 2614 352 2674 länder
385 2614 448 2674 mit
482 2617 674 2677 Frankreich
717 2617 856 2677 Frieden
900 2614 1050 2674 gemacht
1077 2611 1178 2671 haben

236 2662 349 2722 Kurz:
376 2661 427 2721 die
443 2662 593 2722 Summe
614 2664 696 2724 ihrer
717 2664 945 2724 Forderungen
972 2664 1049 2724 wird
1075 2664 1101 2724 in
1132 2661 1256 2721 unend¬

230 2711 304 2771 liche
331 2711 463 2771 Brüche
486 2711 661 2771 verfallen,
688 2714 752 2774 und
780 2715 832 2775 das
859 2712 1041 2772 Protokoll
1057 2713 1152 2773 dieser
1174 2712 1254 2772 Ver¬

232 2760 417 2820 sammlung
444 2760 549 2820 würde
577 2757 640 2817 eine
662 2764 868 2824 Dissertation
900 2766 953 2826 von
981 2763 1107 2823 etlichen
1129 2760 1256 2820 Alpha¬

236 2813 323 2873 beten
349 2808 493 2868 werden.
530 2806 606 2866 Wir
633 2811 741 2871 wollen
767 2814 828 2874 also
855 2814 911 2874 das
937 2814 1148 2874 ehrwürdige
1169 2811 1251 2871 Con¬

231 2863 328 2923 eilium
367 2858 612 2918 heimschicken,
639 2862 698 2922 und
732 2864 791 2924 uns
825 2864 917 2924 unter
950 2866 1015 2926 vier
1043 2865 1157 2925 Augen
1190 2863 1254 2923 mit

235 2915 345 2975 unsern
369 2915 474 2975 Lesern
503 2914 666 2974 erbauen.

1324 333 1414 393 Dies
1449 337 1528 397 wird
1563 340 1677 400 endlich
1712 339 1808 399 wohl
1838 344 1877 404 ein
1917 342 2123 402 gründliches
2152 342 2305 402 Resultat

1286 386 1380 446 seyn,
1407 388 1539 448 welches
1566 389 1655 449 durch
1682 389 1740 449 kein
1772 391 1962 451 Responsum
2005 393 2078 453 aller
2105 394 2168 454 vier
2190 395 2311 455 Facul=

1280 437 1365 497 täten
1396 437 1599 497 umgestoßen
1630 437 1751 497 werden
1782 437 1878 497 mag:

1336 488 1375 548 Zu
1410 485 1454 545 den
1484 486 1580 546 Zeiten
1609 486 1727 546 gehört
1751 488 1960 548 nothwendig
1989 491 2177 551 allgemeine
2200 491 2312 551 Ruhe,

1288 536 1447 596 Ordnung
1475 538 1533 598 und
1560 537 1698 597 Balanz
1725 537 1815 597 derer
1837 535 1986 595 Staaten

2236 539 2309 599 we=

1287 583 1382 643 niger
1404 584 1595 644 moralische
1617 586 1850 646 Verderbnisse
1883 583 1898 643 —
1962 589 2058 649 mehr
2080 589 2212 649 redliche
2239 591 2313 651 Leu¬

1284 635 1343 695 te,
1365 633 1429 693 und
1451 634 1499 694 ins
1527 634 1645 694 Große
1667 638 1845 698 handelnde
1872 637 2265 697 Tugendgesinnungen-

1353 679 1434 739 eine
1461 682 1553 742 solide
1575 687 1634 747 und
1663 688 1852 748 beständige
1869 688 2063 748 Fortsetzung
2096 688 2144 748 des
2173 690 2297 750 billigen

1292 727 1422 787 Preises
1460 731 1554 791 derer
1586 739 1832 799 Lebensmittel

2006 736 2120 796 billige
2155 736 2309 796 Verthei¬

1283 782 1361 842 lung
1395 781 1478 841 derer
1512 781 1635 841 Besitze
1669 789 1730 849 und
1759 789 1931 849 Produkte
1960 786 1988 846 in
2028 787 2122 847 denen
2162 786 2301 846 Läudern

1294 832 1345 892 für
1371 831 1417 891 die
1438 831 1661 891 Unterthanen

1799 834 1809 894 -
1840 837 1897 897 der
1924 837 2112 897 ungestörte
2139 837 2222 897 Lauf
2254 840 2306 900 der

1293 876 1422 936 Gesetze

1607 883 1731 943 freyere
1762 888 1891 948 Canäle
1917 888 1969 948 für
2006 888 2057 948 den
2099 888 2233 948 Handel
2259 885 2274 945 —

1291 930 1415 990 leichtre
1437 927 1529 987 Arten
1563 927 1611 987 für
1633 930 1686 990 den
1714 936 1866 996 Armen,
1888 939 1947 999 sein
1980 936 2094 996 Brodt
2116 937 2148 997 zu
2186 939 2310 999 verdie¬

1284 978 1349 1038 nen

1603 979 1668 1039 und
1702 984 1790 1044 durch
1818 989 1934 1049 Macht
1962 987 2144 1047 getriebner
2167 987 2305 1047 Umlauf

1289 1025 1377 1085 derer
1403 1025 1669 1085 Reichthümer,
1695 1031 1738 1091 die
1764 1034 1821 1094 vom
1860 1037 2055 1097 Großvater
2082 1036 2138 1096 auf
2165 1034 2214 1094 den
2247 1034 2316 1094 En¬

1287 1078 1334 1138 kel
1355 1073 1553 1133 verschlossen
1581 1076 1703 1136 bleiben
1738 1079 1751 1139 —
1814 1086 1888 1146 gute
1909 1088 2080 1148 Anstalten
2115 1085 2169 1145 zur
2204 1085 2312 1145 mora¬

1294 1126 1401 1186 lischen
1429 1124 1579 1184 Bildung
1607 1128 1655 1188 der
1682 1127 1817 1187 Bürger
1844 1130 1860 1190 -

1925 1137 1972 1197 zur
2009 1136 2222 1196 Abschaffung
2259 1135 2317 1195 ge=

1291 1173 1395 1233 wisser
1428 1175 1675 1235 Modelaster-

1736 1180 1801 1240 und
1837 1183 1892 1243 zur
1928 1184 2135 1244 Belohnung
2171 1184 2307 1244 tugend¬

1301 1222 1400 1282 hafter
1428 1223 1672 1283 Handlungen,

1836 1231 2024 1291 öffentliche
2046 1232 2219 1292 Quellen,
2247 1234 2300 1294 den

1296 1273 1539 1333 verunglückten
1570 1273 1725 1333 Wittwen
1762 1270 1772 1330 —
1835 1276 1974 1336 Waysen
2006 1277 2068 1337 und
2099 1282 2306 1342 angehenden

2056 1327 2302 1387 Verbesserung

1292 1327 1462 1387 Künstlern
1491 1327 1519 1387 zu
1548 1327 1657 1387 Hüͤlfe
1674 1327 1708 1387 zu
1737 1327 1873 1387 kommen
1914 1326 1970 1386 —.

1288 1381 1348 1441 und
1381 1378 1603 1438 Cultivirung
1637 1381 1712 1441 alles
1746 1381 1876 1441 dessen,
1898 1378 1985 1438 wozu
2029 1378 2072 1438 ein
2116 1381 2224 1441 Land,
2252 1380 2306 1440 der

1297 1428 1438 1488 Boden,
1466 1428 1514 1488 die
1542 1428 1694 1488 Arbeiter
1727 1431 1787 1491 und
1814 1431 2037 1491 Unterthanen
2070 1428 2238 1488 fruchtbar
2266 1431 2314 1491 ge¬

1289 1477 1437 1537 gemacht
1462 1476 1581 1536 werden
1611 1476 1759 1536 können,
1788 1479 1846 1539 und
1885 1481 1932 1541 die
1961 1482 2148 1542 Harmonie
2177 1482 2229 1542 der
2249 1479 2316 1539 Zu¬

1295 1524 1452 1584 friedenen
1482 1524 1544 1584 mit
1564 1524 1659 1584 denen
1688 1527 1947 1587 Unzufriedenen
1977 1530 2057 1590 einen
2096 1530 2187 1590 mehr
2212 1533 2312 1593 abste¬

1290 1572 1423 1632 chenden
1458 1569 1616 1629 Contrast
1646 1573 1798 1633 bekäme:
1828 1573 1897 1633 dies
1927 1575 2005 1635 alles
2041 1578 2153 1638 gehört
2184 1581 2208 1641 in
2248 1583 2302 1643 das

1295 1616 1453 1676 Portrait
1474 1616 1527 1676 von
1557 1618 1607 1678 der
1632 1619 1869 1679 Verbesserung
1900 1622 1983 1682 derer
2009 1625 2112 1685 Zeiten

1346 1667 1451 1727 Gnug
1483 1667 1657 1727 gefodert!
1684 1670 1736 1730 der
1758 1670 1874 1730 Bogen
1912 1673 2022 1733 könnte
2054 1673 2186 1733 reißen,
2213 1676 2302 1736 wenn

1293 1715 1368 1775 man
1393 1717 1478 1777 nicht
1499 1716 1675 1776 aufhörte!
1701 1718 1786 1778 Hier
1808 1721 1953 1781 erinnert
1984 1724 2029 1784 die
2054 1727 2231 1787 Vernunft
2246 1729 2306 1789 nur

1295 1766 1392 1826 dies,
1419 1766 1470 1826 daß
1501 1766 1537 1826 sie
1559 1769 1625 1829 hier
1647 1769 1734 1829 nicht
1750 1771 1807 1831 auf
1833 1772 1879 1832 ein
1905 1772 1967 1832 und
1998 1775 2054 1835 das
2081 1778 2200 1838 andere
2221 1781 2303 1841 Land

1301 1814 1424 1874 sondern
1458 1817 1511 1877 auf
1533 1817 1587 1877 das
1609 1821 1803 1881 allgemeine
1820 1822 1911 1882 Reich
1944 1825 1992 1885 der
2014 1825 2105 1885 Welt
2122 1828 2229 1888 siehet,
2241 1829 2300 1889 und

1297 1864 1418 1924 kömmt
1440 1865 1572 1925 dadurch
1599 1867 1672 1927 allen
1705 1870 1900 1930 ungebetnen
1932 1873 2112 1933 Auslegern
2144 1876 2259 1936 zuvor.

1345 1916 1393 1976 Ob
1421 1915 1458 1975 sie
1480 1918 1540 1978 nun
1567 1918 1643 1978 aber
1666 1921 1757 1981 solche
1780 1921 1872 1981 beßre
1894 1924 1991 1984 Zeiten
2025 1924 2215 1984 vermuthen
2242 1927 2318 1987 kön¬

1288 1969 1354 2029 ne,
1383 1969 1476 2029 daran
1511 1969 1543 2029 ist
1566 1971 1632 2031 sehr
1655 1972 1688 2032 zu
1717 1972 1883 2032 zweifeln.
1945 1972 2033 2032 Dies
2062 1975 2139 2035 wird
2162 1977 2200 2037 sie
2223 1978 2311 2038 wohl

1294 2018 1540 2078 voraussetzen,
1566 2018 1621 2078 daß
1652 2020 1742 2080 solche
1768 2020 1873 2080 Zeiten
1904 2017 1974 2077 noch
2000 2020 2050 2080 nie
2081 2022 2105 2082 in
2141 2025 2191 2085 der
2217 2025 2307 2085 Welt

1289 2065 1422 2125 gewesen
1456 2067 1540 2127 sind.
1590 2064 1662 2124 Die
1685 2064 1864 2124 Liebhaber
1892 2067 1947 2127 des
1976 2069 2216 2129 Alterthums,
2239 2075 2299 2135 und

1288 2115 1330 2175 die
1352 2112 1507 2172 Freunde
1523 2112 1635 2172 unsers
1662 2115 1923 2175 Jahrhunderts
1945 2118 2067 2178 werden
2095 2121 2233 2181 alsdenn
2260 2127 2313 2187 ih¬

1289 2163 1335 2223 ren
1367 2160 1491 2220 Streit
1507 2160 1663 2220 aufgeben
1694 2166 1839 2226 müssen.
1913 2168 2001 2228 Man
2038 2168 2115 2228 wird
2152 2173 2230 2233 über
2256 2176 2302 2236 die

1299 2210 1423 2270 Frage:
1451 2208 1482 2268 ob
1521 2208 1569 2268 die
1596 2210 1726 2270 vorigen
1754 2217 1856 2277 Zeiten
1889 2217 1986 2277 besser
2014 2217 2062 2277 als
2095 2220 2143 2280 die
2171 2224 2294 2284 jetzigen

1300 2258 1387 2318 sind,
1413 2257 1552 2317 niemals
1579 2262 1795 2322 entscheiden,
1822 2264 1899 2324 weil
1920 2264 1940 2324 in
1978 2267 2096 2327 beyden
2127 2270 2200 2330 noch
2236 2274 2303 2334 eine

1292 2308 1455 2368 ziemliche
1477 2309 1630 2369 Summe
1657 2312 1710 2372 von
1737 2318 2080 2378 Vollkommenheiten
2108 2322 2223 2382 fehlet.

1340 2355 1415 2415 Der
1443 2357 1512 2417 Hr.
1540 2358 1572 2418 v.
1599 2363 1841 2423 Sinclair,
1874 2369 1922 2429 ein
1955 2369 2041 2429 zwar
2074 2372 2154 2432 nicht
2182 2374 2229 2434 oft
2252 2374 2305 2434 ge¬

1289 2408 1457 2468 nannter,
1480 2408 1555 2468 aber
1583 2408 1654 2468 sehr
1677 2416 1888 2476 vortreflicher
1922 2420 2080 2480 deutscher
2108 2424 2314 2484 Schriftstel¬

1286 2458 1356 2518 ler,
1383 2458 1437 2518 hat
1459 2458 1513 2518 gar
1541 2458 1687 2518 beweisen
1715 2464 1855 2524 wollen,
1883 2469 1936 2529 daß
1964 2468 2013 2528 die
2035 2470 2159 2530 jetzigen
2193 2473 2295 2533 Zeiten

1292 2509 1456 2569 unendlich
1484 2509 1579 2569 besser
1600 2512 1680 2572 sind,
1707 2513 1754 2573 als
1781 2515 1828 2575 die
1850 2518 2004 2578 vorigen.
2052 2523 2232 2583 Vielleicht
2249 2524 2307 2584 hat

1289 2557 1321 2617 er
1344 2560 1466 2620 Recht.
1512 2563 1579 2623 Ich
1607 2562 1684 2622 mag
1719 2564 1802 2624 nicht
1831 2569 2043 2629 entscheiden.
2094 2570 2166 2630 Die
2189 2572 2300 2632 Zinsen

1298 2611 1347 2671 für
1369 2608 1424 2668 das
1453 2608 1586 2668 Capital
1614 2612 1663 2672 der
1686 2617 2024 2677 Märtirerwahrheit
2047 2617 2107 2677 sind
2130 2620 2213 2680 nicht
2236 2620 2302 2680 sehr

1292 2658 1457 2718 angenehm
1510 2659 1571 2719 und
1613 2664 1820 2724 einträglich.
1872 2664 1960 2724 Aber
1997 2667 2084 2727 wenn
2126 2667 2224 2727 dieser
2256 2670 2312 2730 be¬

1288 2709 1425 2769 rühmte
1447 2709 1553 2769 Mann
1580 2712 1664 2772 seine
1685 2715 1855 2775 Gründe,
1887 2718 1998 2778 warum
2041 2718 2083 2778 die
2105 2718 2210 2778 Zeiten
2248 2721 2300 2781 der

1285 2759 1364 2819 alten
1402 2760 1583 2820 Deutschen
1615 2763 1780 2823 schlechter
1807 2766 1945 2826 waren,
1978 2765 2025 2825 als
2068 2768 2116 2828 die
2143 2772 2291 2832 unsrigen

1286 2808 1410 2868 daraus
1439 2811 1608 2871 herleitet,
1630 2814 1711 2874 weil
1729 2814 1772 2874 die
1794 2817 1974 2877 Deutschen
2007 2817 2111 2877 große
2133 2823 2307 2883 Saufglä¬

1285 2861 1326 2921 ser
1348 2858 1480 2918 hatten,
1507 2862 1586 2922 weil
1614 2862 1655 2922 sie
1682 2864 1761 2924 viele
1794 2864 2069 2924 Grausamkeiten
2102 2870 2297 2930 begiengen,

1285 2912 1347 2972 und
1370 2912 1443 2972 ihre
1460 2915 1595 2975 Weiber
1613 2918 1663 2978 der
1686 2918 1833 2978 Hurerey
1862 2916 1929 2976 sehr
1952 2918 2082 2978 ergeben
2111 2921 2245 2981 waren:
2269 2923 2291 2983 so

2187 2972 2300 3032 werde
