2479 3508
186 360 298 420 "nicht
326 362 512 422 gedenken,
541 360 600 420 bey
634 360 760 420 denen,
794 360 840 420 die
868 358 1002 418 hernach
1036 357 1102 417 seyn
1136 354 1215 414 wer=

199 413 294 473 "den.
374 407 548 467 Tantum!
597 411 723 471 Dieser
754 411 837 471 Text
862 410 916 470 zur
947 410 1212 470 Leichenpredigt

1257 357 1332 417 steht
1352 357 1459 417 Pred.
1485 360 1573 420 Sal.
1593 360 1623 420 1,
1643 360 1706 420 11.
1732 360 1820 420 Cap.
1840 360 1877 420 4,
1897 360 1953 420 16.
2005 360 2124 420 Kostet
2144 358 2175 418 in
2201 357 2263 417 vor=
2270 354 2276 414 |

1252 407 1429 467 bemeldten
1459 410 1666 470 Kanterschen
1696 410 2004 470 Buchhandlungen
2034 411 2045 471 1
2069 413 2104 473 fl.
2122 413 2134 473 9
2164 413 2210 473 gr.

462 569 660 629 Børlin,
683 575 733 635 den
771 575 807 635 1.
837 575 925 635 Jan.

238 618 312 678 Bey
338 620 386 680 der
412 621 505 681 17ten
537 625 686 685 Ziehung
712 625 767 685 der
793 622 929 682 hiesigen
967 622 1116 682 Königl.
1142 619 1216 679 Lot¬

184 669 262 729 terie
281 670 342 730 sind
373 670 421 730 die
447 675 672 735 Nummern:
698 673 764 733 50.
789 676 855 736 78.
881 673 941 733 28.
967 673 1015 733 62
1046 673 1112 733 und
1144 672 1210 732 83.

189 721 535 781 herausgekommen.

355 772 731 832 Braunschweig,
762 772 821 832 den
863 769 922 829 20.
953 769 1048 829 Dec.

229 819 414 879 Folgendes
443 822 572 882 Recept
595 819 690 879 wider
725 822 775 882 die
792 819 994 879 Viehseuche
1023 819 1062 879 ist
1091 819 1208 879 allhier

185 868 337 928 bewährt
365 870 523 930 befunden
557 870 709 930 worden.
775 869 895 929 Indem
945 869 993 929 sich
1032 870 1080 930 die
1108 867 1211 927 Vieh¬

185 918 357 978 krankheit
380 918 429 978 bey
459 919 513 979 dem
553 921 720 981 Hornvieh
749 918 920 978 einstellet,
943 919 1005 979 und
1033 918 1121 978 ihren
1150 917 1216 977 An¬

186 969 263 1029 fang
300 966 449 1026 nimmt,
476 971 532 1031 daß
569 969 641 1029 man
683 969 816 1029 nämlich
858 969 1029 1029 bemerkt,
1060 968 1117 1028 daß
1159 966 1205 1026 die

182 1016 254 1076 Kuh
289 1018 384 1078 krank
413 1017 474 1077 ist:
502 1016 530 1076 so
559 1019 682 1079 nimmt
711 1020 783 1080 man
823 1019 874 1079 für
908 1019 974 1079 jede
998 1019 1110 1079 kranke
1133 1016 1205 1076 Kuh

182 1061 226 1121 ein
260 1067 333 1127 halb
367 1067 485 1127 Pfund
519 1067 631 1127 reines
665 1070 799 1130 Theer,
844 1070 905 1130 und
940 1067 1017 1127 thut
1046 1067 1124 1127 dazu
1164 1066 1202 1126 ein

181 1118 421 1178 Viertelpfund
449 1115 539 1175 guten
571 1117 704 1177 Trahn,
732 1118 848 1178 rühret
876 1118 902 1178 es
940 1118 1217 1178 durcheinander,

184 1164 248 1224 und
280 1166 371 1226 giebt
398 1166 429 1226 es
462 1164 514 1224 der
548 1167 680 1227 kranken
718 1169 792 1229 Kuh
830 1169 889 1229 mit
916 1169 968 1229 dem
1017 1167 1118 1227 Löffel
1145 1166 1214 1226 ein.

185 1210 292 1270 Wenn
336 1213 374 1273 sie
407 1213 466 1273 uun
510 1215 623 1275 solches
656 1216 699 1276 ein
738 1219 824 1279 hat,
857 1216 937 1276 wird
971 1216 1019 1276 ihr
1052 1216 1122 1276 auch
1155 1216 1197 1276 ein

181 1260 359 1320 Heering,
385 1264 410 1324 so
436 1264 498 1324 wie
524 1264 549 1324 er
575 1264 631 1324 aus
662 1264 712 1324 der
733 1265 856 1325 Tonne
882 1267 1107 1327 genommen,
1138 1264 1214 1324 dar¬

189 1310 248 1370 auf
274 1312 495 1372 eingegeben,
525 1312 590 1372 und
621 1312 701 1372 denn
736 1312 841 1372 soviel
872 1315 982 1375 reines
1018 1315 1208 1375 Brunnen=
1240 1312 1334 1372 licher
1370 1315 1455 1375 Form
1506 1315 1601 1375 gegen
1642 1315 1691 1375 ihn
1737 1315 1907 1375 verfahren
1958 1312 2078 1372 werden
2129 1312 2254 1372 müßte.

183 1360 317 1420 wasser,
347 1360 395 1420 als
419 1360 481 1420 wie
501 1357 539 1417 sie
564 1357 621 1417 nur
646 1357 751 1417 saufen
781 1357 872 1417 will,
897 1357 1060 1417 gereicht;
1085 1357 1200 1417 solches

188 1404 266 1464 wird
296 1404 345 1464 ihr
370 1404 419 1464 des
449 1403 557 1463 Tages
582 1402 749 1462 dreymal,
774 1402 911 1462 nämlich
941 1402 995 1462 des
1020 1399 1206 1459 Morgens,

189 1452 338 1512 Mittags
365 1451 426 1511 und
453 1449 582 1509 Abends
614 1449 831 1509 eingegeben,
852 1449 1018 1509 jedesmal
1044 1449 1116 1509 oben
1158 1447 1209 1507 be¬

182 1501 322 1561 meldete
339 1503 551 1563 Quantität,
574 1503 639 1563 und
661 1503 797 1563 allemal
825 1501 851 1561 so
890 1503 955 1563 viel
977 1503 1129 1563 Wasser,
1157 1502 1200 1562 als

192 1554 231 1614 sie
249 1554 310 1614 nur
334 1554 434 1614 saufen
463 1554 559 1614 will,
588 1557 649 1617 und
678 1554 779 1614 damit
803 1554 825 1614 so
848 1557 943 1617 lange
966 1554 1208 1614 fortgefahren,

186 1606 237 1666 bis
266 1605 300 1665 sie
324 1608 445 1668 wieder
469 1608 589 1668 gesund
613 1608 670 1668 ist.

393 1658 725 1718 Regenspurg,
756 1658 808 1718 den
851 1658 909 1718 13.
940 1658 1034 1718 Dec.

239 1707 283 1767 Zu
317 1709 483 1769 München
522 1709 599 1769 wird
634 1707 666 1767 am
711 1706 799 1766 13ten
839 1709 933 1769 Jan.
956 1709 1005 1769 des
1034 1706 1194 1766 künftigen

187 1757 320 1817 Jahres
349 1758 401 1818 die
430 1760 517 1820 hohe
541 1759 709 1819 Trauung
745 1757 796 1817 der
832 1757 1011 1817 Prinzeßin
1047 1757 1197 1817 Josepha

182 1808 328 1868 Hoheit,
361 1810 426 1870 mit
454 1808 502 1868 des
536 1808 731 1868 Römischen
765 1808 901 1868 Königs
934 1807 1037 1867 Maj.
1060 1805 1113 1865 per
1136 1804 1206 1864 pro¬

181 1858 373 1918 curationem
414 1858 469 1918 vor
495 1855 540 1915 sich
572 1858 693 1918 gehen,
719 1858 770 1918 den
801 1858 896 1918 17ten
928 1855 1023 1915 dieses
1049 1855 1125 1915 aber
1156 1855 1201 1915 die

184 1906 314 1966 Abreise
346 1906 543 1966 geschehen,
569 1906 700 1966 worauf
731 1906 781 1966 die
817 1904 1019 1964 Copulation
1055 1903 1115 1963 mit
1146 1905 1196 1965 des

191 1957 297 2017 Röm.
321 1954 456 2014 Königs
486 1956 592 2016 Maj.
616 1957 710 2017 selbst
734 1954 763 2014 zu
805 1954 922 2014 Maria
958 1951 1128 2011 Hitzingen
1159 1952 1205 2012 er¬

186 2008 293 2068 folgen
330 2007 401 2067 soll.

430 2055 630 2115 London,
677 2052 735 2112 den
775 2052 839 2112 11.
860 2052 956 2112 Dec.

177 2157 477 2217 lungsgesellschaft
495 2154 693 2214 Nachricht,
722 2155 778 2215 daß
807 2152 857 2212 ihr
881 2151 903 2211 so
932 2154 1022 2214 lange
1046 2151 1209 2211 erwarte-
1233 2148 1289 2208 der
1312 2145 1527 2205 Sardinische
1556 2148 1754 2208 Gesandte,
1789 2151 1862 2211 Hr.
1886 2151 1981 2211 Graf
2005 2151 2061 2211 von
2095 2154 2253 2214 Marmo¬

177 2205 227 2265 tes
256 2205 396 2265 Schiff,
420 2205 476 2265 der
499 2205 662 2265 Deptford
685 2205 741 2265 von
781 2205 832 2265 der
855 2205 957 2265 Küste
985 2202 1019 2262 an
1053 2202 1126 2262 Bay
1161 2202 1188 2262 zu
1234 2199 1267 2259 ra
1296 2199 1488 2259 solcherhalb
1522 2199 1731 2259 Vorstellung
1766 2202 1816 2262 bey
1845 2202 1957 2262 unserm
1998 2202 2082 2262 Hofe
2111 2205 2245 2265 gethan,

185 2255 357 2315 Kinghall
374 2255 395 2315 in
424 2252 551 2312 Irland
585 2252 785 2312 eingelaufen
819 2252 885 2312 sey.

179 2303 281 2363 Wind
309 2303 456 2363 nöthigte
478 2303 538 2363 es,
566 2300 614 2360 sich
653 2303 789 2363 daselbst
817 2301 871 2361 vor
899 2303 1001 2363 Anker
1029 2303 1062 2363 zu
1095 2303 1198 2363 legen.

189 2354 304 2414 Seine
331 2354 462 2414 Ladung
494 2350 531 2410 ist
563 2351 715 2411 überaus
747 2354 846 2414 reich.

177 2402 267 2462 1870
302 2402 404 2462 Stück
434 2402 582 2462 Ballen,
611 2402 697 2462 deren
726 2402 839 2462 Werth
880 2404 936 2464 auf
966 2402 1108 2462 250001
1132 2404 1200 2464 Pf.

184 2449 305 2509 Sterl.
322 2450 469 2510 geschätzt
502 2449 613 2509 wird,
645 2454 889 2514 Diamanten,
921 2451 968 2511 die
1000 2452 1195 2512 wenigstens

176 2502 269 2562 6000
301 2501 373 2561 Pf.
394 2499 518 2559 Sterl.
539 2497 643 2557 werth
674 2503 768 2563 sind,
794 2503 856 2563 und
888 2500 1110 2560 verschiednen
1147 2499 1204 2559 an¬

178 2554 247 2614 dern
274 2551 433 2611 kostbaren
465 2548 629 2608 Waaren.
705 2554 794 2614 Man
832 2551 1023 2611 versichert,
1050 2553 1108 2613 daß
1145 2551 1193 2611 der

182 2602 371 2662 Spanische
399 2599 469 2659 Hof
497 2602 578 2662 habe
611 2599 709 2659 gegen
742 2602 790 2662 die
813 2602 1040 2662 Vernichtung
1074 2602 1198 2662 einigen

179 2650 319 2710 Schiffe
341 2650 520 2710 protestiren
553 2649 666 2709 laßen,
694 2650 807 2710 welche
830 2652 899 2712 nach
928 2652 1106 2712 Zeichnung
1144 2651 1198 2711 des

176 2703 477 2763 Friedenstractats
504 2700 535 2760 zu
572 2699 712 2759 Havana
749 2699 805 2759 auf
832 2700 883 2760 dem
931 2702 1066 2762 Stapel
1092 2701 1206 2761 lagen,

171 2749 229 2809 ehe
267 2753 368 2813 dieser
401 2753 501 2813 Platz
529 2748 581 2808 den
625 2748 800 2808 Spaniern
849 2751 971 2811 wieder
1009 2751 1190 2811 abgetreten

179 2802 308 2862 wurde.
378 2799 453 2859 Die
498 2799 843 2859 Berathschlagungen
887 2802 919 2862 zu
963 2799 1032 2859 St.
1060 2802 1189 2862 James
1228 2797 1286 2857 nen
1314 2797 1449 2857 Löwen,
1477 2796 1519 2856 wo
1541 2796 1600 2856 alle
1622 2796 1763 2856 reisende
1796 2799 1990 2859 Engländer
2023 2801 2228 2861 einzukehren

172 2849 297 2909 werden
352 2849 422 2909 sehr
466 2849 558 2909 eifrig
597 2849 825 2909 fortgesetzet,
864 2848 923 2908 und
973 2849 1092 2909 zwar,
1137 2851 1190 2911 der

177 2900 371 2960 öffentlichen
405 2900 499 2960 Sage
522 2900 622 2960 nach,
650 2899 728 2959 über
757 2898 906 2958 folgende
935 2900 1196 2960 Hauptpuncte:

169 2951 215 3011 1)
245 2954 344 3014 Ueber
373 2956 419 3016 die
438 2954 788 3014 Wiederaussöhnung
818 2953 870 3013 des
894 2954 975 3014 alten
999 2954 1063 3014 und
1087 2956 1186 3016 neuen

1236 571 1456 631 Ministerii,
1487 572 1551 632 und
1587 572 1634 632 die
1660 572 1873 632 vorhabende
1898 572 2100 632 Abdankung
2136 571 2254 631 einiger

1242 617 1381 677 Glieder
1407 619 1463 679 aus
1495 619 1541 679 dem
1583 619 1711 679 neuen,
1738 622 1871 682 welchen
1898 622 1949 682 für
1970 619 2042 679 ihre
2068 619 2181 679 bisher
2213 618 2264 678 ge¬

1237 667 1375 727 leisteten
1412 670 1550 730 Dienste
1572 670 1598 730 in
1630 670 1773 730 Zukunft
1795 671 1975 731 Pensionen
2008 670 2066 730 von
2103 669 2156 729 der
2178 667 2262 727 Kro¬

1231 718 1273 778 ne
1295 718 1433 778 gegeben
1460 718 1582 778 werden
1615 721 1742 781 sollten.
1775 721 1817 781 2)
1839 721 1939 781 Ueber
1966 719 2009 779 die
2031 718 2253 778 Anfertiguna

1237 765 1327 825 einer
1353 769 1662 829 Parlamentsbill,
1689 769 1790 829 worin
1831 769 2014 829 bestimmet
2039 769 2161 829 werden
2197 769 2267 829 soll,

1237 816 1269 876 in
1296 816 1428 876 welchen
1455 819 1561 879 Fällen
1593 819 1635 879 ein
1657 819 1938 879 Staatsminister
1960 819 2023 879 mit
2045 817 2182 877 gewisser
2209 816 2262 876 nö¬

1238 867 1344 927 thigen
1378 870 1651 930 Unterscheidung
1680 870 1791 930 befugt
1814 868 1875 928 seyn
1904 869 1992 929 solle,
2004 867 2082 927 ohne
2111 867 2155 927 die
2178 867 2261 927 sonst

1242 915 1298 975 bey
1325 918 1439 978 andern
1470 918 1724 978 Gelegenheiten
1756 918 1979 978 erforderliche
2005 917 2186 977 Formalien
2223 915 2254 975 zu

1245 966 1455 1026 beobachten,
1482 967 1531 1027 sich
1559 967 1699 1027 gewisser
1721 969 1813 1029 ihnen
1846 966 2067 1026 verdächtigen
2090 966 2251 1026 Personen

1238 1018 1271 1078 zu
1300 1016 1495 1076 versichern.
1523 1016 1601 1076 Den
1629 1016 1746 1076 Antrag
1775 1016 1802 1076 zu
1836 1016 1931 1076 dieser
1954 1016 1981 1076 so
2004 1013 2155 1073 nöthigen
2189 1013 2261 1073 Bill

1244 1064 1318 1124 that
1339 1067 1382 1127 ein
1414 1065 1662 1125 einsichtsvolles
1685 1066 1992 1126 Parlamentsglied
2019 1064 2071 1124 bey
2098 1063 2267 1123 Gelegen¬

1246 1115 1339 1175 heit,
1367 1116 1417 1176 als
1451 1115 1500 1175 die
1540 1115 1711 1175 Wilkische
1745 1118 1872 1178 Affaire
1901 1115 1928 1175 im
1979 1115 2184 1175 Parlament
2212 1114 2261 1174 die

1237 1163 1428 1223 wichtigsten
1471 1164 1784 1224 Verwechselungen
1827 1166 2034 1226 veranlaßte.
2109 1168 2161 1228 In
2204 1162 2251 1222 der

1246 1212 1333 1272 That
1356 1214 1467 1274 würde
1489 1215 1560 1275 auch
1583 1216 1727 1276 mancher
1755 1216 1971 1276 Verdächtige
1993 1213 2042 1273 sich
2071 1213 2132 1273 mit
2149 1212 2248 1272 seinen

1242 1264 1407 1324 Papieren
1433 1264 1492 1324 aus
1518 1264 1568 1324 dem
1609 1267 1749 1327 Staube
1770 1264 1925 1324 machen,
1951 1265 2041 1325 wenn
2072 1264 2137 1324 nach
2167 1261 2262 1321 recht¬

1239 1357 1285 1417 3)
1316 1358 1424 1418 Ueber
1461 1357 1507 1417 die
1538 1362 1750 1422 Abschickung
1792 1363 1879 1423 einer
1916 1360 2024 1420 Flotte
2061 1362 2123 1422 und
2165 1360 2252 1420 eines

1229 1399 1338 1459 Corps
1366 1399 1471 1459 Engl.
1490 1402 1677 1462 Truppen,
1700 1404 1796 1464 unter
1820 1407 2025 1467 Commando
2053 1407 2162 1467 dreyer
2186 1407 2258 1467 vor¬

1231 1446 1367 1506 nehmer
1388 1447 1576 1507 Officiers,
1602 1449 1673 1509 nach
1704 1449 1754 1509 den
1785 1449 1962 1509 Gegenden
1989 1452 2044 1512 von
2075 1454 2171 1514 Goa,
2197 1455 2237 1515 um

1232 1497 1280 1557 die
1303 1497 1542 1557 Portugiesen,
1570 1500 1597 1560 so
1624 1500 1673 1560 der
1695 1500 1810 1560 Coslin
1837 1503 1891 1563 Ali
1903 1503 1967 1563 Kam
2012 1500 2066 1560 von
2099 1500 2170 1560 dort
2187 1503 2257 1563 ver¬

1230 1551 1380 1611 trieben,
1409 1551 1526 1611 wieder
1555 1551 1582 1611 in
1622 1553 1671 1613 den
1711 1553 1823 1613 Besitz
1846 1554 1934 1614 ihrer
1963 1554 2175 1614 Comptoiren
2215 1554 2242 1614 zu

1235 1605 1354 1665 setzen,
1383 1605 1444 1665 und
1467 1605 1625 1665 denselben
1660 1607 1715 1667 alle
1739 1608 1851 1668 übrige
1875 1608 2032 1668 Colonien
2061 1608 2083 1668 in
2112 1605 2241 1665 Indien

1232 1655 1309 1715 desto
1338 1655 1432 1715 besser
1455 1655 1482 1715 zu
1510 1655 1704 1715 versichern.
1755 1660 1798 1720 4)
1827 1658 1932 1718 Ueber
1955 1658 2004 1718 die
2033 1658 2093 1718 von
2122 1658 2238 1718 Seiten

1231 1706 1282 1766 der
1309 1703 1417 1763 Krone
1443 1706 1598 1766 Spanien
1635 1706 1754 1766 allhier
1791 1706 1982 1766 eingelegten
2014 1706 2241 1766 Beschwerden

1232 1757 1291 1817 und
1319 1757 1586 1817 Protestationen
1614 1757 1706 1817 gegen
1739 1757 1787 1817 die
1810 1757 2044 1817 Zerschlagung
2083 1755 2136 1815 der
2159 1757 2256 1817 Spa¬

1232 1805 1350 1865 nischen
1378 1805 1535 1865 Schiffe,
1562 1805 1676 1865 welche
1709 1805 1757 1865 bey
1796 1807 1844 1867 der
1872 1805 2067 1865 Eroberung
2100 1805 2154 1865 der
2182 1805 2257 1865 Ha¬

1231 1854 1315 1914 vana
1348 1854 1406 1914 auf
1423 1852 1571 1912 dortigen
1598 1853 1741 1913 Werften
1774 1855 1965 1915 gefunden,
1987 1856 2050 1916 und
2087 1855 2151 1915 erst
2178 1857 2246 1917 nach

1237 1903 1288 1963 der
1319 1903 1499 1963 Zeichnung
1537 1903 1593 1963 des
1619 1905 1923 1965 Friedenstractats
1965 1904 2022 1964 von
2064 1906 2244 1966 Versailles

1229 1950 1316 2010 durch
1353 1948 1399 2008 die
1431 1951 1658 2011 Engelländer
1690 1954 1840 2014 ruiniret
1866 1954 2016 2014 worden.
2068 1957 2114 2017 5)
2141 1954 2243 2014 Ueber

1224 1996 1270 2056 die
1297 1996 1593 2056 Angelegenheiten
1620 1999 1671 2059 der
1703 2002 1879 2062 Corsischen
1906 2002 2087 2062 Rebellen,
2114 2002 2165 2062 für
2197 2001 2249 2061 de¬

1221 2046 1275 2106 ren
1309 2046 1478 2106 Schicksal
1495 2046 1544 2106 sich
1577 2046 1649 2106 drey
1671 2049 1829 2109 mächtige
1852 2049 1955 2109 Höfe,
1983 2049 2043 2109 und
2071 2052 2246 2112 besonders

225 2100 308 2160 Den
345 2103 416 2163 7ten
453 2106 549 2166 dieses
586 2103 700 2163 erhielt
731 2103 845 2163 unsere
864 2102 1062 2162 Ostindische
1087 2100 1201 2160 Hand=
1232 2097 1285 2157 der
1310 2097 1418 2157 König
1449 2095 1503 2155 von
1533 2097 1725 2157 Sardinien
1750 2100 1925 2160 dergestalt
1944 2100 2160 2160 interessiren,
2184 2105 2244 2165 daß

954 2252 1027 2312 Der
1057 2252 1195 2312 widrige
1235 2251 1298 2311 und
1323 2249 1392 2309 man
1422 2249 1554 2309 glaubt,
1579 2249 1608 2309 es
1638 2249 1741 2309 werde
1766 2249 1854 2309 unter
1879 2252 1967 2312 deren
1997 2254 2243 2314 Vermittelung

1227 2300 1315 2360 wohl
1338 2300 1377 2360 ein
1411 2300 1577 2360 Vergleich
1605 2302 1760 2362 gestiftet,
1783 2300 1938 2360 hingegen
1967 2300 2011 2360 die
2034 2303 2233 2363 Abschickung

909 2351 988 2411 Sie
1011 2351 1134 2411 besteht
1158 2350 1185 2410 in
1231 2349 1287 2409 des
1310 2349 1547 2409 Frauzösischen
1576 2351 1779 2411 Hulfscorps
1808 2354 1875 2414 nach
1904 2354 2028 2414 Corsica
2051 2352 2242 2412 verhindert

1228 2402 1380 2462 werden.

1360 2473 1484 2533 Boston
1521 2476 1550 2536 in
1580 2476 1823 2536 Neuengland,
1853 2476 1906 2536 den
1942 2476 1977 2536 3.
2008 2474 2108 2534 Nov.

1281 2526 1327 2586 Im
1374 2525 1570 2585 verwichnen
1596 2524 1767 2584 Sommer
1788 2524 1823 2584 ist
1850 2523 1875 2583 in
1912 2521 1993 2581 einem
2036 2522 2159 2582 Garten
2186 2526 2247 2586 die¬

1232 2577 1277 2637 ses
1306 2575 1454 2635 Landes,
1483 2575 1527 2635 ein
1568 2575 1790 2635 Hanfstengel
1813 2573 2012 2633 gewachsen,
2036 2574 2092 2634 der
2122 2575 2138 2635 3
2173 2577 2240 2637 Fuß

1239 2627 1304 2687 hoch
1334 2626 1393 2686 und
1423 2626 1434 2686 7
1464 2626 1535 2686 Zoll
1553 2626 1612 2686 dick
1636 2626 1718 2686 war.

1487 2697 1674 2757 Calais,
1703 2697 1755 2757 den
1784 2697 1846 2757 10.
1869 2697 1966 2757 Dec.

1272 2747 1399 2807 Allhier
1429 2745 1464 2805 ist
1488 2748 1609 2808 neulich
1633 2745 1691 2805 das
1715 2745 1820 2805 schöne
1844 2748 2018 2808 Gasthaus
2054 2751 2105 2811 zum
2153 2748 2240 2808 gold=

1219 2847 1378 2907 pflegten,
1416 2847 1506 2907 nebst
1533 2845 1612 2905 allen
1645 2847 1804 2907 kostbaren
1841 2848 2000 2908 Meublen
2043 2849 2240 2909 verbrandt.

1230 2898 1318 2958 Man
1346 2894 1472 2954 schätzet
1495 2897 1544 2957 den
1578 2896 1726 2956 Schaden
1766 2900 1821 2960 auf
1844 2899 1953 2959 90000
1987 2899 2114 2959 Livres.
2147 2899 2230 2959 Das

1228 2952 1334 3012 Feuer
1358 2949 1411 3009 soll
1435 2947 1458 3007 in
1488 2946 1541 3006 dem
1577 2949 1718 3009 Zimmer
1743 2951 1831 3011 eines
1850 2951 2015 3011 englischen
2051 2951 2145 3011 Lords
2163 2951 2239 3011 aus¬

2178 3005 2245 3065 ge=
