2479 3508
239 288 662 402 "Prof. Gotsched.
838 311 1274 397 Diesen Versuch selbst
236 353 1277 452 anlangend, der in dem erwähnten Richterischen Gar=
239 436 1279 496 ten gemacht worden ist, hat man nur einen Platz ge¬
236 488 1274 568 nommen, welcher 30 ein halb Elle lang, und 2 ein
247 532 1277 597 Viertel Elle breit ist. Dieses Stück Land ist zwar
244 586 1272 641 vorher gehörigermaßen darzu zurecht gemacht und um
247 636 1277 695 gegraben, aber doch keinesweges auf die Art vorbe¬
241 685 2328 742 reitet worden, wie dasjenige Land sonst pfleget berei= doch war es lauter Haferkraut, und jedermann ver¬
254 737 1279 791 tet zu werden, welches zum Ackerbaue bestimmet ist.
252 784 1287 841 Man kann vielmehr mit Grunde der Wahrheit ver¬
241 882 2242 939 keinen Dünger bekommen hat. Nachdem nun die diese drey Stöcke Korn hervorgekommen wären.
257 937 1279 994 ses Beet also zugerichtet war, so sind den 3ten Junii
241 981 1285 1056 des vorigen Jahres darauf 800 Körner Hafer nicht
244 1028 1282 1100 gesäet, sondern spannenweit von einander gestecket
241 1082 1285 1147 worden; welche vorher von erfahrnen und verständi¬
247 1129 1282 1194 gen Leuten etlichemal genau durchgesehen worden sind,
241 1181 1277 1238 damit nicht etwa andere Arten darunter seyn möch
247 1227 1277 1282 ten, wodurch dieser Versuch hätte ungewiß werden
244 1266 1282 1342 können. Weil man sich aber an die Vorschrift sehr
244 1326 1279 1396 genau gebunden: so hat man großkornigten so¬
247 1375 1277 1453 genannten Schwarthafer aus dem Erzgebirge dazu
239 1430 548 1497 kommen laßen.
291 1451 1279 1541 Ein bald darauf erfolgter Regen machte, daß diese
244 1534 1279 1586 Körner bald aufgiengen; das Kraut schoß in diesem
234 1578 1272 1640 und folgendem Monate eine gute Viertel Elle hoch,
239 1624 1272 1684 daß man also nach „Anleitung der Schrift für
247 1679 1282 1739 gut befand, dasselbe den 22sten Julius so weit
241 1715 1277 1775 abzuschneiden, daß es ungefähr zwey Queerfinger
244 1772 1274 1824 hoch stehen geblieben ist. Ob nun wohl in diesem und
247 1814 1282 1874 folgendem Monate die Witterung ziemlich hoiß war¬
247 1861 1282 1923 so trieb doch dieses abgeschnittene Kraut dergestalt
239 1918 2325 1988 von neuem so hoch, daß man sich den 18ten August Aehren eräuget hat. Es ist nämlich mitten unter
244 1959 1282 2027 genöthiget sah, es auf eben die Art, wie das erste¬
244 2009 644 2089 mal, abzuschneiden.
291 2032 1274 2118 Dabey hat man wahrgenommen, daß die Stöcke
247 2089 1272 2175 sich in Ansehung der Halme weit mehr vermehret hat,
236 2159 1272 2214 ten, als bey Abschneidung des erstenmales. Nach der
241 2206 1264 2263 Zeit wollte das Kraut nicht wieder so hoch wachsen
244 2260 1266 2320 daß es haͤtte abgeschnitten werden köͤnnen; sondern mar
247 2310 1261 2385 überließ es von nun an der Natur und dem Wetter.
298 2359 1274 2413 Der Winter war ziemlich stark, und das Beet war
244 2390 1272 2470 die mehreste Zeit mit Schnee bedecket. Bis zu An¬
247 2455 1272 2525 fange des Aorils des folgenden Jahres war man in Un¬
247 2507 1272 2577 gewißheit, ob die Stöcke darauf gegangen seyn möch=
244 2556 1272 2629 ten. Allein obgleich ungefahr er vierte Theil davon
247 2605 1269 2668 ausgegangen war, so waren doch noch die übrigen
241 2657 1264 2712 Stöcke vorhanden; nur daß die meisten gar nicht
247 2696 1269 2766 eingewürzelt hatten, sondern mit den Wurzeln ganz
239 2766 2315 2829 verdorret auf der Erde lagen. Jedoch dieses änderte kein Zweifel ist) da aus dem geringsten Korne, so der
247 2808 1261 2875 sich gar bald, die Stöcke wurzelten nach und nach
234 2849 1012 2938 wieder ein, und trieben schönes Kraut.
293 2904 1261 2992 13tes Stück im 2ten Bande des Hamb physikal, und ökonom.
343 2969 576 3039 Patrioten 7
628 2974 737 3049 1757.
1342 319 2328 405 Zu Ende des Monats May sah man schon drey
1303 379 2330 449 Stöcke mit überaus schönem Korne, davon der eine
1298 436 2325 503 27, der andere 13, der dritte 10 Aehren trug: bey
1303 488 2325 545 welchen drey Stöcken das Kraut so beschaffen war, wie
1298 540 2328 602 es gemeiniglich bey Korn zu seyn pfleget. Außer die¬
1305 586 2330 649 sen drey Stöcken konnte man weiter nichts finden:
1303 638 2330 701 die übrigen Stöcke schossen zwar sehr in die Höhe,
1308 734 2330 794 zweifelte beynahe an einem glücklichen Erfolge dieses
1305 789 2328 854 Versuches; und glaubte, daß aus Versehen etliche
254 838 2333 916 sichern, daß eben erwähntes Land seit zwey Jahren Kornsaamen müßten seyn gestecket worden; woraus
1360 929 2330 994 Allein der Monat Junius entdeckte sonnenklar die
1305 984 2330 1038 Möglichkeit eines glücklichen Erfolges von dem gan=
1303 1038 2328 1090 zen Versuche. Denn die Weizenahren kamen nach
1305 1082 2333 1139 und nach haufenweise zum Vorscheine, und die Hal=
1305 1131 2333 1194 men schossen weit höher, als es sonst zu geschehen
1308 1181 2333 1238 pfleget, würden auch ohne Zweifel noch höher getrie¬
1298 1222 2328 1292 ben haben, wenn sie nicht an ihrem Wachsthume durch
1305 1274 2330 1336 die herumstehenden hohen Hecken und trockene Witte=
1300 1334 2328 1388 rung wären gehindert worden. Die Aehren wurden
1295 1386 2333 1461 von besonderer Länge, so daß sie 8, 9, auch 9 ein
1305 1425 1713 1508 halb Zolle lang sind.
1352 1456 2330 1536 Es hat sich aber dreyerley Art von Weizen auf die=
1308 1505 2330 1591 sem Beete gezeiget, namlich 1) ordentliche Weizen¬
1298 1583 2333 1643 ähren, 2) sieben Stöcke mit solchen Aehren, welche
1298 1622 2333 1687 lange Spitzen haben, dergleichen bey der Gerste ge¬
1300 1676 2330 1739 funden werden, welches man Sommer= oder Crannen¬
1303 1723 2330 1801 weizen nennet. 3) Ein und zwanzig Stöcke, worun¬
1295 1759 2227 1824 ter sich einige Rust= oder Brandähren befanden.
1344 1811 2330 1881 Ich kann nicht umhin, eine besondre Curiosität an¬
1305 1863 2317 1938 zuzeigen, welche sich bey einem Weizenstocke von 20
1303 1959 2330 2027 dem Weizen ein einziger Stengel Hafer hervorgekom¬
1295 2011 2328 2105 men, welcher die Ungläubigen überführen kann, daß
1295 2066 2130 2123 wirklich Hafer müsse gestecket worden seyn.
1349 2099 2323 2182 Dieses wäre nun die eigentliche und wahre Beschaf=
1292 2159 2328 2224 fenheit des im Kleinen gemachten Versuches, aus Ha¬
1300 2208 2328 2281 fer Korn und Weizen zu bauen. Nach der Schrift
1292 2247 2330 2330 des gelehrten Schweden hätte zwar meistens Korn
1292 2299 2317 2372 werden sollen. Weil er aber zugleich mit meldet:
1290 2348 2317 2434 daß wenn das Land von besonderer Güte wäre, auch
1300 2400 2317 2483 Weizen hervorkommen dörfte: so kann man daraus
1292 2452 2312 2525 nichts anders schließen, als daß das Beet, worauf
1287 2504 2312 2579 diese kleine Probe gemachet worden, sehr gutes Land
1292 2551 1692 2631 müsse gehabt haben.
1339 2603 2317 2673 Jedermann wird einsehen, daß der Nutzen sehr
1287 2652 2312 2730 groß sey, wenn dieser im Kleinen gemachte Versuch
1287 2717 2312 2784 auch im Großen so ausschlagen sollte, (woran doch
1285 2800 2310 2878 Hafer ist, ein viel edleres, nämlich der Rocken, und
1279 2844 2307 2930 das allerbeste, nämlich der Weizen hervorkömmt. Ob
1285 2904 2315 3005 aber eben dieser Weizen künftiges Jahr wiederum Wei=
2221 2971 2317 3047 zen
