2479 3508
203 272 1043 403 Und, von vielmehr Quaal umringt,
211 365 822 470 In das Grab gesunken!
206 442 822 542 Um seines Todes willen,
216 519 932 624 Hör unser thränenvoll Gebet,
218 583 966 699 Das für sie um Gnade fleht
213 670 850 773 Heiliger! Schöpfer! GOtt!
221 740 827 845 Heiliger! Mittler! GOtt!
221 817 925 917 Heiliger! barmherziger Tröster!
221 894 722 992 Um Gnade für sie!
221 958 912 1071 Laß sie sanft entschlummern!
221 1043 958 1146 Trockne, trockn' in jener Welt
226 1110 673 1212 All ihre Thränen!
272 1166 1261 1282 Denen Liebhabern der Gellert= und Klopstock¬
234 1241 1266 1313 schen Lieder, kündigen wir hiemit zugleich eine
226 1300 1264 1364 Sammlung neuer geistlicher Lieder zum
234 1346 1264 1418 gottesdienstlichen Gebrauch zusammen
234 1403 1261 1487 getragen und mit einigen Schulzischen
234 1451 1261 1516 Gebeten begleitet, von einem Lieb¬
234 1503 1259 1559 haber des vernünftigen Gottesdien¬
234 1554 1261 1618 stes in Zvo welche zu Brandenburg
223 1608 1261 1659 an der -Havel gedruckt worden, an,
229 1647 1266 1706 woraus vorstehendes genommen worden. Wer ei¬
229 1698 1272 1770 nen wohlfeilern Preis der Pracht der Ausgabe vor¬
234 1742 1266 1808 zieht, kann die geistlichen Empfindungen beyder
229 1793 1269 1867 Dichter, welche sie durch diese Lieder an den Tag
236 1837 1264 1911 gelegt, darinnen zusammen antreffen, und in der
229 1885 1274 1955 Kanterschen Buchhandlung allhier wie auch in El=
244 1947 1012 2034 bing und Mitau für 21. gr. haben.
303 2073 1277 2168 Jhne Benennung des Orts ist in diesem Jahr
247 2106 2312 2201 auf 22 B. in 4. herausgekommen: "Unpar= Heßischen Landen bringen will, ist dieser, weil der
244 2178 1277 2255 "theyische Geschichte, der im Jahr 1754. bekanntge¬
259 2235 1264 2294 "wordenen Religionsveränderung Sr. Durchl. des
257 2278 1277 2353 "Herrn Landgrafen von Hessen=Cassel, mit gehöri¬
275 2340 968 2397 gen Beweisschriften und Urkunden.
298 2384 1272 2453 Das Aufsehen, welches die Religionsveränderung
252 2430 1266 2502 des Herrn Landgrafen gemacht hat, erreget die Neu¬
252 2492 1266 2548 gierde, eine getreue Nachricht von denen geheimen
247 2540 1266 2594 Triebfedern derselben zu lesen. In der gegenwärti
247 2589 1264 2651 gen Schrift wird die Religionsveränderung selbst,
254 2641 1266 2692 nur nach allgemeinen Zeitungsnachrichten erzehlt,
247 2695 1274 2751 keinesweges aber weder von denen heimlichen Ursa¬
247 2736 1274 2792 chen derselben, welche sonst hie und da verbreitet
252 2792 1264 2846 werden, noch von dem eigentlichen Ueberzeugungs
247 2828 1266 2895 grunde des Herrn Landgrafen selbst etwas gemeldet.
247 2895 1266 2949 So viel sagt der V. wohl an verschiednen Orten,
244 2936 1269 3029 daß die römische Geistlichkeit sich von dieser Verän=
1272 290 2309 378 derung mehrere Vortheile versprochen hätte, als sie
1284 370 2117 429 gegenwärtig wirklich davon einerndtet. -
2186 370 2312 434 Zuerst
1282 408 2312 475 wird in dieser Geschichte der Renuntiationsschrift des
1282 470 2312 521 Herrn Landgrafen auf die Grafschaft Hanau und des=
1292 516 2312 573 Eides, wegen beständiger Erhaltung der protestanti
1290 565 2309 627 schen Religion in denen Heßischen Landen gedacht,
1287 616 2312 673 und beide sind noch einmal hier abgedruckt. So
1287 660 2307 719 dann erscheinen die verschiednen Vorschläge des Herrn
1290 719 2314 776 Landgrafen wegen Wiederlangung der Grafschaft
1290 768 2314 825 Hanau. Und es erhellet daraus, daß das Corpus
1297 817 2312 879 Evangelicorum und der ganze Reichshofrath noch aar
1290 861 2314 922 kein entscheidend Urtheil über diese Sache gefallet
1287 909 2312 971 haben. Endlich hat man die Privatgedanken eines
1292 958 2322 1015 Catholiken über die Religionsveränderung, sodann
1287 1017 2314 1069 die Anmerkungen eines Protestanten darüber, ferner
1290 1056 2314 1112 die Gegenantwort, und noch zuletzt eine historische
1290 1102 2314 1169 Untersuchung: Ob in denen Verzichten derer Durch=
1295 1148 2312 1212 lauchtigsten Oesterreichischen Prinzeßinnen vor dem
1307 1202 2309 1264 Jahr 1719. eine Religionsclausel enthalten sey? wel
1295 1259 2312 1310 ches geläugnet wird, hier wieder abgedruckt. Da das
1295 1297 2307 1364 Ende aller Streitigkeiten wegen dieses Vorfalls noch
1290 1359 2314 1415 nicht da ist: so können wir uns unsers Urtheils über
1290 1410 2309 1472 die entstandne Rechtssache um so mehr enthalten,
1292 1451 2322 1513 als es die Pflicht eines Privatmannes ist, sich in
1300 1510 2320 1567 Streitigkeiten gekrönter und fürstlicher Häupter nicht
1295 1559 2320 1618 zu mischen, zumal durch Urtheile eines Einzelnen
1287 1598 2314 1662 ein solcher Streit niemals entschieden werden kann.
1295 1657 2314 1716 Jedennoch muß es einem Weltbürger, der auch nur
1292 1703 2317 1765 das natürliche Recht, nebst der christlichen Religion
1295 1757 2325 1808 annimmt und kennt, höchst bedenklich scheinen, wenn
1295 1798 2320 1852 man das, was in einer Eidesformel feyerlich, und
1295 1847 2312 1906 bey dem ewigen Worte der Wahrheit versprochen
1300 1893 2314 1957 worden ist, wieder zurück nehmen wil. Auf die
1290 1952 2320 2014 Weise wird ein Eid zuletzt nichts als ein Spieh, und
1295 1998 2322 2055 ein Compliment, um seine nachmalige Absichten zu
1300 2052 2314 2109 verbergen. Der ganze Grund, warum der Herr
1295 2096 2320 2153 Landgraf die Grafschaft Hanau wieder zu denen
1300 2191 2312 2250 Landgraf Wilhelm der 5te sie durch Vermählung mit
1300 2248 2320 2307 einer Gräfin von Hanau erhalten habe, und folglich
1300 2291 2312 2353 die Erbfolge nach dem Recht der Erstgeburt statt fin¬
1292 2348 2317 2407 den müsse. Allein da der Herr Landgraf diesen Ur¬
1305 2394 2312 2458 sprung der Acquisition der Grafschaft schon damals
1295 2445 2312 2507 wusten, als sie die Renuntiationsacte unterzeichne¬
1292 2499 2312 2556 ten: so ist es zu verwundern, daß sich dieselben nicht
1295 2543 2312 2602 damals der Foderung des Alten Hochsel. Landgrafen
1300 2589 2314 2651 nicht widersetzten, und sich aus eben diesem Grunde
1300 2636 2312 2700 von der Renuntiation losmachten. Vielmehr beken¬
1292 2692 2312 2751 nen dieselben, und versiegeln auch dies Bekenntniß
1292 2741 2307 2805 an Eides statt, daß dero Herr Vater primus Acqui¬
1300 2795 2314 2851 rens der Grafschaft Hanau gewesen sind. Wenn
1290 2836 2317 2905 das ist: so kommt ihm unstrittig das Recht zu, einen
1287 2895 2307 2954 von ihm erworbnen Posseß, bey seinen Lebzeiten,
1287 2936 2307 3026 auf welche Art es ihm gefällt, zu vertheilen, oder
2137 2987 2312 3077 darüber
