<?xml version="1.0" encoding="UTF-8" standalone="yes"?>
<PcGts xmlns="http://schema.primaresearch.org/PAGE/gts/pagecontent/2013-07-15" xmlns:xsi="http://www.w3.org/2001/XMLSchema-instance" xsi:schemaLocation="http://schema.primaresearch.org/PAGE/gts/pagecontent/2013-07-15 http://schema.primaresearch.org/PAGE/gts/pagecontent/2013-07-15/pagecontent.xsd">
    <Metadata>
        <Creator>prov=READ-COOP:name=PyLaia@TranskribusPlatform:version=2.15.0:model_id=39995:lm=none:date=27_04_2024_19:07</Creator>
        <Created>2024-04-18T05:58:15.337+02:00</Created>
        <LastChange>2024-04-27T19:07:34.120+02:00</LastChange>
        <TranskribusMetadata docId="1969452" pageId="68735520" pageNr="2" tsid="161298246" status="IN_PROGRESS" userId="222699" imgUrl="https://files.transkribus.eu/Get?id=AVRIFPBWYRCLLJNXZJJSFGGT&amp;fileType=view" xmlUrl="https://files.transkribus.eu/Get?id=XVXBQWZKLRCKZIBQQDSIQYRW" imageId="54998201"/>
    </Metadata>
    <Page imageFilename="68735520.jpg" imageWidth="2479" imageHeight="3508">
        <ReadingOrder>
            <OrderedGroup id="ro_1714237654121" caption="Regions reading order">
                <RegionRefIndexed index="0" regionRef="r_70"/>
                <RegionRefIndexed index="1" regionRef="r_83"/>
                <RegionRefIndexed index="2" regionRef="r_22"/>
                <RegionRefIndexed index="3" regionRef="r_46"/>
                <RegionRefIndexed index="4" regionRef="r_59"/>
            </OrderedGroup>
        </ReadingOrder>
        <Relations/>
        <TextRegion id="r_70" custom="readingOrder {index:0;}">
            <Coords points="227,324 1305,324 1298,1014 227,1014"/>
            <TextLine id="r_70_tl_1" custom="readingOrder {index:0;}">
                <Coords points="613,379 666,370 698,390 743,374 767,386 794,374 806,385 846,370 920,395 919,323 900,330 846,312 801,329 747,322 734,331 691,309 653,317 639,304 613,306"/>
                <Baseline points="620,361 665,361 710,364 755,364 800,364 844,364 889,367 922,364"/>
                <Word id="r_70_tl_1_w1" custom="readingOrder {index:0;}">
                    <Coords points="616,321 616,381 706,381 706,321"/>
                    <TextEquiv>
                        <Unicode>Die</Unicode>
                    </TextEquiv>
                </Word>
                <Word id="r_70_tl_1_w2" custom="readingOrder {index:1;}">
                    <Coords points="746,324 746,384 909,384 909,324"/>
                    <TextEquiv>
                        <Unicode>zwote.</Unicode>
                    </TextEquiv>
                </Word>
                <TextEquiv>
                    <Unicode>Die zwote.</Unicode>
                </TextEquiv>
            </TextLine>
            <TextLine id="r_70_tl_2" custom="readingOrder {index:1;}">
                <Coords points="291,429 1283,430 1283,375 1212,362 1053,396 291,370"/>
                <Baseline points="298,423 301,423 346,420 391,420 435,420 480,420 525,420 570,420 615,423 659,426 704,426 749,426 794,426 838,423 883,426 928,426 973,426 1018,426 1062,426 1107,426 1152,423 1197,420 1241,417 1286,417"/>
                <Word id="r_70_tl_2_w1" custom="readingOrder {index:0;}">
                    <Coords points="299,380 299,440 419,440 419,380"/>
                    <TextEquiv>
                        <Unicode>Worin</Unicode>
                    </TextEquiv>
                </Word>
                <Word id="r_70_tl_2_w2" custom="readingOrder {index:1;}">
                    <Coords points="445,380 445,440 566,440 566,380"/>
                    <TextEquiv>
                        <Unicode>besteht</Unicode>
                    </TextEquiv>
                </Word>
                <Word id="r_70_tl_2_w3" custom="readingOrder {index:2;}">
                    <Coords points="591,383 591,443 639,443 639,383"/>
                    <TextEquiv>
                        <Unicode>die</Unicode>
                    </TextEquiv>
                </Word>
                <Word id="r_70_tl_2_w4" custom="readingOrder {index:3;}">
                    <Coords points="664,386 664,446 913,446 913,386"/>
                    <TextEquiv>
                        <Unicode>Häuslichkeit,</Unicode>
                    </TextEquiv>
                </Word>
                <Word id="r_70_tl_2_w5" custom="readingOrder {index:4;}">
                    <Coords points="932,386 932,446 1054,446 1054,386"/>
                    <TextEquiv>
                        <Unicode>soferne</Unicode>
                    </TextEquiv>
                </Word>
                <Word id="r_70_tl_2_w6" custom="readingOrder {index:5;}">
                    <Coords points="1079,386 1079,446 1114,446 1114,386"/>
                    <TextEquiv>
                        <Unicode>sie</Unicode>
                    </TextEquiv>
                </Word>
                <Word id="r_70_tl_2_w7" custom="readingOrder {index:6;}">
                    <Coords points="1139,381 1139,441 1200,441 1200,381"/>
                    <TextEquiv>
                        <Unicode>mit</Unicode>
                    </TextEquiv>
                </Word>
                <Word id="r_70_tl_2_w8" custom="readingOrder {index:7;}">
                    <Coords points="1219,377 1219,437 1285,437 1285,377"/>
                    <TextEquiv>
                        <Unicode>Ge¬</Unicode>
                    </TextEquiv>
                </Word>
                <TextEquiv>
                    <Unicode>Worin besteht die Häuslichkeit, soferne sie mit Ge¬</Unicode>
                </TextEquiv>
            </TextLine>
            <TextLine id="r_70_tl_3" custom="readingOrder {index:2;}">
                <Coords points="256,499 1278,512 1276,459 254,447"/>
                <Baseline points="262,486 307,486 352,486 397,486 441,483 486,483 531,483 576,483 620,486 665,486 710,489 755,489 800,489 844,489 889,489 934,489 979,489 1024,489 1068,489 1113,489 1158,489 1203,492 1247,489 1280,492"/>
                <Word id="r_70_tl_3_w1" custom="readingOrder {index:0;}">
                    <Coords points="255,446 255,506 414,506 414,446"/>
                    <TextEquiv>
                        <Unicode>selligkeit</Unicode>
                    </TextEquiv>
                </Word>
                <Word id="r_70_tl_3_w2" custom="readingOrder {index:1;}">
                    <Coords points="444,443 444,503 626,503 626,443"/>
                    <TextEquiv>
                        <Unicode>verbunden</Unicode>
                    </TextEquiv>
                </Word>
                <Word id="r_70_tl_3_w3" custom="readingOrder {index:2;}">
                    <Coords points="668,448 668,508 732,508 732,448"/>
                    <TextEquiv>
                        <Unicode>ist;</Unicode>
                    </TextEquiv>
                </Word>
                <Word id="r_70_tl_3_w4" custom="readingOrder {index:3;}">
                    <Coords points="774,449 774,509 880,509 880,449"/>
                    <TextEquiv>
                        <Unicode>worin</Unicode>
                    </TextEquiv>
                </Word>
                <Word id="r_70_tl_3_w5" custom="readingOrder {index:4;}">
                    <Coords points="922,449 922,509 968,509 968,449"/>
                    <TextEquiv>
                        <Unicode>die</Unicode>
                    </TextEquiv>
                </Word>
                <Word id="r_70_tl_3_w6" custom="readingOrder {index:5;}">
                    <Coords points="998,449 998,509 1269,509 1269,449"/>
                    <TextEquiv>
                        <Unicode>gesellschaftliche</Unicode>
                    </TextEquiv>
                </Word>
                <TextEquiv>
                    <Unicode>selligkeit verbunden ist; worin die gesellschaftliche</Unicode>
                </TextEquiv>
            </TextLine>
            <TextLine id="r_70_tl_4" custom="readingOrder {index:3;}">
                <Coords points="249,576 1278,574 1265,507 249,518"/>
                <Baseline points="256,549 301,549 346,546 391,546 435,546 480,546 525,549 570,549 615,549 659,549 704,549 749,549 794,549 838,549 883,549 928,552 973,552 1018,552 1062,549 1107,552 1152,549 1197,549 1241,552 1280,549"/>
                <Word id="r_70_tl_4_w1" custom="readingOrder {index:0;}">
                    <Coords points="255,506 255,566 415,566 415,506"/>
                    <TextEquiv>
                        <Unicode>Neigung</Unicode>
                    </TextEquiv>
                </Word>
                <Word id="r_70_tl_4_w2" custom="readingOrder {index:1;}">
                    <Coords points="455,507 455,567 537,567 537,507"/>
                    <TextEquiv>
                        <Unicode>ohne</Unicode>
                    </TextEquiv>
                </Word>
                <Word id="r_70_tl_4_w3" custom="readingOrder {index:2;}">
                    <Coords points="565,509 565,569 826,569 826,509"/>
                    <TextEquiv>
                        <Unicode>Häuslichkeit;</Unicode>
                    </TextEquiv>
                </Word>
                <Word id="r_70_tl_4_w4" custom="readingOrder {index:3;}">
                    <Coords points="865,512 865,572 1037,572 1037,512"/>
                    <TextEquiv>
                        <Unicode>worinnen</Unicode>
                    </TextEquiv>
                </Word>
                <Word id="r_70_tl_4_w5" custom="readingOrder {index:4;}">
                    <Coords points="1076,510 1076,570 1192,570 1192,510"/>
                    <TextEquiv>
                        <Unicode>endlich</Unicode>
                    </TextEquiv>
                </Word>
                <Word id="r_70_tl_4_w6" custom="readingOrder {index:5;}">
                    <Coords points="1226,511 1226,571 1275,571 1275,511"/>
                    <TextEquiv>
                        <Unicode>die</Unicode>
                    </TextEquiv>
                </Word>
                <TextEquiv>
                    <Unicode>Neigung ohne Häuslichkeit; worinnen endlich die</Unicode>
                </TextEquiv>
            </TextLine>
            <TextLine id="r_70_tl_5" custom="readingOrder {index:4;}">
                <Coords points="249,626 1284,627 1267,568 249,581"/>
                <Baseline points="256,609 301,612 346,612 391,612 435,612 480,612 525,612 570,612 615,612 659,612 704,615 749,615 794,612 838,612 883,612 928,612 973,612 1018,612 1062,612 1107,612 1152,612 1197,612 1241,612 1286,615"/>
                <Word id="r_70_tl_5_w1" custom="readingOrder {index:0;}">
                    <Coords points="256,572 256,632 452,632 452,572"/>
                    <TextEquiv>
                        <Unicode>ungesellige</Unicode>
                    </TextEquiv>
                </Word>
                <Word id="r_70_tl_5_w2" custom="readingOrder {index:1;}">
                    <Coords points="481,572 481,632 730,632 730,572"/>
                    <TextEquiv>
                        <Unicode>Häuslichkeit.</Unicode>
                    </TextEquiv>
                </Word>
                <Word id="r_70_tl_5_w3" custom="readingOrder {index:2;}">
                    <Coords points="801,572 801,632 910,632 910,572"/>
                    <TextEquiv>
                        <Unicode>Diese</Unicode>
                    </TextEquiv>
                </Word>
                <Word id="r_70_tl_5_w4" custom="readingOrder {index:3;}">
                    <Coords points="934,572 934,632 1176,632 1176,572"/>
                    <TextEquiv>
                        <Unicode>Eigenschaften</Unicode>
                    </TextEquiv>
                </Word>
                <Word id="r_70_tl_5_w5" custom="readingOrder {index:4;}">
                    <Coords points="1218,572 1218,632 1280,632 1280,572"/>
                    <TextEquiv>
                        <Unicode>mit</Unicode>
                    </TextEquiv>
                </Word>
                <TextEquiv>
                    <Unicode>ungesellige Häuslichkeit. Diese Eigenschaften mit</Unicode>
                </TextEquiv>
            </TextLine>
            <TextLine id="r_70_tl_6" custom="readingOrder {index:5;}">
                <Coords points="249,686 1280,690 1280,638 1181,624 249,636"/>
                <Baseline points="256,671 301,671 346,671 391,671 435,671 480,674 525,674 570,674 615,674 659,674 704,674 749,674 794,674 838,674 883,674 928,674 973,674 1018,674 1062,674 1107,674 1152,674 1197,671 1241,671 1283,674"/>
                <Word id="r_70_tl_6_w1" custom="readingOrder {index:0;}">
                    <Coords points="255,631 255,691 343,691 343,631"/>
                    <TextEquiv>
                        <Unicode>ihren</Unicode>
                    </TextEquiv>
                </Word>
                <Word id="r_70_tl_6_w2" custom="readingOrder {index:1;}">
                    <Coords points="377,632 377,692 525,692 525,632"/>
                    <TextEquiv>
                        <Unicode>Ursachen</Unicode>
                    </TextEquiv>
                </Word>
                <Word id="r_70_tl_6_w3" custom="readingOrder {index:2;}">
                    <Coords points="553,634 553,694 614,694 614,634"/>
                    <TextEquiv>
                        <Unicode>und</Unicode>
                    </TextEquiv>
                </Word>
                <Word id="r_70_tl_6_w4" custom="readingOrder {index:3;}">
                    <Coords points="642,634 642,694 757,694 757,634"/>
                    <TextEquiv>
                        <Unicode>Folgen</Unicode>
                    </TextEquiv>
                </Word>
                <Word id="r_70_tl_6_w5" custom="readingOrder {index:4;}">
                    <Coords points="786,634 786,694 940,694 940,634"/>
                    <TextEquiv>
                        <Unicode>verlangt</Unicode>
                    </TextEquiv>
                </Word>
                <Word id="r_70_tl_6_w6" custom="readingOrder {index:5;}">
                    <Coords points="963,634 963,694 1029,694 1029,634"/>
                    <TextEquiv>
                        <Unicode>man</Unicode>
                    </TextEquiv>
                </Word>
                <Word id="r_70_tl_6_w7" custom="readingOrder {index:6;}">
                    <Coords points="1068,634 1068,694 1156,694 1156,634"/>
                    <TextEquiv>
                        <Unicode>durch</Unicode>
                    </TextEquiv>
                </Word>
                <Word id="r_70_tl_6_w8" custom="readingOrder {index:7;}">
                    <Coords points="1184,631 1184,691 1277,691 1277,631"/>
                    <TextEquiv>
                        <Unicode>Bey¬</Unicode>
                    </TextEquiv>
                </Word>
                <TextEquiv>
                    <Unicode>ihren Ursachen und Folgen verlangt man durch Bey¬</Unicode>
                </TextEquiv>
            </TextLine>
            <TextLine id="r_70_tl_7" custom="readingOrder {index:6;}">
                <Coords points="249,748 1278,768 1278,704 1043,683 888,712 786,678 670,709 249,686"/>
                <Baseline points="256,734 301,734 346,734 391,737 435,737 480,737 525,737 570,737 615,737 659,737 704,737 749,737 794,737 838,737 883,737 928,737 973,737 1018,737 1062,737 1107,740 1152,740 1197,740 1241,737 1280,740"/>
                <Word id="r_70_tl_7_w1" custom="readingOrder {index:0;}">
                    <Coords points="256,694 256,754 348,754 348,694"/>
                    <TextEquiv>
                        <Unicode>spiele</Unicode>
                    </TextEquiv>
                </Word>
                <Word id="r_70_tl_7_w2" custom="readingOrder {index:1;}">
                    <Coords points="372,697 372,757 430,757 430,697"/>
                    <TextEquiv>
                        <Unicode>von</Unicode>
                    </TextEquiv>
                </Word>
                <Word id="r_70_tl_7_w3" custom="readingOrder {index:2;}">
                    <Coords points="460,697 460,757 605,757 605,697"/>
                    <TextEquiv>
                        <Unicode>Städten</Unicode>
                    </TextEquiv>
                </Word>
                <Word id="r_70_tl_7_w4" custom="readingOrder {index:3;}">
                    <Coords points="640,697 640,757 698,757 698,697"/>
                    <TextEquiv>
                        <Unicode>und</Unicode>
                    </TextEquiv>
                </Word>
                <Word id="r_70_tl_7_w5" custom="readingOrder {index:4;}">
                    <Coords points="728,697 728,757 902,757 902,697"/>
                    <TextEquiv>
                        <Unicode>Ländern,</Unicode>
                    </TextEquiv>
                </Word>
                <Word id="r_70_tl_7_w6" custom="readingOrder {index:5;}">
                    <Coords points="932,697 932,757 983,757 983,697"/>
                    <TextEquiv>
                        <Unicode>der</Unicode>
                    </TextEquiv>
                </Word>
                <Word id="r_70_tl_7_w7" custom="readingOrder {index:6;}">
                    <Coords points="1008,698 1008,758 1164,758 1164,698"/>
                    <TextEquiv>
                        <Unicode>jetzigen,</Unicode>
                    </TextEquiv>
                </Word>
                <Word id="r_70_tl_7_w8" custom="readingOrder {index:7;}">
                    <Coords points="1200,697 1200,757 1274,757 1274,697"/>
                    <TextEquiv>
                        <Unicode>oder</Unicode>
                    </TextEquiv>
                </Word>
                <TextEquiv>
                    <Unicode>spiele von Städten und Ländern, der jetzigen, oder</Unicode>
                </TextEquiv>
            </TextLine>
            <TextLine id="r_70_tl_8" custom="readingOrder {index:7;}">
                <Coords points="252,821 993,816 993,774 920,752 252,768"/>
                <Baseline points="259,800 304,800 349,800 394,800 438,800 483,800 528,797 573,800 618,800 662,800 707,800 752,800 797,797 841,797 886,797 931,800 976,800 997,800"/>
                <Word id="r_70_tl_8_w1" custom="readingOrder {index:0;}">
                    <Coords points="259,760 259,820 332,820 332,760"/>
                    <TextEquiv>
                        <Unicode>auch</Unicode>
                    </TextEquiv>
                </Word>
                <Word id="r_70_tl_8_w2" custom="readingOrder {index:1;}">
                    <Coords points="361,760 361,820 487,820 487,760"/>
                    <TextEquiv>
                        <Unicode>vorigen</Unicode>
                    </TextEquiv>
                </Word>
                <Word id="r_70_tl_8_w3" custom="readingOrder {index:2;}">
                    <Coords points="522,760 522,820 624,820 624,760"/>
                    <TextEquiv>
                        <Unicode>Zeiten</Unicode>
                    </TextEquiv>
                </Word>
                <Word id="r_70_tl_8_w4" custom="readingOrder {index:3;}">
                    <Coords points="653,760 653,820 813,820 813,760"/>
                    <TextEquiv>
                        <Unicode>erlaͤutert</Unicode>
                    </TextEquiv>
                </Word>
                <Word id="r_70_tl_8_w5" custom="readingOrder {index:4;}">
                    <Coords points="831,757 831,817 864,817 864,757"/>
                    <TextEquiv>
                        <Unicode>zu</Unicode>
                    </TextEquiv>
                </Word>
                <Word id="r_70_tl_8_w6" custom="readingOrder {index:5;}">
                    <Coords points="893,760 893,820 984,820 984,760"/>
                    <TextEquiv>
                        <Unicode>sehn.</Unicode>
                    </TextEquiv>
                </Word>
                <TextEquiv>
                    <Unicode>auch vorigen Zeiten erlaͤutert zu sehn.</Unicode>
                </TextEquiv>
            </TextLine>
            <TextLine id="r_70_tl_9" custom="readingOrder {index:8;}">
                <Coords points="301,867 1287,875 1285,829 1219,816 300,827"/>
                <Baseline points="307,856 352,856 397,856 441,859 486,859 531,859 576,859 620,859 665,859 710,859 755,859 800,859 844,856 889,859 934,859 979,859 1024,859 1068,859 1113,859 1158,862 1203,859 1247,859 1289,859"/>
                <Word id="r_70_tl_9_w1" custom="readingOrder {index:0;}">
                    <Coords points="307,816 307,876 374,876 374,816"/>
                    <TextEquiv>
                        <Unicode>Die</Unicode>
                    </TextEquiv>
                </Word>
                <Word id="r_70_tl_9_w2" custom="readingOrder {index:1;}">
                    <Coords points="397,819 397,879 659,879 659,819"/>
                    <TextEquiv>
                        <Unicode>Abhandlungen</Unicode>
                    </TextEquiv>
                </Word>
                <Word id="r_70_tl_9_w3" custom="readingOrder {index:2;}">
                    <Coords points="688,819 688,879 812,879 812,819"/>
                    <TextEquiv>
                        <Unicode>werden</Unicode>
                    </TextEquiv>
                </Word>
                <Word id="r_70_tl_9_w4" custom="readingOrder {index:3;}">
                    <Coords points="841,817 841,877 891,877 891,817"/>
                    <TextEquiv>
                        <Unicode>bis</Unicode>
                    </TextEquiv>
                </Word>
                <Word id="r_70_tl_9_w5" custom="readingOrder {index:4;}">
                    <Coords points="920,819 920,879 983,879 983,819"/>
                    <TextEquiv>
                        <Unicode>ans</Unicode>
                    </TextEquiv>
                </Word>
                <Word id="r_70_tl_9_w6" custom="readingOrder {index:5;}">
                    <Coords points="1006,819 1006,879 1096,879 1096,819"/>
                    <TextEquiv>
                        <Unicode>Ende</Unicode>
                    </TextEquiv>
                </Word>
                <Word id="r_70_tl_9_w7" custom="readingOrder {index:6;}">
                    <Coords points="1125,821 1125,881 1182,881 1182,821"/>
                    <TextEquiv>
                        <Unicode>des</Unicode>
                    </TextEquiv>
                </Word>
                <Word id="r_70_tl_9_w8" custom="readingOrder {index:7;}">
                    <Coords points="1211,819 1211,879 1278,879 1278,819"/>
                    <TextEquiv>
                        <Unicode>Ju¬</Unicode>
                    </TextEquiv>
                </Word>
                <TextEquiv>
                    <Unicode>Die Abhandlungen werden bis ans Ende des Ju¬</Unicode>
                </TextEquiv>
            </TextLine>
            <TextLine id="r_70_tl_10" custom="readingOrder {index:9;}">
                <Coords points="244,948 797,924 1282,957 1280,875 242,884"/>
                <Baseline points="250,919 253,919 298,919 343,919 388,922 432,922 477,922 522,922 567,922 612,922 656,922 701,922 746,922 791,922 835,919 880,922 925,922 970,925 1015,925 1059,925 1104,925 1149,925 1194,925 1238,922 1283,916"/>
                <Word id="r_70_tl_10_w1" custom="readingOrder {index:0;}">
                    <Coords points="248,879 248,939 314,939 314,879"/>
                    <TextEquiv>
                        <Unicode>lius</Unicode>
                    </TextEquiv>
                </Word>
                <Word id="r_70_tl_10_w2" custom="readingOrder {index:1;}">
                    <Coords points="343,882 343,942 610,942 610,882"/>
                    <TextEquiv>
                        <Unicode>angenommen,</Unicode>
                    </TextEquiv>
                </Word>
                <Word id="r_70_tl_10_w3" custom="readingOrder {index:2;}">
                    <Coords points="638,882 638,942 699,942 699,882"/>
                    <TextEquiv>
                        <Unicode>und</Unicode>
                    </TextEquiv>
                </Word>
                <Word id="r_70_tl_10_w4" custom="readingOrder {index:3;}">
                    <Coords points="727,882 727,942 777,942 777,882"/>
                    <TextEquiv>
                        <Unicode>der</Unicode>
                    </TextEquiv>
                </Word>
                <Word id="r_70_tl_10_w5" custom="readingOrder {index:4;}">
                    <Coords points="806,880 806,940 905,940 905,880"/>
                    <TextEquiv>
                        <Unicode>Preis</Unicode>
                    </TextEquiv>
                </Word>
                <Word id="r_70_tl_10_w6" custom="readingOrder {index:5;}">
                    <Coords points="934,883 934,943 961,943 961,883"/>
                    <TextEquiv>
                        <Unicode>zu</Unicode>
                    </TextEquiv>
                </Word>
                <Word id="r_70_tl_10_w7" custom="readingOrder {index:6;}">
                    <Coords points="990,885 990,945 1084,945 1084,885"/>
                    <TextEquiv>
                        <Unicode>Ende</Unicode>
                    </TextEquiv>
                </Word>
                <Word id="r_70_tl_10_w8" custom="readingOrder {index:7;}">
                    <Coords points="1107,885 1107,945 1157,945 1157,885"/>
                    <TextEquiv>
                        <Unicode>des</Unicode>
                    </TextEquiv>
                </Word>
                <Word id="r_70_tl_10_w9" custom="readingOrder {index:8;}">
                    <Coords points="1185,882 1185,942 1279,942 1279,882"/>
                    <TextEquiv>
                        <Unicode>Sep¬</Unicode>
                    </TextEquiv>
                </Word>
                <TextEquiv>
                    <Unicode>lius angenommen, und der Preis zu Ende des Sep¬</Unicode>
                </TextEquiv>
            </TextLine>
            <TextLine id="r_70_tl_11" custom="readingOrder {index:10;}">
                <Coords points="246,1010 331,993 576,1029 657,1005 884,1013 884,956 759,939 246,954"/>
                <Baseline points="253,982 298,985 343,985 388,988 432,988 477,988 522,991 567,988 612,991 656,988 701,988 746,988 791,988 835,988 880,988 886,991"/>
                <Word id="r_70_tl_11_w1" custom="readingOrder {index:0;}">
                    <Coords points="260,945 260,1005 402,1005 402,945"/>
                    <TextEquiv>
                        <Unicode>tembers</Unicode>
                    </TextEquiv>
                </Word>
                <Word id="r_70_tl_11_w2" custom="readingOrder {index:1;}">
                    <Coords points="428,948 428,1008 520,1008 520,948"/>
                    <TextEquiv>
                        <Unicode>dieses</Unicode>
                    </TextEquiv>
                </Word>
                <Word id="r_70_tl_11_w3" custom="readingOrder {index:2;}">
                    <Coords points="552,950 552,1010 663,1010 663,950"/>
                    <TextEquiv>
                        <Unicode>Jahrs</Unicode>
                    </TextEquiv>
                </Word>
                <Word id="r_70_tl_11_w4" custom="readingOrder {index:3;}">
                    <Coords points="688,948 688,1008 880,1008 880,948"/>
                    <TextEquiv>
                        <Unicode>zuerkannt.</Unicode>
                    </TextEquiv>
                </Word>
                <TextEquiv>
                    <Unicode>tembers dieses Jahrs zuerkannt.</Unicode>
                </TextEquiv>
            </TextLine>
            <TextEquiv>
                <Unicode></Unicode>
            </TextEquiv>
        </TextRegion>
        <TextRegion id="r_83" custom="readingOrder {index:1;}">
            <Coords points="1297,1095 1278,2920 227,2922 227,1095"/>
            <TextLine id="r_83_tl_1" custom="readingOrder {index:0;}">
                <Coords points="654,1168 673,1162 690,1171 709,1164 756,1173 780,1167 804,1177 828,1167 842,1176 875,1163 874,1125 838,1129 820,1112 802,1123 780,1123 684,1106 670,1111 653,1102"/>
                <Baseline points="662,1155 707,1158 752,1158 797,1158 841,1158 877,1158"/>
                <Word id="r_83_tl_1_w1" custom="readingOrder {index:0;}">
                    <Coords points="662,1118 662,1178 871,1178 871,1118"/>
                    <TextEquiv>
                        <Unicode>Leipzig.</Unicode>
                    </TextEquiv>
                </Word>
                <TextEquiv>
                    <Unicode>Leipzig.</Unicode>
                </TextEquiv>
            </TextLine>
            <TextLine id="r_83_tl_2" custom="readingOrder {index:1;}">
                <Coords points="300,1223 1276,1220 1256,1146 1035,1177 300,1164"/>
                <Baseline points="307,1203 340,1200 385,1206 429,1206 474,1206 519,1203 564,1203 609,1203 653,1203 698,1206 743,1206 788,1206 832,1203 877,1203 922,1203 967,1203 1012,1203 1056,1203 1101,1200 1146,1200 1191,1200 1236,1200 1280,1200"/>
                <Word id="r_83_tl_2_w1" custom="readingOrder {index:0;}">
                    <Coords points="306,1160 306,1220 377,1220 377,1160"/>
                    <TextEquiv>
                        <Unicode>Die</Unicode>
                    </TextEquiv>
                </Word>
                <Word id="r_83_tl_2_w2" custom="readingOrder {index:1;}">
                    <Coords points="395,1166 395,1226 549,1226 549,1166"/>
                    <TextEquiv>
                        <Unicode>Dykische</Unicode>
                    </TextEquiv>
                </Word>
                <Word id="r_83_tl_2_w3" custom="readingOrder {index:2;}">
                    <Coords points="566,1166 566,1226 831,1226 831,1166"/>
                    <TextEquiv>
                        <Unicode>Buchhandlung</Unicode>
                    </TextEquiv>
                </Word>
                <Word id="r_83_tl_2_w4" custom="readingOrder {index:3;}">
                    <Coords points="854,1163 854,1223 908,1223 908,1163"/>
                    <TextEquiv>
                        <Unicode>hat</Unicode>
                    </TextEquiv>
                </Word>
                <Word id="r_83_tl_2_w5" custom="readingOrder {index:4;}">
                    <Coords points="931,1163 931,1223 1074,1223 1074,1163"/>
                    <TextEquiv>
                        <Unicode>verlegt:</Unicode>
                    </TextEquiv>
                </Word>
                <Word id="r_83_tl_2_w6" custom="readingOrder {index:5;}">
                    <Coords points="1102,1160 1102,1220 1174,1220 1174,1160"/>
                    <TextEquiv>
                        <Unicode>"D.</Unicode>
                    </TextEquiv>
                </Word>
                <Word id="r_83_tl_2_w7" custom="readingOrder {index:6;}">
                    <Coords points="1191,1160 1191,1220 1279,1220 1279,1160"/>
                    <TextEquiv>
                        <Unicode>Da=</Unicode>
                    </TextEquiv>
                </Word>
                <TextEquiv>
                    <Unicode>Die Dykische Buchhandlung hat verlegt: "D. Da=</Unicode>
                </TextEquiv>
            </TextLine>
            <TextLine id="r_83_tl_3" custom="readingOrder {index:2;}">
                <Coords points="252,1249 1276,1266 1276,1220 1112,1199 956,1244 252,1211"/>
                <Baseline points="259,1238 304,1250 349,1253 394,1250 438,1250 483,1253 528,1250 573,1250 618,1250 662,1247 707,1247 752,1250 797,1250 841,1250 886,1250 931,1253 976,1253 1021,1253 1065,1250 1110,1247 1155,1250 1200,1247 1244,1250 1280,1247"/>
                <Word id="r_83_tl_3_w1" custom="readingOrder {index:0;}">
                    <Coords points="252,1210 252,1270 373,1270 373,1210"/>
                    <TextEquiv>
                        <Unicode>"niel</Unicode>
                    </TextEquiv>
                </Word>
                <Word id="r_83_tl_3_w2" custom="readingOrder {index:1;}">
                    <Coords points="400,1210 400,1270 638,1270 638,1210"/>
                    <TextEquiv>
                        <Unicode>Gottfried</Unicode>
                    </TextEquiv>
                </Word>
                <Word id="r_83_tl_3_w3" custom="readingOrder {index:2;}">
                    <Coords points="670,1210 670,1270 945,1270 945,1210"/>
                    <TextEquiv>
                        <Unicode>Schrebers,</Unicode>
                    </TextEquiv>
                </Word>
                <Word id="r_83_tl_3_w4" custom="readingOrder {index:3;}">
                    <Coords points="983,1213 983,1273 1052,1273 1052,1213"/>
                    <TextEquiv>
                        <Unicode>zwo</Unicode>
                    </TextEquiv>
                </Word>
                <Word id="r_83_tl_3_w5" custom="readingOrder {index:4;}">
                    <Coords points="1095,1208 1095,1268 1263,1268 1263,1208"/>
                    <TextEquiv>
                        <Unicode>Schriften</Unicode>
                    </TextEquiv>
                </Word>
                <TextEquiv>
                    <Unicode>"niel Gottfried Schrebers, zwo Schriften</Unicode>
                </TextEquiv>
            </TextLine>
            <TextLine id="r_83_tl_4" custom="readingOrder {index:3;}">
                <Coords points="242,1301 1282,1315 1280,1271 1172,1257 242,1258"/>
                <Baseline points="250,1286 295,1295 340,1301 385,1301 429,1301 474,1298 519,1298 564,1298 609,1298 653,1298 698,1301 743,1301 788,1301 832,1301 877,1301 922,1301 967,1301 1012,1301 1056,1301 1101,1301 1146,1301 1191,1301 1236,1301 1280,1298 1283,1298"/>
                <Word id="r_83_tl_4_w1" custom="readingOrder {index:0;}">
                    <Coords points="247,1253 247,1313 332,1313 332,1253"/>
                    <TextEquiv>
                        <Unicode>"von</Unicode>
                    </TextEquiv>
                </Word>
                <Word id="r_83_tl_4_w2" custom="readingOrder {index:1;}">
                    <Coords points="370,1261 370,1321 422,1321 422,1261"/>
                    <TextEquiv>
                        <Unicode>der</Unicode>
                    </TextEquiv>
                </Word>
                <Word id="r_83_tl_4_w3" custom="readingOrder {index:2;}">
                    <Coords points="445,1258 445,1318 630,1318 630,1258"/>
                    <TextEquiv>
                        <Unicode>Geschichte</Unicode>
                    </TextEquiv>
                </Word>
                <Word id="r_83_tl_4_w4" custom="readingOrder {index:3;}">
                    <Coords points="658,1260 658,1320 721,1320 721,1260"/>
                    <TextEquiv>
                        <Unicode>und</Unicode>
                    </TextEquiv>
                </Word>
                <Word id="r_83_tl_4_w5" custom="readingOrder {index:4;}">
                    <Coords points="753,1261 753,1321 1056,1321 1056,1261"/>
                    <TextEquiv>
                        <Unicode>Nothwendigkeit</Unicode>
                    </TextEquiv>
                </Word>
                <Word id="r_83_tl_4_w6" custom="readingOrder {index:5;}">
                    <Coords points="1084,1261 1084,1321 1136,1321 1136,1261"/>
                    <TextEquiv>
                        <Unicode>der</Unicode>
                    </TextEquiv>
                </Word>
                <Word id="r_83_tl_4_w7" custom="readingOrder {index:6;}">
                    <Coords points="1158,1261 1158,1321 1274,1321 1274,1261"/>
                    <TextEquiv>
                        <Unicode>Came¬</Unicode>
                    </TextEquiv>
                </Word>
                <TextEquiv>
                    <Unicode>"von der Geschichte und Nothwendigkeit der Came¬</Unicode>
                </TextEquiv>
            </TextLine>
            <TextLine id="r_83_tl_5" custom="readingOrder {index:4;}">
                <Coords points="242,1349 1278,1360 1278,1317 1218,1309 242,1310"/>
                <Baseline points="250,1337 295,1343 340,1352 385,1352 429,1352 474,1352 519,1352 564,1352 609,1349 653,1349 698,1352 743,1349 788,1352 832,1352 877,1352 922,1349 967,1355 1012,1352 1056,1355 1101,1352 1146,1352 1191,1352 1236,1352 1280,1355"/>
                <Word id="r_83_tl_5_w1" custom="readingOrder {index:0;}">
                    <Coords points="248,1312 248,1372 611,1372 611,1312"/>
                    <TextEquiv>
                        <Unicode>„ralwissenschaften,</Unicode>
                    </TextEquiv>
                </Word>
                <Word id="r_83_tl_5_w2" custom="readingOrder {index:1;}">
                    <Coords points="646,1309 646,1369 673,1369 673,1309"/>
                    <TextEquiv>
                        <Unicode>in</Unicode>
                    </TextEquiv>
                </Word>
                <Word id="r_83_tl_5_w3" custom="readingOrder {index:2;}">
                    <Coords points="714,1311 714,1371 838,1371 838,1311"/>
                    <TextEquiv>
                        <Unicode>soferne</Unicode>
                    </TextEquiv>
                </Word>
                <Word id="r_83_tl_5_w4" custom="readingOrder {index:3;}">
                    <Coords points="872,1311 872,1371 911,1371 911,1311"/>
                    <TextEquiv>
                        <Unicode>sie</Unicode>
                    </TextEquiv>
                </Word>
                <Word id="r_83_tl_5_w5" custom="readingOrder {index:4;}">
                    <Coords points="947,1314 947,1374 997,1374 997,1314"/>
                    <TextEquiv>
                        <Unicode>als</Unicode>
                    </TextEquiv>
                </Word>
                <Word id="r_83_tl_5_w6" custom="readingOrder {index:5;}">
                    <Coords points="1037,1312 1037,1372 1275,1372 1275,1312"/>
                    <TextEquiv>
                        <Unicode>Universitäts¬</Unicode>
                    </TextEquiv>
                </Word>
                <TextEquiv>
                    <Unicode>„ralwissenschaften, in soferne sie als Universitäts¬</Unicode>
                </TextEquiv>
            </TextLine>
            <TextLine id="r_83_tl_6" custom="readingOrder {index:5;}">
                <Coords points="242,1405 1256,1424 1256,1362 837,1388 774,1357 242,1349"/>
                <Baseline points="250,1385 295,1397 340,1403 385,1406 429,1403 474,1403 519,1403 564,1406 609,1403 653,1403 698,1403 743,1403 788,1403 832,1403 877,1403 922,1403 967,1406 1012,1406 1056,1406 1101,1406 1146,1403 1191,1406 1236,1406 1259,1409"/>
                <Word id="r_83_tl_6_w1" custom="readingOrder {index:0;}">
                    <Coords points="250,1366 250,1426 520,1426 520,1366"/>
                    <TextEquiv>
                        <Unicode>„wissenschaften</Unicode>
                    </TextEquiv>
                </Word>
                <Word id="r_83_tl_6_w2" custom="readingOrder {index:1;}">
                    <Coords points="551,1363 551,1423 726,1423 726,1363"/>
                    <TextEquiv>
                        <Unicode>anzusehen</Unicode>
                    </TextEquiv>
                </Word>
                <Word id="r_83_tl_6_w3" custom="readingOrder {index:2;}">
                    <Coords points="757,1363 757,1423 835,1423 835,1363"/>
                    <TextEquiv>
                        <Unicode>sind.</Unicode>
                    </TextEquiv>
                </Word>
                <Word id="r_83_tl_6_w4" custom="readingOrder {index:3;}">
                    <Coords points="866,1363 866,1423 901,1423 901,1363"/>
                    <TextEquiv>
                        <Unicode>10</Unicode>
                    </TextEquiv>
                </Word>
                <Word id="r_83_tl_6_w5" custom="readingOrder {index:4;}">
                    <Coords points="933,1366 933,1426 1047,1426 1047,1366"/>
                    <TextEquiv>
                        <Unicode>Bogen</Unicode>
                    </TextEquiv>
                </Word>
                <Word id="r_83_tl_6_w6" custom="readingOrder {index:5;}">
                    <Coords points="1078,1365 1078,1425 1149,1425 1149,1365"/>
                    <TextEquiv>
                        <Unicode>groß</Unicode>
                    </TextEquiv>
                </Word>
                <Word id="r_83_tl_6_w7" custom="readingOrder {index:6;}">
                    <Coords points="1174,1366 1174,1426 1246,1426 1246,1366"/>
                    <TextEquiv>
                        <Unicode>8vo.</Unicode>
                    </TextEquiv>
                </Word>
                <TextEquiv>
                    <Unicode>„wissenschaften anzusehen sind. 10 Bogen groß 8vo.</Unicode>
                </TextEquiv>
            </TextLine>
            <TextLine id="r_83_tl_7" custom="readingOrder {index:6;}">
                <Coords points="237,1468 1274,1475 1274,1422 1162,1411 237,1411"/>
                <Baseline points="244,1453 289,1453 334,1453 379,1456 423,1456 468,1453 513,1453 558,1456 603,1456 647,1456 692,1456 737,1456 782,1453 826,1453 871,1456 916,1456 961,1456 1006,1456 1050,1456 1095,1456 1140,1456 1185,1456 1230,1456 1274,1456 1277,1456"/>
                <Word id="r_83_tl_7_w1" custom="readingOrder {index:0;}">
                    <Coords points="243,1413 243,1473 328,1473 328,1413"/>
                    <TextEquiv>
                        <Unicode>Der</Unicode>
                    </TextEquiv>
                </Word>
                <Word id="r_83_tl_7_w2" custom="readingOrder {index:1;}">
                    <Coords points="351,1413 351,1473 633,1473 633,1413"/>
                    <TextEquiv>
                        <Unicode>liebenswürdige</Unicode>
                    </TextEquiv>
                </Word>
                <Word id="r_83_tl_7_w3" custom="readingOrder {index:2;}">
                    <Coords points="656,1416 656,1476 723,1476 723,1416"/>
                    <TextEquiv>
                        <Unicode>Hr.</Unicode>
                    </TextEquiv>
                </Word>
                <Word id="r_83_tl_7_w4" custom="readingOrder {index:3;}">
                    <Coords points="741,1414 741,1474 785,1474 785,1414"/>
                    <TextEquiv>
                        <Unicode>D.</Unicode>
                    </TextEquiv>
                </Word>
                <Word id="r_83_tl_7_w5" custom="readingOrder {index:4;}">
                    <Coords points="814,1416 814,1476 1028,1476 1028,1416"/>
                    <TextEquiv>
                        <Unicode>Schreber</Unicode>
                    </TextEquiv>
                </Word>
                <Word id="r_83_tl_7_w6" custom="readingOrder {index:5;}">
                    <Coords points="1063,1416 1063,1476 1170,1476 1170,1416"/>
                    <TextEquiv>
                        <Unicode>theilet</Unicode>
                    </TextEquiv>
                </Word>
                <Word id="r_83_tl_7_w7" custom="readingOrder {index:6;}">
                    <Coords points="1199,1416 1199,1476 1260,1476 1260,1416"/>
                    <TextEquiv>
                        <Unicode>uns</Unicode>
                    </TextEquiv>
                </Word>
                <TextEquiv>
                    <Unicode>Der liebenswürdige Hr. D. Schreber theilet uns</Unicode>
                </TextEquiv>
            </TextLine>
            <TextLine id="r_83_tl_8" custom="readingOrder {index:7;}">
                <Coords points="242,1521 1271,1516 1271,1477 1203,1463 242,1468"/>
                <Baseline points="250,1504 295,1504 340,1507 385,1504 429,1507 474,1504 519,1504 564,1507 609,1507 653,1507 698,1504 743,1501 788,1504 832,1504 877,1504 922,1507 967,1504 1012,1504 1056,1507 1101,1504 1146,1507 1191,1504 1236,1504 1274,1504"/>
                <Word id="r_83_tl_8_w1" custom="readingOrder {index:0;}">
                    <Coords points="247,1464 247,1524 368,1524 368,1464"/>
                    <TextEquiv>
                        <Unicode>hiemit</Unicode>
                    </TextEquiv>
                </Word>
                <Word id="r_83_tl_8_w2" custom="readingOrder {index:1;}">
                    <Coords points="401,1466 401,1526 453,1526 453,1466"/>
                    <TextEquiv>
                        <Unicode>das</Unicode>
                    </TextEquiv>
                </Word>
                <Word id="r_83_tl_8_w3" custom="readingOrder {index:2;}">
                    <Coords points="496,1467 496,1527 750,1527 750,1467"/>
                    <TextEquiv>
                        <Unicode>Programma,</Unicode>
                    </TextEquiv>
                </Word>
                <Word id="r_83_tl_8_w4" custom="readingOrder {index:3;}">
                    <Coords points="787,1464 787,1524 851,1524 851,1464"/>
                    <TextEquiv>
                        <Unicode>und</Unicode>
                    </TextEquiv>
                </Word>
                <Word id="r_83_tl_8_w5" custom="readingOrder {index:4;}">
                    <Coords points="888,1466 888,1526 935,1526 935,1466"/>
                    <TextEquiv>
                        <Unicode>die</Unicode>
                    </TextEquiv>
                </Word>
                <Word id="r_83_tl_8_w6" custom="readingOrder {index:5;}">
                    <Coords points="967,1466 967,1526 1147,1526 1147,1466"/>
                    <TextEquiv>
                        <Unicode>öffentliche</Unicode>
                    </TextEquiv>
                </Word>
                <Word id="r_83_tl_8_w7" custom="readingOrder {index:6;}">
                    <Coords points="1180,1464 1180,1524 1269,1524 1269,1464"/>
                    <TextEquiv>
                        <Unicode>Rede</Unicode>
                    </TextEquiv>
                </Word>
                <TextEquiv>
                    <Unicode>hiemit das Programma, und die öffentliche Rede</Unicode>
                </TextEquiv>
            </TextLine>
            <TextLine id="r_83_tl_9" custom="readingOrder {index:8;}">
                <Coords points="242,1561 1271,1575 1263,1516 242,1521"/>
                <Baseline points="250,1555 295,1555 340,1558 385,1555 429,1558 474,1555 519,1555 564,1558 609,1555 653,1558 698,1555 743,1558 788,1555 832,1555 877,1555 922,1555 967,1555 1012,1555 1056,1558 1101,1555 1146,1555 1191,1555 1236,1555 1274,1558"/>
                <Word id="r_83_tl_9_w1" custom="readingOrder {index:0;}">
                    <Coords points="247,1515 247,1575 331,1575 331,1515"/>
                    <TextEquiv>
                        <Unicode>mit,</Unicode>
                    </TextEquiv>
                </Word>
                <Word id="r_83_tl_9_w2" custom="readingOrder {index:1;}">
                    <Coords points="358,1515 358,1575 389,1575 389,1515"/>
                    <TextEquiv>
                        <Unicode>zu</Unicode>
                    </TextEquiv>
                </Word>
                <Word id="r_83_tl_9_w3" custom="readingOrder {index:2;}">
                    <Coords points="417,1515 417,1575 506,1575 506,1515"/>
                    <TextEquiv>
                        <Unicode>deren</Unicode>
                    </TextEquiv>
                </Word>
                <Word id="r_83_tl_9_w4" custom="readingOrder {index:3;}">
                    <Coords points="538,1517 538,1577 761,1577 761,1517"/>
                    <TextEquiv>
                        <Unicode>Anfertigung</Unicode>
                    </TextEquiv>
                </Word>
                <Word id="r_83_tl_9_w5" custom="readingOrder {index:4;}">
                    <Coords points="788,1515 788,1575 819,1575 819,1515"/>
                    <TextEquiv>
                        <Unicode>er</Unicode>
                    </TextEquiv>
                </Word>
                <Word id="r_83_tl_9_w6" custom="readingOrder {index:5;}">
                    <Coords points="840,1515 840,1575 893,1575 893,1515"/>
                    <TextEquiv>
                        <Unicode>bey</Unicode>
                    </TextEquiv>
                </Word>
                <Word id="r_83_tl_9_w7" custom="readingOrder {index:6;}">
                    <Coords points="925,1515 925,1575 972,1575 972,1515"/>
                    <TextEquiv>
                        <Unicode>dem</Unicode>
                    </TextEquiv>
                </Word>
                <Word id="r_83_tl_9_w8" custom="readingOrder {index:7;}">
                    <Coords points="1015,1516 1015,1576 1147,1576 1147,1516"/>
                    <TextEquiv>
                        <Unicode>Antritt</Unicode>
                    </TextEquiv>
                </Word>
                <Word id="r_83_tl_9_w9" custom="readingOrder {index:8;}">
                    <Coords points="1169,1515 1169,1575 1263,1575 1263,1515"/>
                    <TextEquiv>
                        <Unicode>seines</Unicode>
                    </TextEquiv>
                </Word>
                <TextEquiv>
                    <Unicode>mit, zu deren Anfertigung er bey dem Antritt seines</Unicode>
                </TextEquiv>
            </TextLine>
            <TextLine id="r_83_tl_10" custom="readingOrder {index:9;}">
                <Coords points="242,1609 1271,1618 1271,1575 1134,1563 242,1561"/>
                <Baseline points="250,1603 295,1606 340,1606 385,1606 429,1606 474,1603 519,1603 564,1606 609,1606 653,1606 698,1606 743,1603 788,1606 832,1606 877,1606 922,1606 967,1603 1012,1603 1056,1606 1101,1606 1146,1606 1191,1606 1236,1606 1274,1603"/>
                <Word id="r_83_tl_10_w1" custom="readingOrder {index:0;}">
                    <Coords points="248,1566 248,1626 419,1626 419,1566"/>
                    <TextEquiv>
                        <Unicode>Lehramts</Unicode>
                    </TextEquiv>
                </Word>
                <Word id="r_83_tl_10_w2" custom="readingOrder {index:1;}">
                    <Coords points="452,1563 452,1623 501,1623 501,1563"/>
                    <TextEquiv>
                        <Unicode>der</Unicode>
                    </TextEquiv>
                </Word>
                <Word id="r_83_tl_10_w3" custom="readingOrder {index:2;}">
                    <Coords points="535,1563 535,1623 938,1623 938,1563"/>
                    <TextEquiv>
                        <Unicode>Cameralwissenschaften</Unicode>
                    </TextEquiv>
                </Word>
                <Word id="r_83_tl_10_w4" custom="readingOrder {index:3;}">
                    <Coords points="971,1566 971,1626 1191,1626 1191,1566"/>
                    <TextEquiv>
                        <Unicode>Gelegenheit</Unicode>
                    </TextEquiv>
                </Word>
                <Word id="r_83_tl_10_w5" custom="readingOrder {index:4;}">
                    <Coords points="1220,1565 1220,1625 1269,1625 1269,1565"/>
                    <TextEquiv>
                        <Unicode>ge¬</Unicode>
                    </TextEquiv>
                </Word>
                <TextEquiv>
                    <Unicode>Lehramts der Cameralwissenschaften Gelegenheit ge¬</Unicode>
                </TextEquiv>
            </TextLine>
            <TextLine id="r_83_tl_11" custom="readingOrder {index:10;}">
                <Coords points="240,1661 1271,1671 1245,1615 240,1613"/>
                <Baseline points="247,1653 289,1653 334,1650 379,1650 423,1653 468,1653 513,1650 558,1650 603,1653 647,1653 692,1656 737,1653 782,1653 826,1653 871,1653 916,1653 961,1650 1006,1653 1050,1653 1095,1650 1140,1650 1185,1650 1230,1650 1274,1650"/>
                <Word id="r_83_tl_11_w1" custom="readingOrder {index:0;}">
                    <Coords points="245,1613 245,1673 327,1673 327,1613"/>
                    <TextEquiv>
                        <Unicode>habt</Unicode>
                    </TextEquiv>
                </Word>
                <Word id="r_83_tl_11_w2" custom="readingOrder {index:1;}">
                    <Coords points="348,1610 348,1670 420,1670 420,1610"/>
                    <TextEquiv>
                        <Unicode>hat.</Unicode>
                    </TextEquiv>
                </Word>
                <Word id="r_83_tl_11_w3" custom="readingOrder {index:2;}">
                    <Coords points="467,1610 467,1670 550,1670 550,1610"/>
                    <TextEquiv>
                        <Unicode>Wir</Unicode>
                    </TextEquiv>
                </Word>
                <Word id="r_83_tl_11_w4" custom="readingOrder {index:3;}">
                    <Coords points="576,1613 576,1673 673,1673 673,1613"/>
                    <TextEquiv>
                        <Unicode>finden</Unicode>
                    </TextEquiv>
                </Word>
                <Word id="r_83_tl_11_w5" custom="readingOrder {index:4;}">
                    <Coords points="706,1613 706,1673 860,1673 860,1613"/>
                    <TextEquiv>
                        <Unicode>darinnen</Unicode>
                    </TextEquiv>
                </Word>
                <Word id="r_83_tl_11_w6" custom="readingOrder {index:5;}">
                    <Coords points="892,1611 892,1671 974,1671 974,1611"/>
                    <TextEquiv>
                        <Unicode>nicht</Unicode>
                    </TextEquiv>
                </Word>
                <Word id="r_83_tl_11_w7" custom="readingOrder {index:6;}">
                    <Coords points="996,1613 996,1673 1088,1673 1088,1613"/>
                    <TextEquiv>
                        <Unicode>allein</Unicode>
                    </TextEquiv>
                </Word>
                <Word id="r_83_tl_11_w8" custom="readingOrder {index:7;}">
                    <Coords points="1119,1610 1119,1670 1181,1670 1181,1610"/>
                    <TextEquiv>
                        <Unicode>viel</Unicode>
                    </TextEquiv>
                </Word>
                <Word id="r_83_tl_11_w9" custom="readingOrder {index:8;}">
                    <Coords points="1203,1610 1203,1670 1274,1670 1274,1610"/>
                    <TextEquiv>
                        <Unicode>Ge¬</Unicode>
                    </TextEquiv>
                </Word>
                <TextEquiv>
                    <Unicode>habt hat. Wir finden darinnen nicht allein viel Ge¬</Unicode>
                </TextEquiv>
            </TextLine>
            <TextLine id="r_83_tl_12" custom="readingOrder {index:11;}">
                <Coords points="237,1709 1274,1705 1240,1658 237,1661"/>
                <Baseline points="244,1698 247,1698 292,1698 337,1695 382,1698 426,1698 471,1695 516,1698 561,1695 606,1698 650,1698 695,1698 740,1698 785,1695 829,1695 874,1698 919,1695 964,1695 1009,1695 1053,1695 1098,1695 1143,1695 1188,1695 1233,1695 1277,1692"/>
                <Word id="r_83_tl_12_w1" custom="readingOrder {index:0;}">
                    <Coords points="241,1656 241,1716 475,1716 475,1656"/>
                    <TextEquiv>
                        <Unicode>lehrsamkeit,</Unicode>
                    </TextEquiv>
                </Word>
                <Word id="r_83_tl_12_w2" custom="readingOrder {index:1;}">
                    <Coords points="499,1657 499,1717 561,1717 561,1657"/>
                    <TextEquiv>
                        <Unicode>und</Unicode>
                    </TextEquiv>
                </Word>
                <Word id="r_83_tl_12_w3" custom="readingOrder {index:2;}">
                    <Coords points="590,1658 590,1718 680,1718 680,1658"/>
                    <TextEquiv>
                        <Unicode>eine,</Unicode>
                    </TextEquiv>
                </Word>
                <Word id="r_83_tl_12_w4" custom="readingOrder {index:3;}">
                    <Coords points="710,1658 710,1718 762,1718 762,1658"/>
                    <TextEquiv>
                        <Unicode>bey</Unicode>
                    </TextEquiv>
                </Word>
                <Word id="r_83_tl_12_w5" custom="readingOrder {index:4;}">
                    <Coords points="786,1655 786,1715 881,1715 881,1655"/>
                    <TextEquiv>
                        <Unicode>denen</Unicode>
                    </TextEquiv>
                </Word>
                <Word id="r_83_tl_12_w6" custom="readingOrder {index:5;}">
                    <Coords points="910,1655 910,1715 982,1715 982,1655"/>
                    <TextEquiv>
                        <Unicode>noch</Unicode>
                    </TextEquiv>
                </Word>
                <Word id="r_83_tl_12_w7" custom="readingOrder {index:6;}">
                    <Coords points="1011,1655 1011,1715 1063,1715 1063,1655"/>
                    <TextEquiv>
                        <Unicode>nie</Unicode>
                    </TextEquiv>
                </Word>
                <Word id="r_83_tl_12_w8" custom="readingOrder {index:7;}">
                    <Coords points="1083,1655 1083,1715 1139,1715 1139,1655"/>
                    <TextEquiv>
                        <Unicode>auf</Unicode>
                    </TextEquiv>
                </Word>
                <Word id="r_83_tl_12_w9" custom="readingOrder {index:8;}">
                    <Coords points="1164,1655 1164,1715 1269,1715 1269,1655"/>
                    <TextEquiv>
                        <Unicode>Prin¬</Unicode>
                    </TextEquiv>
                </Word>
                <TextEquiv>
                    <Unicode>lehrsamkeit, und eine, bey denen noch nie auf Prin¬</Unicode>
                </TextEquiv>
            </TextLine>
            <TextLine id="r_83_tl_13" custom="readingOrder {index:12;}">
                <Coords points="242,1752 1267,1750 1267,1707 1080,1696 242,1727"/>
                <Baseline points="250,1746 286,1746 331,1743 376,1740 420,1743 465,1743 510,1743 555,1740 600,1737 644,1740 689,1740 734,1743 779,1743 824,1740 868,1740 913,1737 958,1740 1003,1740 1047,1740 1092,1740 1137,1740 1182,1740 1227,1740 1271,1740"/>
                <Word id="r_83_tl_13_w1" custom="readingOrder {index:0;}">
                    <Coords points="241,1705 241,1765 344,1765 344,1705"/>
                    <TextEquiv>
                        <Unicode>cipien</Unicode>
                    </TextEquiv>
                </Word>
                <Word id="r_83_tl_13_w2" custom="readingOrder {index:1;}">
                    <Coords points="383,1702 383,1762 446,1762 446,1702"/>
                    <TextEquiv>
                        <Unicode>und</Unicode>
                    </TextEquiv>
                </Word>
                <Word id="r_83_tl_13_w3" custom="readingOrder {index:2;}">
                    <Coords points="476,1699 476,1759 662,1759 662,1699"/>
                    <TextEquiv>
                        <Unicode>Methoden</Unicode>
                    </TextEquiv>
                </Word>
                <Word id="r_83_tl_13_w4" custom="readingOrder {index:3;}">
                    <Coords points="697,1702 697,1762 878,1762 878,1702"/>
                    <TextEquiv>
                        <Unicode>gebrachten</Unicode>
                    </TextEquiv>
                </Word>
                <Word id="r_83_tl_13_w5" custom="readingOrder {index:4;}">
                    <Coords points="918,1700 918,1760 1158,1760 1158,1700"/>
                    <TextEquiv>
                        <Unicode>ökonomischen</Unicode>
                    </TextEquiv>
                </Word>
                <Word id="r_83_tl_13_w6" custom="readingOrder {index:5;}">
                    <Coords points="1202,1700 1202,1760 1261,1760 1261,1700"/>
                    <TextEquiv>
                        <Unicode>und</Unicode>
                    </TextEquiv>
                </Word>
                <TextEquiv>
                    <Unicode>cipien und Methoden gebrachten ökonomischen und</Unicode>
                </TextEquiv>
            </TextLine>
            <TextLine id="r_83_tl_14" custom="readingOrder {index:13;}">
                <Coords points="240,1804 1168,1814 1276,1797 1278,1746 240,1754"/>
                <Baseline points="247,1791 250,1791 295,1794 340,1791 385,1791 429,1788 474,1788 519,1788 564,1788 609,1788 653,1788 698,1788 743,1788 788,1785 832,1788 877,1788 922,1788 967,1788 1012,1785 1056,1785 1101,1788 1146,1788 1191,1788 1236,1788 1280,1785"/>
                <Word id="r_83_tl_14_w1" custom="readingOrder {index:0;}">
                    <Coords points="245,1748 245,1808 657,1808 657,1748"/>
                    <TextEquiv>
                        <Unicode>Cameralwissenschaften</Unicode>
                    </TextEquiv>
                </Word>
                <Word id="r_83_tl_14_w2" custom="readingOrder {index:1;}">
                    <Coords points="684,1748 684,1808 784,1808 784,1748"/>
                    <TextEquiv>
                        <Unicode>gewiß</Unicode>
                    </TextEquiv>
                </Word>
                <Word id="r_83_tl_14_w3" custom="readingOrder {index:2;}">
                    <Coords points="806,1746 806,1806 1181,1806 1181,1746"/>
                    <TextEquiv>
                        <Unicode>bewundernswürdige</Unicode>
                    </TextEquiv>
                </Word>
                <Word id="r_83_tl_14_w4" custom="readingOrder {index:3;}">
                    <Coords points="1202,1748 1202,1808 1270,1808 1270,1748"/>
                    <TextEquiv>
                        <Unicode>Be¬</Unicode>
                    </TextEquiv>
                </Word>
                <TextEquiv>
                    <Unicode>Cameralwissenschaften gewiß bewundernswürdige Be¬</Unicode>
                </TextEquiv>
            </TextLine>
            <TextLine id="r_83_tl_15" custom="readingOrder {index:14;}">
                <Coords points="237,1847 1274,1858 1257,1797 237,1806"/>
                <Baseline points="244,1842 247,1842 292,1842 337,1845 382,1842 426,1842 471,1839 516,1839 561,1839 606,1839 650,1839 695,1839 740,1839 785,1839 829,1839 874,1839 919,1836 964,1839 1009,1839 1053,1839 1098,1839 1143,1839 1188,1839 1233,1839 1277,1839"/>
                <Word id="r_83_tl_15_w1" custom="readingOrder {index:0;}">
                    <Coords points="243,1804 243,1864 404,1864 404,1804"/>
                    <TextEquiv>
                        <Unicode>lesenheit</Unicode>
                    </TextEquiv>
                </Word>
                <Word id="r_83_tl_15_w2" custom="readingOrder {index:1;}">
                    <Coords points="421,1799 421,1859 498,1859 498,1799"/>
                    <TextEquiv>
                        <Unicode>alter</Unicode>
                    </TextEquiv>
                </Word>
                <Word id="r_83_tl_15_w3" custom="readingOrder {index:2;}">
                    <Coords points="521,1799 521,1859 582,1859 582,1799"/>
                    <TextEquiv>
                        <Unicode>und</Unicode>
                    </TextEquiv>
                </Word>
                <Word id="r_83_tl_15_w4" custom="readingOrder {index:3;}">
                    <Coords points="610,1799 610,1859 732,1859 732,1799"/>
                    <TextEquiv>
                        <Unicode>neuer,</Unicode>
                    </TextEquiv>
                </Word>
                <Word id="r_83_tl_15_w5" custom="readingOrder {index:4;}">
                    <Coords points="760,1799 760,1859 804,1859 804,1799"/>
                    <TextEquiv>
                        <Unicode>oft</Unicode>
                    </TextEquiv>
                </Word>
                <Word id="r_83_tl_15_w6" custom="readingOrder {index:5;}">
                    <Coords points="833,1799 833,1859 915,1859 915,1799"/>
                    <TextEquiv>
                        <Unicode>ganz</Unicode>
                    </TextEquiv>
                </Word>
                <Word id="r_83_tl_15_w7" custom="readingOrder {index:6;}">
                    <Coords points="944,1799 944,1859 1060,1859 1060,1799"/>
                    <TextEquiv>
                        <Unicode>bisher</Unicode>
                    </TextEquiv>
                </Word>
                <Word id="r_83_tl_15_w8" custom="readingOrder {index:7;}">
                    <Coords points="1088,1799 1088,1859 1266,1859 1266,1799"/>
                    <TextEquiv>
                        <Unicode>vergeßner</Unicode>
                    </TextEquiv>
                </Word>
                <TextEquiv>
                    <Unicode>lesenheit alter und neuer, oft ganz bisher vergeßner</Unicode>
                </TextEquiv>
            </TextLine>
            <TextLine id="r_83_tl_16" custom="readingOrder {index:15;}">
                <Coords points="237,1906 1272,1903 1237,1846 237,1860"/>
                <Baseline points="244,1892 289,1892 334,1892 379,1892 423,1892 468,1892 513,1892 558,1889 603,1892 647,1892 692,1892 737,1895 782,1892 826,1892 871,1892 916,1892 961,1889 1006,1889 1050,1892 1095,1892 1140,1892 1185,1889 1230,1892 1274,1892"/>
                <Word id="r_83_tl_16_w1" custom="readingOrder {index:0;}">
                    <Coords points="244,1852 244,1912 516,1912 516,1852"/>
                    <TextEquiv>
                        <Unicode>Schriftsteller:</Unicode>
                    </TextEquiv>
                </Word>
                <Word id="r_83_tl_16_w2" custom="readingOrder {index:1;}">
                    <Coords points="540,1852 540,1912 672,1912 672,1852"/>
                    <TextEquiv>
                        <Unicode>sondern</Unicode>
                    </TextEquiv>
                </Word>
                <Word id="r_83_tl_16_w3" custom="readingOrder {index:2;}">
                    <Coords points="702,1853 702,1913 805,1913 805,1853"/>
                    <TextEquiv>
                        <Unicode>auch,</Unicode>
                    </TextEquiv>
                </Word>
                <Word id="r_83_tl_16_w4" custom="readingOrder {index:3;}">
                    <Coords points="829,1852 829,1912 962,1912 962,1852"/>
                    <TextEquiv>
                        <Unicode>welches</Unicode>
                    </TextEquiv>
                </Word>
                <Word id="r_83_tl_16_w5" custom="readingOrder {index:4;}">
                    <Coords points="986,1849 986,1909 1043,1909 1043,1849"/>
                    <TextEquiv>
                        <Unicode>auf</Unicode>
                    </TextEquiv>
                </Word>
                <Word id="r_83_tl_16_w6" custom="readingOrder {index:5;}">
                    <Coords points="1067,1852 1067,1912 1136,1912 1136,1852"/>
                    <TextEquiv>
                        <Unicode>eine</Unicode>
                    </TextEquiv>
                </Word>
                <Word id="r_83_tl_16_w7" custom="readingOrder {index:6;}">
                    <Coords points="1154,1850 1154,1910 1269,1910 1269,1850"/>
                    <TextEquiv>
                        <Unicode>beson¬</Unicode>
                    </TextEquiv>
                </Word>
                <TextEquiv>
                    <Unicode>Schriftsteller: sondern auch, welches auf eine beson¬</Unicode>
                </TextEquiv>
            </TextLine>
            <TextLine id="r_83_tl_17" custom="readingOrder {index:16;}">
                <Coords points="237,1961 1272,1953 1259,1900 237,1906"/>
                <Baseline points="244,1943 289,1946 334,1946 379,1946 423,1946 468,1946 513,1943 558,1946 603,1943 647,1946 692,1943 737,1946 782,1946 826,1943 871,1946 916,1946 961,1946 1006,1946 1050,1946 1095,1943 1140,1943 1185,1943 1230,1946 1274,1943"/>
                <Word id="r_83_tl_17_w1" custom="readingOrder {index:0;}">
                    <Coords points="244,1905 244,1965 315,1965 315,1905"/>
                    <TextEquiv>
                        <Unicode>dere</Unicode>
                    </TextEquiv>
                </Word>
                <Word id="r_83_tl_17_w2" custom="readingOrder {index:1;}">
                    <Coords points="339,1906 339,1966 398,1966 398,1906"/>
                    <TextEquiv>
                        <Unicode>Art</Unicode>
                    </TextEquiv>
                </Word>
                <Word id="r_83_tl_17_w3" custom="readingOrder {index:2;}">
                    <Coords points="422,1904 422,1964 563,1964 563,1904"/>
                    <TextEquiv>
                        <Unicode>rührend</Unicode>
                    </TextEquiv>
                </Word>
                <Word id="r_83_tl_17_w4" custom="readingOrder {index:3;}">
                    <Coords points="594,1904 594,1964 735,1964 735,1904"/>
                    <TextEquiv>
                        <Unicode>gewesen</Unicode>
                    </TextEquiv>
                </Word>
                <Word id="r_83_tl_17_w5" custom="readingOrder {index:4;}">
                    <Coords points="765,1904 765,1964 830,1964 830,1904"/>
                    <TextEquiv>
                        <Unicode>ist,</Unicode>
                    </TextEquiv>
                </Word>
                <Word id="r_83_tl_17_w6" custom="readingOrder {index:5;}">
                    <Coords points="860,1906 860,1966 948,1966 948,1906"/>
                    <TextEquiv>
                        <Unicode>einen</Unicode>
                    </TextEquiv>
                </Word>
                <Word id="r_83_tl_17_w7" custom="readingOrder {index:6;}">
                    <Coords points="985,1905 985,1965 1126,1965 1126,1905"/>
                    <TextEquiv>
                        <Unicode>gewissen</Unicode>
                    </TextEquiv>
                </Word>
                <Word id="r_83_tl_17_w8" custom="readingOrder {index:7;}">
                    <Coords points="1162,1904 1162,1964 1262,1964 1262,1904"/>
                    <TextEquiv>
                        <Unicode>Geist</Unicode>
                    </TextEquiv>
                </Word>
                <TextEquiv>
                    <Unicode>dere Art rührend gewesen ist, einen gewissen Geist</Unicode>
                </TextEquiv>
            </TextLine>
            <TextLine id="r_83_tl_18" custom="readingOrder {index:17;}">
                <Coords points="233,2012 1275,2012 1275,1963 1149,1948 235,1954"/>
                <Baseline points="241,2000 247,2000 292,1997 337,1997 382,1997 426,1997 471,1997 516,1994 561,1994 606,1994 650,1994 695,1994 740,1994 785,1994 829,1994 874,1994 919,1994 964,1994 1009,1994 1053,1994 1098,1997 1143,1997 1188,1994 1233,1997 1277,1997"/>
                <Word id="r_83_tl_18_w1" custom="readingOrder {index:0;}">
                    <Coords points="239,1958 239,2018 292,2018 292,1958"/>
                    <TextEquiv>
                        <Unicode>der</Unicode>
                    </TextEquiv>
                </Word>
                <Word id="r_83_tl_18_w2" custom="readingOrder {index:1;}">
                    <Coords points="325,1957 325,2017 547,2017 547,1957"/>
                    <TextEquiv>
                        <Unicode>unaffektirten</Unicode>
                    </TextEquiv>
                </Word>
                <Word id="r_83_tl_18_w3" custom="readingOrder {index:2;}">
                    <Coords points="585,1954 585,2014 817,2014 817,1954"/>
                    <TextEquiv>
                        <Unicode>Gottseligkeit</Unicode>
                    </TextEquiv>
                </Word>
                <Word id="r_83_tl_18_w4" custom="readingOrder {index:3;}">
                    <Coords points="845,1954 845,2014 899,2014 899,1954"/>
                    <TextEquiv>
                        <Unicode>des</Unicode>
                    </TextEquiv>
                </Word>
                <Word id="r_83_tl_18_w5" custom="readingOrder {index:4;}">
                    <Coords points="932,1954 932,2014 1029,2014 1029,1954"/>
                    <TextEquiv>
                        <Unicode>Hrn.</Unicode>
                    </TextEquiv>
                </Word>
                <Word id="r_83_tl_18_w6" custom="readingOrder {index:5;}">
                    <Coords points="1051,1956 1051,2016 1261,2016 1261,1956"/>
                    <TextEquiv>
                        <Unicode>Verfassers,</Unicode>
                    </TextEquiv>
                </Word>
                <TextEquiv>
                    <Unicode>der unaffektirten Gottseligkeit des Hrn. Verfassers,</Unicode>
                </TextEquiv>
            </TextLine>
            <TextLine id="r_83_tl_19" custom="readingOrder {index:18;}">
                <Coords points="237,2066 1272,2051 1224,2001 237,2013"/>
                <Baseline points="244,2048 289,2048 334,2048 379,2048 423,2048 468,2048 513,2045 558,2048 603,2048 647,2045 692,2045 737,2045 782,2045 826,2045 871,2048 916,2048 961,2048 1006,2045 1050,2045 1095,2045 1140,2045 1185,2045 1230,2045 1274,2042"/>
                <Word id="r_83_tl_19_w1" custom="readingOrder {index:0;}">
                    <Coords points="242,2008 242,2068 295,2068 295,2008"/>
                    <TextEquiv>
                        <Unicode>der</Unicode>
                    </TextEquiv>
                </Word>
                <Word id="r_83_tl_19_w2" custom="readingOrder {index:1;}">
                    <Coords points="317,2008 317,2068 369,2068 369,2008"/>
                    <TextEquiv>
                        <Unicode>ihm</Unicode>
                    </TextEquiv>
                </Word>
                <Word id="r_83_tl_19_w3" custom="readingOrder {index:2;}">
                    <Coords points="407,2008 407,2068 464,2068 464,2008"/>
                    <TextEquiv>
                        <Unicode>alle</Unicode>
                    </TextEquiv>
                </Word>
                <Word id="r_83_tl_19_w4" custom="readingOrder {index:3;}">
                    <Coords points="481,2006 481,2066 602,2066 602,2006"/>
                    <TextEquiv>
                        <Unicode>Herzen</Unicode>
                    </TextEquiv>
                </Word>
                <Word id="r_83_tl_19_w5" custom="readingOrder {index:4;}">
                    <Coords points="629,2005 629,2065 708,2065 708,2005"/>
                    <TextEquiv>
                        <Unicode>wird</Unicode>
                    </TextEquiv>
                </Word>
                <Word id="r_83_tl_19_w6" custom="readingOrder {index:5;}">
                    <Coords points="735,2005 735,2065 899,2065 899,2005"/>
                    <TextEquiv>
                        <Unicode>gewinnen</Unicode>
                    </TextEquiv>
                </Word>
                <Word id="r_83_tl_19_w7" custom="readingOrder {index:6;}">
                    <Coords points="931,2005 931,2065 1058,2065 1058,2005"/>
                    <TextEquiv>
                        <Unicode>helfen.</Unicode>
                    </TextEquiv>
                </Word>
                <Word id="r_83_tl_19_w8" custom="readingOrder {index:7;}">
                    <Coords points="1106,2005 1106,2065 1195,2065 1195,2005"/>
                    <TextEquiv>
                        <Unicode>Man</Unicode>
                    </TextEquiv>
                </Word>
                <Word id="r_83_tl_19_w9" custom="readingOrder {index:8;}">
                    <Coords points="1228,2003 1228,2063 1264,2063 1264,2003"/>
                    <TextEquiv>
                        <Unicode>le¬</Unicode>
                    </TextEquiv>
                </Word>
                <TextEquiv>
                    <Unicode>der ihm alle Herzen wird gewinnen helfen. Man le¬</Unicode>
                </TextEquiv>
            </TextLine>
            <TextLine id="r_83_tl_20" custom="readingOrder {index:19;}">
                <Coords points="240,2117 1262,2104 1262,2064 1193,2051 240,2055"/>
                <Baseline points="247,2101 280,2098 325,2095 370,2095 414,2095 459,2095 504,2095 549,2095 594,2098 638,2095 683,2095 728,2095 773,2095 818,2095 862,2095 907,2095 952,2095 997,2095 1041,2095 1086,2095 1131,2095 1176,2095 1221,2095 1265,2092"/>
                <Word id="r_83_tl_20_w1" custom="readingOrder {index:0;}">
                    <Coords points="241,2060 241,2120 268,2120 268,2060"/>
                    <TextEquiv>
                        <Unicode>se</Unicode>
                    </TextEquiv>
                </Word>
                <Word id="r_83_tl_20_w2" custom="readingOrder {index:1;}">
                    <Coords points="292,2055 292,2115 370,2115 370,2055"/>
                    <TextEquiv>
                        <Unicode>diese</Unicode>
                    </TextEquiv>
                </Word>
                <Word id="r_83_tl_20_w3" custom="readingOrder {index:2;}">
                    <Coords points="393,2055 393,2115 597,2115 597,2055"/>
                    <TextEquiv>
                        <Unicode>Schriften:</Unicode>
                    </TextEquiv>
                </Word>
                <Word id="r_83_tl_20_w4" custom="readingOrder {index:3;}">
                    <Coords points="626,2055 626,2115 653,2115 653,2055"/>
                    <TextEquiv>
                        <Unicode>so</Unicode>
                    </TextEquiv>
                </Word>
                <Word id="r_83_tl_20_w5" custom="readingOrder {index:4;}">
                    <Coords points="677,2055 677,2115 755,2115 755,2055"/>
                    <TextEquiv>
                        <Unicode>wird</Unicode>
                    </TextEquiv>
                </Word>
                <Word id="r_83_tl_20_w6" custom="readingOrder {index:5;}">
                    <Coords points="784,2055 784,2115 851,2115 851,2055"/>
                    <TextEquiv>
                        <Unicode>man</Unicode>
                    </TextEquiv>
                </Word>
                <Word id="r_83_tl_20_w7" custom="readingOrder {index:6;}">
                    <Coords points="880,2055 880,2115 999,2115 999,2055"/>
                    <TextEquiv>
                        <Unicode>sehen,</Unicode>
                    </TextEquiv>
                </Word>
                <Word id="r_83_tl_20_w8" custom="readingOrder {index:7;}">
                    <Coords points="1028,2055 1028,2115 1078,2115 1078,2055"/>
                    <TextEquiv>
                        <Unicode>daß</Unicode>
                    </TextEquiv>
                </Word>
                <Word id="r_83_tl_20_w9" custom="readingOrder {index:8;}">
                    <Coords points="1113,2055 1113,2115 1185,2115 1185,2055"/>
                    <TextEquiv>
                        <Unicode>man</Unicode>
                    </TextEquiv>
                </Word>
                <Word id="r_83_tl_20_w10" custom="readingOrder {index:9;}">
                    <Coords points="1220,2054 1220,2114 1247,2114 1247,2054"/>
                    <TextEquiv>
                        <Unicode>zu</Unicode>
                    </TextEquiv>
                </Word>
                <TextEquiv>
                    <Unicode>se diese Schriften: so wird man sehen, daß man zu</Unicode>
                </TextEquiv>
            </TextLine>
            <TextLine id="r_83_tl_21" custom="readingOrder {index:20;}">
                <Coords points="231,2164 1212,2160 1267,2150 1269,2103 232,2113"/>
                <Baseline points="238,2155 241,2155 286,2149 331,2146 376,2146 420,2146 465,2146 510,2146 555,2146 600,2143 644,2146 689,2143 734,2143 779,2143 824,2146 868,2146 913,2146 958,2143 1003,2143 1047,2143 1092,2143 1137,2143 1182,2143 1227,2143 1271,2143"/>
                <Word id="r_83_tl_21_w1" custom="readingOrder {index:0;}">
                    <Coords points="238,2107 238,2167 376,2167 376,2107"/>
                    <TextEquiv>
                        <Unicode>gleicher</Unicode>
                    </TextEquiv>
                </Word>
                <Word id="r_83_tl_21_w2" custom="readingOrder {index:1;}">
                    <Coords points="400,2106 400,2166 470,2166 470,2106"/>
                    <TextEquiv>
                        <Unicode>Zeit</Unicode>
                    </TextEquiv>
                </Word>
                <Word id="r_83_tl_21_w3" custom="readingOrder {index:2;}">
                    <Coords points="494,2106 494,2166 533,2166 533,2106"/>
                    <TextEquiv>
                        <Unicode>ein</Unicode>
                    </TextEquiv>
                </Word>
                <Word id="r_83_tl_21_w4" custom="readingOrder {index:3;}">
                    <Coords points="557,2103 557,2163 662,2163 662,2103"/>
                    <TextEquiv>
                        <Unicode>Wirth</Unicode>
                    </TextEquiv>
                </Word>
                <Word id="r_83_tl_21_w5" custom="readingOrder {index:4;}">
                    <Coords points="691,2103 691,2163 748,2163 748,2103"/>
                    <TextEquiv>
                        <Unicode>und</Unicode>
                    </TextEquiv>
                </Word>
                <Word id="r_83_tl_21_w6" custom="readingOrder {index:5;}">
                    <Coords points="778,2104 778,2164 818,2164 818,2104"/>
                    <TextEquiv>
                        <Unicode>ein</Unicode>
                    </TextEquiv>
                </Word>
                <Word id="r_83_tl_21_w7" custom="readingOrder {index:6;}">
                    <Coords points="848,2106 848,2166 958,2166 958,2106"/>
                    <TextEquiv>
                        <Unicode>Christ</Unicode>
                    </TextEquiv>
                </Word>
                <Word id="r_83_tl_21_w8" custom="readingOrder {index:7;}">
                    <Coords points="976,2103 976,2163 1068,2163 1068,2103"/>
                    <TextEquiv>
                        <Unicode>seyn,</Unicode>
                    </TextEquiv>
                </Word>
                <Word id="r_83_tl_21_w9" custom="readingOrder {index:8;}">
                    <Coords points="1087,2103 1087,2163 1132,2163 1132,2103"/>
                    <TextEquiv>
                        <Unicode>die</Unicode>
                    </TextEquiv>
                </Word>
                <Word id="r_83_tl_21_w10" custom="readingOrder {index:9;}">
                    <Coords points="1156,2103 1156,2163 1265,2163 1265,2103"/>
                    <TextEquiv>
                        <Unicode>Schä¬</Unicode>
                    </TextEquiv>
                </Word>
                <TextEquiv>
                    <Unicode>gleicher Zeit ein Wirth und ein Christ seyn, die Schä¬</Unicode>
                </TextEquiv>
            </TextLine>
            <TextLine id="r_83_tl_22" custom="readingOrder {index:21;}">
                <Coords points="237,2202 1262,2198 1262,2158 1203,2152 879,2185 771,2142 237,2166"/>
                <Baseline points="244,2194 280,2191 325,2194 370,2191 414,2191 459,2191 504,2191 549,2194 594,2194 638,2191 683,2191 728,2194 773,2194 818,2194 862,2194 907,2194 952,2194 997,2194 1041,2194 1086,2194 1131,2194 1176,2191 1221,2191 1265,2191"/>
                <Word id="r_83_tl_22_w1" custom="readingOrder {index:0;}">
                    <Coords points="242,2152 242,2212 282,2212 282,2152"/>
                    <TextEquiv>
                        <Unicode>tze</Unicode>
                    </TextEquiv>
                </Word>
                <Word id="r_83_tl_22_w2" custom="readingOrder {index:1;}">
                    <Coords points="304,2153 304,2213 354,2213 354,2153"/>
                    <TextEquiv>
                        <Unicode>der</Unicode>
                    </TextEquiv>
                </Word>
                <Word id="r_83_tl_22_w3" custom="readingOrder {index:2;}">
                    <Coords points="381,2151 381,2211 483,2211 483,2151"/>
                    <TextEquiv>
                        <Unicode>Erden</Unicode>
                    </TextEquiv>
                </Word>
                <Word id="r_83_tl_22_w4" custom="readingOrder {index:3;}">
                    <Coords points="515,2152 515,2212 709,2212 709,2152"/>
                    <TextEquiv>
                        <Unicode>vergrößern</Unicode>
                    </TextEquiv>
                </Word>
                <Word id="r_83_tl_22_w5" custom="readingOrder {index:4;}">
                    <Coords points="736,2154 736,2214 869,2214 869,2154"/>
                    <TextEquiv>
                        <Unicode>lehren,</Unicode>
                    </TextEquiv>
                </Word>
                <Word id="r_83_tl_22_w6" custom="readingOrder {index:5;}">
                    <Coords points="895,2154 895,2214 956,2214 956,2154"/>
                    <TextEquiv>
                        <Unicode>und</Unicode>
                    </TextEquiv>
                </Word>
                <Word id="r_83_tl_22_w7" custom="readingOrder {index:6;}">
                    <Coords points="988,2154 988,2214 1054,2214 1054,2154"/>
                    <TextEquiv>
                        <Unicode>doch</Unicode>
                    </TextEquiv>
                </Word>
                <Word id="r_83_tl_22_w8" custom="readingOrder {index:7;}">
                    <Coords points="1091,2154 1091,2214 1167,2214 1167,2154"/>
                    <TextEquiv>
                        <Unicode>alles</Unicode>
                    </TextEquiv>
                </Word>
                <Word id="r_83_tl_22_w9" custom="readingOrder {index:8;}">
                    <Coords points="1199,2151 1199,2211 1255,2211 1255,2151"/>
                    <TextEquiv>
                        <Unicode>zur</Unicode>
                    </TextEquiv>
                </Word>
                <TextEquiv>
                    <Unicode>tze der Erden vergrößern lehren, und doch alles zur</Unicode>
                </TextEquiv>
            </TextLine>
            <TextLine id="r_83_tl_23" custom="readingOrder {index:22;}">
                <Coords points="233,2250 1265,2250 1248,2198 233,2209"/>
                <Baseline points="241,2242 286,2239 331,2239 376,2239 420,2239 465,2239 510,2239 555,2239 600,2242 644,2242 689,2242 734,2239 779,2239 824,2239 868,2239 913,2239 958,2242 1003,2239 1047,2242 1092,2239 1137,2239 1182,2239 1227,2239 1268,2242"/>
                <Word id="r_83_tl_23_w1" custom="readingOrder {index:0;}">
                    <Coords points="238,2199 238,2259 521,2259 521,2199"/>
                    <TextEquiv>
                        <Unicode>Verherrlichung</Unicode>
                    </TextEquiv>
                </Word>
                <Word id="r_83_tl_23_w2" custom="readingOrder {index:1;}">
                    <Coords points="558,2201 558,2261 614,2261 614,2201"/>
                    <TextEquiv>
                        <Unicode>des</Unicode>
                    </TextEquiv>
                </Word>
                <Word id="r_83_tl_23_w3" custom="readingOrder {index:2;}">
                    <Coords points="651,2199 651,2259 789,2259 789,2199"/>
                    <TextEquiv>
                        <Unicode>höchsten</Unicode>
                    </TextEquiv>
                </Word>
                <Word id="r_83_tl_23_w4" custom="readingOrder {index:3;}">
                    <Coords points="836,2199 836,2259 975,2259 975,2199"/>
                    <TextEquiv>
                        <Unicode>Wesens</Unicode>
                    </TextEquiv>
                </Word>
                <Word id="r_83_tl_23_w5" custom="readingOrder {index:4;}">
                    <Coords points="1017,2199 1017,2259 1258,2259 1258,2199"/>
                    <TextEquiv>
                        <Unicode>anzuwenden,</Unicode>
                    </TextEquiv>
                </Word>
                <TextEquiv>
                    <Unicode>Verherrlichung des höchsten Wesens anzuwenden,</Unicode>
                </TextEquiv>
            </TextLine>
            <TextLine id="r_83_tl_24" custom="readingOrder {index:23;}">
                <Coords points="237,2300 1266,2302 1266,2249 1219,2244 237,2250"/>
                <Baseline points="244,2292 283,2292 328,2289 373,2286 417,2286 462,2286 507,2286 552,2286 597,2286 641,2286 686,2286 731,2289 776,2289 821,2286 865,2286 910,2289 955,2286 1000,2289 1044,2289 1089,2289 1134,2289 1179,2289 1224,2286 1268,2286"/>
                <Word id="r_83_tl_24_w1" custom="readingOrder {index:0;}">
                    <Coords points="242,2247 242,2307 453,2307 453,2247"/>
                    <TextEquiv>
                        <Unicode>unterrichten</Unicode>
                    </TextEquiv>
                </Word>
                <Word id="r_83_tl_24_w2" custom="readingOrder {index:1;}">
                    <Coords points="479,2246 479,2306 592,2306 592,2246"/>
                    <TextEquiv>
                        <Unicode>könne.</Unicode>
                    </TextEquiv>
                </Word>
                <Word id="r_83_tl_24_w3" custom="readingOrder {index:2;}">
                    <Coords points="619,2246 619,2306 726,2306 726,2246"/>
                    <TextEquiv>
                        <Unicode>Welch</Unicode>
                    </TextEquiv>
                </Word>
                <Word id="r_83_tl_24_w4" custom="readingOrder {index:3;}">
                    <Coords points="754,2249 754,2309 794,2309 794,2249"/>
                    <TextEquiv>
                        <Unicode>ein</Unicode>
                    </TextEquiv>
                </Word>
                <Word id="r_83_tl_24_w5" custom="readingOrder {index:4;}">
                    <Coords points="826,2247 826,2307 1042,2307 1042,2247"/>
                    <TextEquiv>
                        <Unicode>vortreflicher</Unicode>
                    </TextEquiv>
                </Word>
                <Word id="r_83_tl_24_w6" custom="readingOrder {index:5;}">
                    <Coords points="1058,2249 1058,2309 1259,2309 1259,2249"/>
                    <TextEquiv>
                        <Unicode>Charakter!</Unicode>
                    </TextEquiv>
                </Word>
                <TextEquiv>
                    <Unicode>unterrichten könne. Welch ein vortreflicher Charakter!</Unicode>
                </TextEquiv>
            </TextLine>
            <TextLine id="r_83_tl_25" custom="readingOrder {index:24;}">
                <Coords points="231,2351 1259,2351 1231,2297 231,2302"/>
                <Baseline points="238,2340 277,2340 322,2340 367,2340 412,2337 456,2337 501,2337 546,2337 591,2337 635,2334 680,2337 725,2337 770,2340 815,2340 859,2337 904,2337 949,2337 994,2337 1038,2337 1083,2337 1128,2337 1173,2337 1218,2337 1262,2337"/>
                <Word id="r_83_tl_25_w1" custom="readingOrder {index:0;}">
                    <Coords points="233,2300 233,2360 316,2360 316,2300"/>
                    <TextEquiv>
                        <Unicode>Der</Unicode>
                    </TextEquiv>
                </Word>
                <Word id="r_83_tl_25_w2" custom="readingOrder {index:1;}">
                    <Coords points="347,2299 347,2359 413,2359 413,2299"/>
                    <TextEquiv>
                        <Unicode>Hr.</Unicode>
                    </TextEquiv>
                </Word>
                <Word id="r_83_tl_25_w3" custom="readingOrder {index:2;}">
                    <Coords points="438,2297 438,2357 486,2357 486,2297"/>
                    <TextEquiv>
                        <Unicode>D.</Unicode>
                    </TextEquiv>
                </Word>
                <Word id="r_83_tl_25_w4" custom="readingOrder {index:3;}">
                    <Coords points="505,2297 505,2357 571,2357 571,2297"/>
                    <TextEquiv>
                        <Unicode>sagt</Unicode>
                    </TextEquiv>
                </Word>
                <Word id="r_83_tl_25_w5" custom="readingOrder {index:4;}">
                    <Coords points="596,2294 596,2354 649,2354 649,2294"/>
                    <TextEquiv>
                        <Unicode>S.</Unicode>
                    </TextEquiv>
                </Word>
                <Word id="r_83_tl_25_w6" custom="readingOrder {index:5;}">
                    <Coords points="668,2297 668,2357 753,2357 753,2297"/>
                    <TextEquiv>
                        <Unicode>127.</Unicode>
                    </TextEquiv>
                </Word>
                <Word id="r_83_tl_25_w7" custom="readingOrder {index:6;}">
                    <Coords points="802,2297 802,2357 892,2357 892,2297"/>
                    <TextEquiv>
                        <Unicode>"Ich</Unicode>
                    </TextEquiv>
                </Word>
                <Word id="r_83_tl_25_w8" custom="readingOrder {index:7;}">
                    <Coords points="923,2297 923,2357 994,2357 994,2297"/>
                    <TextEquiv>
                        <Unicode>sehe</Unicode>
                    </TextEquiv>
                </Word>
                <Word id="r_83_tl_25_w9" custom="readingOrder {index:8;}">
                    <Coords points="1026,2297 1026,2357 1104,2357 1104,2297"/>
                    <TextEquiv>
                        <Unicode>diese</Unicode>
                    </TextEquiv>
                </Word>
                <Word id="r_83_tl_25_w10" custom="readingOrder {index:9;}">
                    <Coords points="1129,2297 1129,2357 1261,2357 1261,2297"/>
                    <TextEquiv>
                        <Unicode>Zeiten,</Unicode>
                    </TextEquiv>
                </Word>
                <TextEquiv>
                    <Unicode>Der Hr. D. sagt S. 127. "Ich sehe diese Zeiten,</Unicode>
                </TextEquiv>
            </TextLine>
            <TextLine id="r_83_tl_26" custom="readingOrder {index:25;}">
                <Coords points="231,2386 1267,2398 1267,2352 1215,2347 231,2351"/>
                <Baseline points="238,2379 283,2385 328,2388 373,2388 417,2388 462,2388 507,2385 552,2388 597,2385 641,2388 686,2388 731,2388 776,2388 821,2388 865,2388 910,2388 955,2388 1000,2391 1044,2388 1089,2388 1134,2388 1179,2388 1224,2388 1268,2388 1271,2388"/>
                <Word id="r_83_tl_26_w1" custom="readingOrder {index:0;}">
                    <Coords points="237,2344 237,2404 317,2404 317,2344"/>
                    <TextEquiv>
                        <Unicode>„als</Unicode>
                    </TextEquiv>
                </Word>
                <Word id="r_83_tl_26_w2" custom="readingOrder {index:1;}">
                    <Coords points="340,2348 340,2408 519,2408 519,2348"/>
                    <TextEquiv>
                        <Unicode>diejenigen</Unicode>
                    </TextEquiv>
                </Word>
                <Word id="r_83_tl_26_w3" custom="readingOrder {index:2;}">
                    <Coords points="547,2346 547,2406 611,2406 611,2346"/>
                    <TextEquiv>
                        <Unicode>an,</Unicode>
                    </TextEquiv>
                </Word>
                <Word id="r_83_tl_26_w4" custom="readingOrder {index:3;}">
                    <Coords points="634,2348 634,2408 660,2408 660,2348"/>
                    <TextEquiv>
                        <Unicode>in</Unicode>
                    </TextEquiv>
                </Word>
                <Word id="r_83_tl_26_w5" custom="readingOrder {index:4;}">
                    <Coords points="689,2348 689,2408 818,2408 818,2348"/>
                    <TextEquiv>
                        <Unicode>welchen</Unicode>
                    </TextEquiv>
                </Word>
                <Word id="r_83_tl_26_w6" custom="readingOrder {index:5;}">
                    <Coords points="857,2348 857,2408 905,2408 905,2348"/>
                    <TextEquiv>
                        <Unicode>die</Unicode>
                    </TextEquiv>
                </Word>
                <Word id="r_83_tl_26_w7" custom="readingOrder {index:6;}">
                    <Coords points="928,2348 928,2408 1188,2408 1188,2348"/>
                    <TextEquiv>
                        <Unicode>Zubereitungen</Unicode>
                    </TextEquiv>
                </Word>
                <Word id="r_83_tl_26_w8" custom="readingOrder {index:7;}">
                    <Coords points="1227,2348 1227,2408 1253,2408 1253,2348"/>
                    <TextEquiv>
                        <Unicode>zu</Unicode>
                    </TextEquiv>
                </Word>
                <TextEquiv>
                    <Unicode>„als diejenigen an, in welchen die Zubereitungen zu</Unicode>
                </TextEquiv>
            </TextLine>
            <TextLine id="r_83_tl_27" custom="readingOrder {index:26;}">
                <Coords points="231,2435 325,2468 1274,2439 1263,2392 351,2418 231,2386"/>
                <Baseline points="238,2427 283,2436 328,2442 373,2442 417,2439 462,2439 507,2439 552,2439 597,2439 641,2439 686,2436 731,2439 776,2436 821,2436 865,2439 910,2439 955,2436 1000,2439 1044,2436 1089,2439 1134,2436 1179,2439 1224,2436 1268,2433 1277,2433"/>
                <Word id="r_83_tl_27_w1" custom="readingOrder {index:0;}">
                    <Coords points="238,2395 238,2455 318,2455 318,2395"/>
                    <TextEquiv>
                        <Unicode>„dem</Unicode>
                    </TextEquiv>
                </Word>
                <Word id="r_83_tl_27_w2" custom="readingOrder {index:1;}">
                    <Coords points="365,2399 365,2459 533,2459 533,2399"/>
                    <TextEquiv>
                        <Unicode>künftigen</Unicode>
                    </TextEquiv>
                </Word>
                <Word id="r_83_tl_27_w3" custom="readingOrder {index:2;}">
                    <Coords points="568,2397 568,2457 748,2457 748,2397"/>
                    <TextEquiv>
                        <Unicode>blühenden</Unicode>
                    </TextEquiv>
                </Word>
                <Word id="r_83_tl_27_w4" custom="readingOrder {index:3;}">
                    <Coords points="784,2399 784,2459 946,2459 946,2399"/>
                    <TextEquiv>
                        <Unicode>Zustande</Unicode>
                    </TextEquiv>
                </Word>
                <Word id="r_83_tl_27_w5" custom="readingOrder {index:4;}">
                    <Coords points="981,2398 981,2458 1033,2458 1033,2398"/>
                    <TextEquiv>
                        <Unicode>der</Unicode>
                    </TextEquiv>
                </Word>
                <Word id="r_83_tl_27_w6" custom="readingOrder {index:5;}">
                    <Coords points="1062,2396 1062,2456 1178,2456 1178,2396"/>
                    <TextEquiv>
                        <Unicode>Kirche</Unicode>
                    </TextEquiv>
                </Word>
                <Word id="r_83_tl_27_w7" custom="readingOrder {index:6;}">
                    <Coords points="1208,2395 1208,2455 1265,2455 1265,2395"/>
                    <TextEquiv>
                        <Unicode>ge¬</Unicode>
                    </TextEquiv>
                </Word>
                <TextEquiv>
                    <Unicode>„dem künftigen blühenden Zustande der Kirche ge¬</Unicode>
                </TextEquiv>
            </TextLine>
            <TextLine id="r_83_tl_28" custom="readingOrder {index:27;}">
                <Coords points="233,2490 1271,2488 1271,2441 233,2456"/>
                <Baseline points="241,2477 286,2492 331,2492 376,2489 420,2489 465,2489 510,2489 555,2486 600,2486 644,2486 689,2486 734,2483 779,2486 824,2486 868,2486 913,2489 958,2489 1003,2486 1047,2489 1092,2486 1137,2486 1182,2486 1227,2486 1271,2483 1274,2483"/>
                <Word id="r_83_tl_28_w1" custom="readingOrder {index:0;}">
                    <Coords points="239,2452 239,2512 373,2512 373,2452"/>
                    <TextEquiv>
                        <Unicode>„macht</Unicode>
                    </TextEquiv>
                </Word>
                <Word id="r_83_tl_28_w2" custom="readingOrder {index:1;}">
                    <Coords points="390,2449 390,2509 535,2509 535,2449"/>
                    <TextEquiv>
                        <Unicode>werden.</Unicode>
                    </TextEquiv>
                </Word>
                <Word id="r_83_tl_28_w3" custom="readingOrder {index:2;}">
                    <Coords points="595,2446 595,2506 670,2506 670,2446"/>
                    <TextEquiv>
                        <Unicode>Die</Unicode>
                    </TextEquiv>
                </Word>
                <Word id="r_83_tl_28_w4" custom="readingOrder {index:3;}">
                    <Coords points="692,2446 692,2506 972,2506 972,2446"/>
                    <TextEquiv>
                        <Unicode>Verbesserungen</Unicode>
                    </TextEquiv>
                </Word>
                <Word id="r_83_tl_28_w5" custom="readingOrder {index:4;}">
                    <Coords points="1011,2448 1011,2508 1059,2508 1059,2448"/>
                    <TextEquiv>
                        <Unicode>der</Unicode>
                    </TextEquiv>
                </Word>
                <Word id="r_83_tl_28_w6" custom="readingOrder {index:5;}">
                    <Coords points="1086,2446 1086,2506 1258,2506 1258,2446"/>
                    <TextEquiv>
                        <Unicode>Haushal¬</Unicode>
                    </TextEquiv>
                </Word>
                <TextEquiv>
                    <Unicode>„macht werden. Die Verbesserungen der Haushal¬</Unicode>
                </TextEquiv>
            </TextLine>
            <TextLine id="r_83_tl_29" custom="readingOrder {index:28;}">
                <Coords points="233,2533 420,2568 1262,2546 1262,2490 1106,2518 233,2490"/>
                <Baseline points="241,2522 286,2540 331,2543 376,2543 420,2543 465,2543 510,2540 555,2540 600,2540 644,2540 689,2537 734,2537 779,2537 824,2537 868,2540 913,2540 958,2537 1003,2537 1047,2537 1092,2537 1137,2537 1182,2534 1227,2534 1265,2531"/>
                <Word id="r_83_tl_29_w1" custom="readingOrder {index:0;}">
                    <Coords points="235,2503 235,2563 589,2563 589,2503"/>
                    <TextEquiv>
                        <Unicode>tungswissenschaft</Unicode>
                    </TextEquiv>
                </Word>
                <Word id="r_83_tl_29_w2" custom="readingOrder {index:1;}">
                    <Coords points="626,2499 626,2559 686,2559 686,2499"/>
                    <TextEquiv>
                        <Unicode>sind</Unicode>
                    </TextEquiv>
                </Word>
                <Word id="r_83_tl_29_w3" custom="readingOrder {index:2;}">
                    <Coords points="729,2497 729,2557 921,2557 921,2497"/>
                    <TextEquiv>
                        <Unicode>unzählig,</Unicode>
                    </TextEquiv>
                </Word>
                <Word id="r_83_tl_29_w4" custom="readingOrder {index:3;}">
                    <Coords points="964,2497 964,2557 1077,2557 1077,2497"/>
                    <TextEquiv>
                        <Unicode>welche</Unicode>
                    </TextEquiv>
                </Word>
                <Word id="r_83_tl_29_w5" custom="readingOrder {index:4;}">
                    <Coords points="1114,2496 1114,2556 1168,2556 1168,2496"/>
                    <TextEquiv>
                        <Unicode>auf</Unicode>
                    </TextEquiv>
                </Word>
                <Word id="r_83_tl_29_w6" custom="readingOrder {index:5;}">
                    <Coords points="1204,2493 1204,2553 1252,2553 1252,2493"/>
                    <TextEquiv>
                        <Unicode>die</Unicode>
                    </TextEquiv>
                </Word>
                <TextEquiv>
                    <Unicode>tungswissenschaft sind unzählig, welche auf die</Unicode>
                </TextEquiv>
            </TextLine>
            <TextLine id="r_83_tl_30" custom="readingOrder {index:29;}">
                <Coords points="254,2592 1261,2600 1244,2542 256,2551"/>
                <Baseline points="262,2588 280,2591 325,2594 370,2594 414,2594 459,2594 504,2591 549,2594 594,2591 638,2591 683,2588 728,2588 773,2585 818,2588 862,2588 907,2588 952,2588 997,2585 1041,2585 1086,2585 1131,2585 1176,2585 1221,2582 1265,2564"/>
                <Word id="r_83_tl_30_w1" custom="readingOrder {index:0;}">
                    <Coords points="255,2554 255,2614 428,2614 428,2554"/>
                    <TextEquiv>
                        <Unicode>künftigen</Unicode>
                    </TextEquiv>
                </Word>
                <Word id="r_83_tl_30_w2" custom="readingOrder {index:1;}">
                    <Coords points="469,2552 469,2612 572,2612 572,2552"/>
                    <TextEquiv>
                        <Unicode>Zeiten</Unicode>
                    </TextEquiv>
                </Word>
                <Word id="r_83_tl_30_w3" custom="readingOrder {index:2;}">
                    <Coords points="625,2547 625,2607 832,2607 832,2547"/>
                    <TextEquiv>
                        <Unicode>vorbehalten</Unicode>
                    </TextEquiv>
                </Word>
                <Word id="r_83_tl_30_w4" custom="readingOrder {index:3;}">
                    <Coords points="879,2548 879,2608 913,2608 913,2548"/>
                    <TextEquiv>
                        <Unicode>zu</Unicode>
                    </TextEquiv>
                </Word>
                <Word id="r_83_tl_30_w5" custom="readingOrder {index:4;}">
                    <Coords points="954,2545 954,2605 1017,2605 1017,2545"/>
                    <TextEquiv>
                        <Unicode>seyn</Unicode>
                    </TextEquiv>
                </Word>
                <Word id="r_83_tl_30_w6" custom="readingOrder {index:5;}">
                    <Coords points="1058,2545 1058,2605 1242,2605 1242,2545"/>
                    <TextEquiv>
                        <Unicode>scheinen."</Unicode>
                    </TextEquiv>
                </Word>
                <TextEquiv>
                    <Unicode>künftigen Zeiten vorbehalten zu seyn scheinen."</Unicode>
                </TextEquiv>
            </TextLine>
            <TextLine id="r_83_tl_31" custom="readingOrder {index:30;}">
                <Coords points="246,2651 1265,2648 1265,2596 1220,2592 404,2617 246,2589"/>
                <Baseline points="253,2633 298,2636 343,2639 388,2642 432,2645 477,2645 522,2642 567,2642 612,2642 656,2642 701,2639 746,2639 791,2636 835,2636 880,2636 925,2636 970,2639 1015,2636 1059,2639 1104,2636 1149,2636 1194,2630 1238,2627 1268,2633"/>
                <Word id="r_83_tl_31_w1" custom="readingOrder {index:0;}">
                    <Coords points="247,2594 247,2654 318,2654 318,2594"/>
                    <TextEquiv>
                        <Unicode>Wie</Unicode>
                    </TextEquiv>
                </Word>
                <Word id="r_83_tl_31_w2" custom="readingOrder {index:1;}">
                    <Coords points="346,2602 346,2662 445,2662 445,2602"/>
                    <TextEquiv>
                        <Unicode>gerne</Unicode>
                    </TextEquiv>
                </Word>
                <Word id="r_83_tl_31_w3" custom="readingOrder {index:2;}">
                    <Coords points="473,2602 473,2662 727,2662 727,2602"/>
                    <TextEquiv>
                        <Unicode>unterschrieben</Unicode>
                    </TextEquiv>
                </Word>
                <Word id="r_83_tl_31_w4" custom="readingOrder {index:3;}">
                    <Coords points="761,2596 761,2656 821,2656 821,2596"/>
                    <TextEquiv>
                        <Unicode>wir</Unicode>
                    </TextEquiv>
                </Word>
                <Word id="r_83_tl_31_w5" custom="readingOrder {index:4;}">
                    <Coords points="849,2596 849,2656 898,2656 898,2596"/>
                    <TextEquiv>
                        <Unicode>den</Unicode>
                    </TextEquiv>
                </Word>
                <Word id="r_83_tl_31_w6" custom="readingOrder {index:5;}">
                    <Coords points="937,2596 937,2656 1075,2656 1075,2596"/>
                    <TextEquiv>
                        <Unicode>Wunsch</Unicode>
                    </TextEquiv>
                </Word>
                <Word id="r_83_tl_31_w7" custom="readingOrder {index:6;}">
                    <Coords points="1109,2596 1109,2656 1163,2656 1163,2596"/>
                    <TextEquiv>
                        <Unicode>zur</Unicode>
                    </TextEquiv>
                </Word>
                <Word id="r_83_tl_31_w8" custom="readingOrder {index:7;}">
                    <Coords points="1192,2588 1192,2648 1252,2648 1252,2588"/>
                    <TextEquiv>
                        <Unicode>Er¬</Unicode>
                    </TextEquiv>
                </Word>
                <TextEquiv>
                    <Unicode>Wie gerne unterschrieben wir den Wunsch zur Er¬</Unicode>
                </TextEquiv>
            </TextLine>
            <TextLine id="r_83_tl_32" custom="readingOrder {index:31;}">
                <Coords points="237,2701 1262,2695 1263,2656 1199,2640 239,2652"/>
                <Baseline points="244,2689 280,2686 325,2686 370,2689 414,2689 459,2689 504,2692 549,2692 594,2692 638,2695 683,2692 728,2689 773,2689 818,2689 862,2686 907,2686 952,2689 997,2686 1041,2686 1086,2683 1131,2683 1176,2683 1221,2683 1265,2681"/>
                <Word id="r_83_tl_32_w1" custom="readingOrder {index:0;}">
                    <Coords points="238,2646 238,2706 360,2706 360,2646"/>
                    <TextEquiv>
                        <Unicode>füllung</Unicode>
                    </TextEquiv>
                </Word>
                <Word id="r_83_tl_32_w2" custom="readingOrder {index:1;}">
                    <Coords points="390,2649 390,2709 484,2709 484,2649"/>
                    <TextEquiv>
                        <Unicode>dieser</Unicode>
                    </TextEquiv>
                </Word>
                <Word id="r_83_tl_32_w3" custom="readingOrder {index:2;}">
                    <Coords points="508,2652 508,2712 702,2712 702,2652"/>
                    <TextEquiv>
                        <Unicode>Hofnung!</Unicode>
                    </TextEquiv>
                </Word>
                <Word id="r_83_tl_32_w4" custom="readingOrder {index:3;}">
                    <Coords points="732,2649 732,2709 807,2709 807,2649"/>
                    <TextEquiv>
                        <Unicode>Und</Unicode>
                    </TextEquiv>
                </Word>
                <Word id="r_83_tl_32_w5" custom="readingOrder {index:4;}">
                    <Coords points="837,2646 837,2706 896,2706 896,2646"/>
                    <TextEquiv>
                        <Unicode>wie</Unicode>
                    </TextEquiv>
                </Word>
                <Word id="r_83_tl_32_w6" custom="readingOrder {index:5;}">
                    <Coords points="920,2646 920,2706 1101,2706 1101,2646"/>
                    <TextEquiv>
                        <Unicode>patriotisch</Unicode>
                    </TextEquiv>
                </Word>
                <Word id="r_83_tl_32_w7" custom="readingOrder {index:6;}">
                    <Coords points="1131,2643 1131,2703 1248,2703 1248,2643"/>
                    <TextEquiv>
                        <Unicode>müssen</Unicode>
                    </TextEquiv>
                </Word>
                <TextEquiv>
                    <Unicode>füllung dieser Hofnung! Und wie patriotisch müssen</Unicode>
                </TextEquiv>
            </TextLine>
            <TextLine id="r_83_tl_33" custom="readingOrder {index:32;}">
                <Coords points="233,2747 1262,2742 1262,2701 1212,2694 233,2708"/>
                <Baseline points="241,2737 280,2734 325,2734 370,2737 414,2734 459,2737 504,2740 549,2740 594,2743 638,2743 683,2743 728,2740 773,2740 818,2740 862,2740 907,2734 952,2737 997,2734 1041,2737 1086,2734 1131,2734 1176,2734 1221,2734 1265,2731"/>
                <Word id="r_83_tl_33_w1" custom="readingOrder {index:0;}">
                    <Coords points="239,2694 239,2754 305,2754 305,2694"/>
                    <TextEquiv>
                        <Unicode>wir</Unicode>
                    </TextEquiv>
                </Word>
                <Word id="r_83_tl_33_w2" custom="readingOrder {index:1;}">
                    <Coords points="327,2696 327,2756 393,2756 393,2696"/>
                    <TextEquiv>
                        <Unicode>noch</Unicode>
                    </TextEquiv>
                </Word>
                <Word id="r_83_tl_33_w3" custom="readingOrder {index:2;}">
                    <Coords points="421,2701 421,2761 713,2761 713,2701"/>
                    <TextEquiv>
                        <Unicode>hinzuwünschen,</Unicode>
                    </TextEquiv>
                </Word>
                <Word id="r_83_tl_33_w4" custom="readingOrder {index:3;}">
                    <Coords points="741,2700 741,2760 796,2760 796,2700"/>
                    <TextEquiv>
                        <Unicode>daß</Unicode>
                    </TextEquiv>
                </Word>
                <Word id="r_83_tl_33_w5" custom="readingOrder {index:4;}">
                    <Coords points="829,2700 829,2760 895,2760 895,2700"/>
                    <TextEquiv>
                        <Unicode>auch</Unicode>
                    </TextEquiv>
                </Word>
                <Word id="r_83_tl_33_w6" custom="readingOrder {index:5;}">
                    <Coords points="934,2696 934,2756 989,2756 989,2696"/>
                    <TextEquiv>
                        <Unicode>auf</Unicode>
                    </TextEquiv>
                </Word>
                <Word id="r_83_tl_33_w7" custom="readingOrder {index:6;}">
                    <Coords points="1011,2694 1011,2754 1160,2754 1160,2694"/>
                    <TextEquiv>
                        <Unicode>unsrer</Unicode>
                    </TextEquiv>
                </Word>
                <Word id="r_83_tl_33_w8" custom="readingOrder {index:7;}">
                    <Coords points="1194,2694 1194,2754 1248,2754 1248,2694"/>
                    <TextEquiv>
                        <Unicode>ho¬</Unicode>
                    </TextEquiv>
                </Word>
                <TextEquiv>
                    <Unicode>wir noch hinzuwünschen, daß auch auf unsrer ho¬</Unicode>
                </TextEquiv>
            </TextLine>
            <TextLine id="r_83_tl_34" custom="readingOrder {index:33;}">
                <Coords points="231,2798 1266,2806 1245,2740 231,2743"/>
                <Baseline points="238,2788 283,2788 328,2785 373,2785 417,2785 462,2785 507,2785 552,2785 597,2788 641,2791 686,2791 731,2791 776,2791 821,2791 865,2788 910,2788 955,2788 1000,2788 1044,2788 1089,2788 1134,2785 1179,2785 1224,2782 1268,2779"/>
                <Word id="r_83_tl_34_w1" custom="readingOrder {index:0;}">
                    <Coords points="239,2748 239,2808 292,2808 292,2748"/>
                    <TextEquiv>
                        <Unicode>hen</Unicode>
                    </TextEquiv>
                </Word>
                <Word id="r_83_tl_34_w2" custom="readingOrder {index:1;}">
                    <Coords points="329,2745 329,2805 455,2805 455,2745"/>
                    <TextEquiv>
                        <Unicode>Schule</Unicode>
                    </TextEquiv>
                </Word>
                <Word id="r_83_tl_34_w3" custom="readingOrder {index:2;}">
                    <Coords points="486,2745 486,2805 533,2805 533,2745"/>
                    <TextEquiv>
                        <Unicode>die</Unicode>
                    </TextEquiv>
                </Word>
                <Word id="r_83_tl_34_w4" custom="readingOrder {index:3;}">
                    <Coords points="552,2751 552,2811 780,2811 780,2751"/>
                    <TextEquiv>
                        <Unicode>Wissenschaft</Unicode>
                    </TextEquiv>
                </Word>
                <Word id="r_83_tl_34_w5" custom="readingOrder {index:4;}">
                    <Coords points="805,2750 805,2810 852,2810 852,2750"/>
                    <TextEquiv>
                        <Unicode>der</Unicode>
                    </TextEquiv>
                </Word>
                <Word id="r_83_tl_34_w6" custom="readingOrder {index:5;}">
                    <Coords points="877,2748 877,2808 1081,2808 1081,2748"/>
                    <TextEquiv>
                        <Unicode>Oekonomie</Unicode>
                    </TextEquiv>
                </Word>
                <Word id="r_83_tl_34_w7" custom="readingOrder {index:6;}">
                    <Coords points="1106,2745 1106,2805 1250,2805 1250,2745"/>
                    <TextEquiv>
                        <Unicode>lehrmä¬</Unicode>
                    </TextEquiv>
                </Word>
                <TextEquiv>
                    <Unicode>hen Schule die Wissenschaft der Oekonomie lehrmä¬</Unicode>
                </TextEquiv>
            </TextLine>
            <TextLine id="r_83_tl_35" custom="readingOrder {index:34;}">
                <Coords points="228,2863 1265,2849 1265,2804 1130,2793 228,2799"/>
                <Baseline points="235,2842 238,2842 283,2839 328,2836 373,2836 417,2836 462,2836 507,2836 552,2836 597,2839 641,2842 686,2842 731,2842 776,2845 821,2842 865,2839 910,2839 955,2839 1000,2839 1044,2839 1089,2839 1134,2839 1179,2836 1224,2833 1268,2830"/>
                <Word id="r_83_tl_35_w1" custom="readingOrder {index:0;}">
                    <Coords points="229,2800 229,2860 286,2860 286,2800"/>
                    <TextEquiv>
                        <Unicode>ßig</Unicode>
                    </TextEquiv>
                </Word>
                <Word id="r_83_tl_35_w2" custom="readingOrder {index:1;}">
                    <Coords points="310,2796 310,2856 368,2856 368,2796"/>
                    <TextEquiv>
                        <Unicode>und</Unicode>
                    </TextEquiv>
                </Word>
                <Word id="r_83_tl_35_w3" custom="readingOrder {index:2;}">
                    <Coords points="403,2796 403,2856 647,2856 647,2796"/>
                    <TextEquiv>
                        <Unicode>fundamentell</Unicode>
                    </TextEquiv>
                </Word>
                <Word id="r_83_tl_35_w4" custom="readingOrder {index:3;}">
                    <Coords points="671,2804 671,2864 896,2864 896,2804"/>
                    <TextEquiv>
                        <Unicode>abgehandelt</Unicode>
                    </TextEquiv>
                </Word>
                <Word id="r_83_tl_35_w5" custom="readingOrder {index:4;}">
                    <Coords points="920,2799 920,2859 1053,2859 1053,2799"/>
                    <TextEquiv>
                        <Unicode>würde!</Unicode>
                    </TextEquiv>
                </Word>
                <Word id="r_83_tl_35_w6" custom="readingOrder {index:5;}">
                    <Coords points="1083,2799 1083,2859 1129,2859 1129,2799"/>
                    <TextEquiv>
                        <Unicode>Zu</Unicode>
                    </TextEquiv>
                </Word>
                <Word id="r_83_tl_35_w7" custom="readingOrder {index:6;}">
                    <Coords points="1158,2794 1158,2854 1251,2854 1251,2794"/>
                    <TextEquiv>
                        <Unicode>man¬</Unicode>
                    </TextEquiv>
                </Word>
                <TextEquiv>
                    <Unicode>ßig und fundamentell abgehandelt würde! Zu man¬</Unicode>
                </TextEquiv>
            </TextLine>
            <TextLine id="r_83_tl_36" custom="readingOrder {index:35;}">
                <Coords points="233,2898 769,2932 1258,2907 1258,2845 1202,2841 233,2860"/>
                <Baseline points="241,2895 277,2892 322,2889 367,2887 412,2887 456,2887 501,2887 546,2889 591,2889 635,2889 680,2892 725,2892 770,2892 815,2892 859,2892 904,2892 949,2889 994,2892 1038,2892 1083,2889 1128,2889 1173,2887 1218,2884 1262,2884"/>
                <Word id="r_83_tl_36_w1" custom="readingOrder {index:0;}">
                    <Coords points="235,2852 235,2912 305,2912 305,2852"/>
                    <TextEquiv>
                        <Unicode>chen</Unicode>
                    </TextEquiv>
                </Word>
                <Word id="r_83_tl_36_w2" custom="readingOrder {index:1;}">
                    <Coords points="332,2847 332,2907 595,2907 595,2847"/>
                    <TextEquiv>
                        <Unicode>Erläuterungen</Unicode>
                    </TextEquiv>
                </Word>
                <Word id="r_83_tl_36_w3" custom="readingOrder {index:2;}">
                    <Coords points="635,2851 635,2911 718,2911 718,2851"/>
                    <TextEquiv>
                        <Unicode>derer</Unicode>
                    </TextEquiv>
                </Word>
                <Word id="r_83_tl_36_w4" custom="readingOrder {index:3;}">
                    <Coords points="745,2852 745,2912 847,2912 847,2852"/>
                    <TextEquiv>
                        <Unicode>Sätze</Unicode>
                    </TextEquiv>
                </Word>
                <Word id="r_83_tl_36_w5" custom="readingOrder {index:4;}">
                    <Coords points="874,2852 874,2912 924,2912 924,2852"/>
                    <TextEquiv>
                        <Unicode>des</Unicode>
                    </TextEquiv>
                </Word>
                <Word id="r_83_tl_36_w6" custom="readingOrder {index:5;}">
                    <Coords points="957,2852 957,2912 1053,2912 1053,2852"/>
                    <TextEquiv>
                        <Unicode>Hrn.</Unicode>
                    </TextEquiv>
                </Word>
                <Word id="r_83_tl_36_w7" custom="readingOrder {index:6;}">
                    <Coords points="1080,2849 1080,2909 1125,2909 1125,2849"/>
                    <TextEquiv>
                        <Unicode>D.</Unicode>
                    </TextEquiv>
                </Word>
                <Word id="r_83_tl_36_w8" custom="readingOrder {index:7;}">
                    <Coords points="1151,2845 1151,2905 1253,2905 1253,2845"/>
                    <TextEquiv>
                        <Unicode>findet</Unicode>
                    </TextEquiv>
                </Word>
                <TextEquiv>
                    <Unicode>chen Erläuterungen derer Sätze des Hrn. D. findet</Unicode>
                </TextEquiv>
            </TextLine>
            <TextEquiv>
                <Unicode></Unicode>
            </TextEquiv>
        </TextRegion>
        <TextRegion id="r_22" custom="readingOrder {index:2;}">
            <Coords points="1305,324 2357,324 2357,1600 1291,1600"/>
            <TextLine id="r_22_tl_1" custom="readingOrder {index:0;}">
                <Coords points="1312,381 2331,392 2305,323 1312,329"/>
                <Baseline points="1319,364 1364,367 1409,367 1453,370 1498,370 1543,370 1588,370 1633,367 1677,370 1722,370 1767,370 1812,370 1857,373 1901,373 1946,370 1991,370 2036,370 2080,370 2125,370 2170,373 2215,376 2260,373 2304,376 2334,373"/>
                <Word id="r_22_tl_1_w1" custom="readingOrder {index:0;}">
                    <Coords points="1318,326 1318,386 1384,386 1384,326"/>
                    <TextEquiv>
                        <Unicode>man</Unicode>
                    </TextEquiv>
                </Word>
                <Word id="r_22_tl_1_w2" custom="readingOrder {index:1;}">
                    <Coords points="1418,330 1418,390 1505,390 1505,330"/>
                    <TextEquiv>
                        <Unicode>sogar</Unicode>
                    </TextEquiv>
                </Word>
                <Word id="r_22_tl_1_w3" custom="readingOrder {index:2;}">
                    <Coords points="1528,330 1528,390 1588,390 1588,330"/>
                    <TextEquiv>
                        <Unicode>alte</Unicode>
                    </TextEquiv>
                </Word>
                <Word id="r_22_tl_1_w4" custom="readingOrder {index:3;}">
                    <Coords points="1605,330 1605,390 1798,390 1798,330"/>
                    <TextEquiv>
                        <Unicode>Preußische</Unicode>
                    </TextEquiv>
                </Word>
                <Word id="r_22_tl_1_w5" custom="readingOrder {index:4;}">
                    <Coords points="1821,332 1821,392 1986,392 1986,332"/>
                    <TextEquiv>
                        <Unicode>Beylagen</Unicode>
                    </TextEquiv>
                </Word>
                <Word id="r_22_tl_1_w6" custom="readingOrder {index:5;}">
                    <Coords points="2014,330 2014,390 2069,390 2069,330"/>
                    <TextEquiv>
                        <Unicode>von</Unicode>
                    </TextEquiv>
                </Word>
                <Word id="r_22_tl_1_w7" custom="readingOrder {index:6;}">
                    <Coords points="2092,335 2092,395 2334,395 2334,335"/>
                    <TextEquiv>
                        <Unicode>Cammerrech¬</Unicode>
                    </TextEquiv>
                </Word>
                <TextEquiv>
                    <Unicode>man sogar alte Preußische Beylagen von Cammerrech¬</Unicode>
                </TextEquiv>
            </TextLine>
            <TextLine id="r_22_tl_2" custom="readingOrder {index:1;}">
                <Coords points="1306,425 2352,437 2352,400 2253,381 1306,385"/>
                <Baseline points="1313,414 1358,417 1403,417 1447,417 1492,417 1537,417 1582,417 1627,417 1671,417 1716,420 1761,420 1806,420 1851,423 1895,420 1940,423 1985,423 2030,420 2074,423 2119,423 2164,423 2209,423 2254,423 2298,426 2343,429 2355,429"/>
                <Word id="r_22_tl_2_w1" custom="readingOrder {index:0;}">
                    <Coords points="1311,377 1311,437 1440,437 1440,377"/>
                    <TextEquiv>
                        <Unicode>nungen</Unicode>
                    </TextEquiv>
                </Word>
                <Word id="r_22_tl_2_w2" custom="readingOrder {index:1;}">
                    <Coords points="1472,377 1472,437 1529,437 1529,377"/>
                    <TextEquiv>
                        <Unicode>aus</Unicode>
                    </TextEquiv>
                </Word>
                <Word id="r_22_tl_2_w3" custom="readingOrder {index:2;}">
                    <Coords points="1555,377 1555,437 1648,437 1648,377"/>
                    <TextEquiv>
                        <Unicode>denen</Unicode>
                    </TextEquiv>
                </Word>
                <Word id="r_22_tl_2_w4" custom="readingOrder {index:3;}">
                    <Coords points="1680,380 1680,440 1830,440 1830,380"/>
                    <TextEquiv>
                        <Unicode>Aemtern</Unicode>
                    </TextEquiv>
                </Word>
                <Word id="r_22_tl_2_w5" custom="readingOrder {index:4;}">
                    <Coords points="1857,382 1857,442 2127,442 2127,382"/>
                    <TextEquiv>
                        <Unicode>Insterburg</Unicode>
                    </TextEquiv>
                </Word>
                <Word id="r_22_tl_2_w6" custom="readingOrder {index:5;}">
                    <Coords points="2163,383 2163,443 2226,443 2226,383"/>
                    <TextEquiv>
                        <Unicode>und</Unicode>
                    </TextEquiv>
                </Word>
                <Word id="r_22_tl_2_w7" custom="readingOrder {index:6;}">
                    <Coords points="2252,386 2252,446 2350,446 2350,386"/>
                    <TextEquiv>
                        <Unicode>Til¬</Unicode>
                    </TextEquiv>
                </Word>
                <TextEquiv>
                    <Unicode>nungen aus denen Aemtern Insterburg und Til¬</Unicode>
                </TextEquiv>
            </TextLine>
            <TextLine id="r_22_tl_3" custom="readingOrder {index:2;}">
                <Coords points="1321,484 2336,493 2306,432 1321,426"/>
                <Baseline points="1328,468 1373,468 1418,468 1462,468 1507,468 1552,468 1597,462 1642,465 1686,465 1731,468 1776,468 1821,471 1865,471 1910,471 1955,471 2000,471 2045,471 2089,471 2134,474 2179,471 2224,471 2269,474 2313,477 2340,477"/>
                <Word id="r_22_tl_3_w1" custom="readingOrder {index:0;}">
                    <Coords points="1316,428 1316,488 1354,488 1354,428"/>
                    <TextEquiv>
                        <Unicode>sit</Unicode>
                    </TextEquiv>
                </Word>
                <Word id="r_22_tl_3_w2" custom="readingOrder {index:1;}">
                    <Coords points="1388,428 1388,488 1453,488 1453,428"/>
                    <TextEquiv>
                        <Unicode>noch</Unicode>
                    </TextEquiv>
                </Word>
                <Word id="r_22_tl_3_w3" custom="readingOrder {index:2;}">
                    <Coords points="1487,428 1487,488 1547,488 1547,428"/>
                    <TextEquiv>
                        <Unicode>vom</Unicode>
                    </TextEquiv>
                </Word>
                <Word id="r_22_tl_3_w4" custom="readingOrder {index:3;}">
                    <Coords points="1592,425 1592,485 1692,485 1692,425"/>
                    <TextEquiv>
                        <Unicode>Jahr</Unicode>
                    </TextEquiv>
                </Word>
                <Word id="r_22_tl_3_w5" custom="readingOrder {index:4;}">
                    <Coords points="1720,428 1720,488 1808,488 1808,428"/>
                    <TextEquiv>
                        <Unicode>1664</Unicode>
                    </TextEquiv>
                </Word>
                <Word id="r_22_tl_3_w6" custom="readingOrder {index:5;}">
                    <Coords points="1847,431 1847,491 1924,491 1924,431"/>
                    <TextEquiv>
                        <Unicode>her,</Unicode>
                    </TextEquiv>
                </Word>
                <Word id="r_22_tl_3_w7" custom="readingOrder {index:6;}">
                    <Coords points="1952,431 1952,491 2002,491 2002,431"/>
                    <TextEquiv>
                        <Unicode>die</Unicode>
                    </TextEquiv>
                </Word>
                <Word id="r_22_tl_3_w8" custom="readingOrder {index:7;}">
                    <Coords points="2030,431 2030,491 2096,491 2096,431"/>
                    <TextEquiv>
                        <Unicode>hier</Unicode>
                    </TextEquiv>
                </Word>
                <Word id="r_22_tl_3_w9" custom="readingOrder {index:8;}">
                    <Coords points="2129,431 2129,491 2333,491 2333,431"/>
                    <TextEquiv>
                        <Unicode>abgedruckt,</Unicode>
                    </TextEquiv>
                </Word>
                <TextEquiv>
                    <Unicode>sit noch vom Jahr 1664 her, die hier abgedruckt,</Unicode>
                </TextEquiv>
            </TextLine>
            <TextLine id="r_22_tl_4" custom="readingOrder {index:3;}">
                <Coords points="1306,541 2342,535 2342,497 2280,480 1306,481"/>
                <Baseline points="1313,513 1358,516 1403,516 1447,516 1492,516 1537,516 1582,516 1627,516 1671,516 1716,516 1761,516 1806,516 1851,519 1895,522 1940,522 1985,522 2030,522 2074,522 2119,522 2164,522 2209,522 2254,522 2298,525 2343,525"/>
                <Word id="r_22_tl_4_w1" custom="readingOrder {index:0;}">
                    <Coords points="1317,475 1317,535 1375,535 1375,475"/>
                    <TextEquiv>
                        <Unicode>und</Unicode>
                    </TextEquiv>
                </Word>
                <Word id="r_22_tl_4_w2" custom="readingOrder {index:1;}">
                    <Coords points="1402,476 1402,536 1449,536 1449,476"/>
                    <TextEquiv>
                        <Unicode>als</Unicode>
                    </TextEquiv>
                </Word>
                <Word id="r_22_tl_4_w3" custom="readingOrder {index:2;}">
                    <Coords points="1476,476 1476,536 1604,536 1604,476"/>
                    <TextEquiv>
                        <Unicode>Regeln</Unicode>
                    </TextEquiv>
                </Word>
                <Word id="r_22_tl_4_w4" custom="readingOrder {index:3;}">
                    <Coords points="1631,476 1631,536 1705,536 1705,476"/>
                    <TextEquiv>
                        <Unicode>oder</Unicode>
                    </TextEquiv>
                </Word>
                <Word id="r_22_tl_4_w5" custom="readingOrder {index:4;}">
                    <Coords points="1727,476 1727,536 1855,536 1855,476"/>
                    <TextEquiv>
                        <Unicode>Muster</Unicode>
                    </TextEquiv>
                </Word>
                <Word id="r_22_tl_4_w6" custom="readingOrder {index:5;}">
                    <Coords points="1882,482 1882,542 1935,542 1935,482"/>
                    <TextEquiv>
                        <Unicode>für</Unicode>
                    </TextEquiv>
                </Word>
                <Word id="r_22_tl_4_w7" custom="readingOrder {index:6;}">
                    <Coords points="1956,482 1956,542 2078,542 2078,482"/>
                    <TextEquiv>
                        <Unicode>genaue</Unicode>
                    </TextEquiv>
                </Word>
                <Word id="r_22_tl_4_w8" custom="readingOrder {index:7;}">
                    <Coords points="2101,482 2101,542 2329,542 2329,482"/>
                    <TextEquiv>
                        <Unicode>Cameralisten</Unicode>
                    </TextEquiv>
                </Word>
                <TextEquiv>
                    <Unicode>und als Regeln oder Muster für genaue Cameralisten</Unicode>
                </TextEquiv>
            </TextLine>
            <TextLine id="r_22_tl_5" custom="readingOrder {index:4;}">
                <Coords points="1313,580 2304,591 2334,542 1312,538"/>
                <Baseline points="1319,561 1364,564 1409,564 1453,567 1498,567 1543,567 1588,567 1633,567 1677,564 1722,561 1767,564 1812,564 1857,567 1901,570 1946,567 1991,570 2036,573 2080,573 2125,573 2170,573 2215,573 2260,570 2304,573 2337,573"/>
                <Word id="r_22_tl_5_w1" custom="readingOrder {index:0;}">
                    <Coords points="1312,524 1312,584 1517,584 1517,524"/>
                    <TextEquiv>
                        <Unicode>vorgestellet</Unicode>
                    </TextEquiv>
                </Word>
                <Word id="r_22_tl_5_w2" custom="readingOrder {index:1;}">
                    <Coords points="1533,527 1533,587 1677,587 1677,527"/>
                    <TextEquiv>
                        <Unicode>werden.</Unicode>
                    </TextEquiv>
                </Word>
                <Word id="r_22_tl_5_w3" custom="readingOrder {index:2;}">
                    <Coords points="1714,522 1714,582 1786,582 1786,522"/>
                    <TextEquiv>
                        <Unicode>Und</Unicode>
                    </TextEquiv>
                </Word>
                <Word id="r_22_tl_5_w4" custom="readingOrder {index:3;}">
                    <Coords points="1812,528 1812,588 1936,588 1936,528"/>
                    <TextEquiv>
                        <Unicode>freylich</Unicode>
                    </TextEquiv>
                </Word>
                <Word id="r_22_tl_5_w5" custom="readingOrder {index:4;}">
                    <Coords points="1957,530 1957,590 2034,590 2034,530"/>
                    <TextEquiv>
                        <Unicode>wird</Unicode>
                    </TextEquiv>
                </Word>
                <Word id="r_22_tl_5_w6" custom="readingOrder {index:5;}">
                    <Coords points="2060,533 2060,593 2106,593 2106,533"/>
                    <TextEquiv>
                        <Unicode>die</Unicode>
                    </TextEquiv>
                </Word>
                <Word id="r_22_tl_5_w7" custom="readingOrder {index:6;}">
                    <Coords points="2128,532 2128,592 2328,592 2328,532"/>
                    <TextEquiv>
                        <Unicode>vortrefliche</Unicode>
                    </TextEquiv>
                </Word>
                <TextEquiv>
                    <Unicode>vorgestellet werden. Und freylich wird die vortrefliche</Unicode>
                </TextEquiv>
            </TextLine>
            <TextLine id="r_22_tl_6" custom="readingOrder {index:5;}">
                <Coords points="1312,621 2336,639 2336,591 2261,580 1312,579"/>
                <Baseline points="1319,609 1364,612 1409,615 1453,615 1498,618 1543,615 1588,618 1633,615 1677,615 1722,612 1767,612 1812,615 1857,615 1901,618 1946,620 1991,620 2036,620 2080,623 2125,623 2170,623 2215,620 2260,620 2304,623 2340,620"/>
                <Word id="r_22_tl_6_w1" custom="readingOrder {index:0;}">
                    <Coords points="1317,575 1317,635 1529,635 1529,575"/>
                    <TextEquiv>
                        <Unicode>Einrichtung</Unicode>
                    </TextEquiv>
                </Word>
                <Word id="r_22_tl_6_w2" custom="readingOrder {index:1;}">
                    <Coords points="1561,577 1561,637 1618,637 1618,577"/>
                    <TextEquiv>
                        <Unicode>und</Unicode>
                    </TextEquiv>
                </Word>
                <Word id="r_22_tl_6_w3" custom="readingOrder {index:2;}">
                    <Coords points="1645,572 1645,632 1772,632 1772,572"/>
                    <TextEquiv>
                        <Unicode>genaue</Unicode>
                    </TextEquiv>
                </Word>
                <Word id="r_22_tl_6_w4" custom="readingOrder {index:3;}">
                    <Coords points="1794,578 1794,638 2011,638 2011,578"/>
                    <TextEquiv>
                        <Unicode>Verwaltung</Unicode>
                    </TextEquiv>
                </Word>
                <Word id="r_22_tl_6_w5" custom="readingOrder {index:4;}">
                    <Coords points="2038,581 2038,641 2085,641 2085,581"/>
                    <TextEquiv>
                        <Unicode>der</Unicode>
                    </TextEquiv>
                </Word>
                <Word id="r_22_tl_6_w6" custom="readingOrder {index:5;}">
                    <Coords points="2107,580 2107,640 2323,640 2323,580"/>
                    <TextEquiv>
                        <Unicode>Preußischen</Unicode>
                    </TextEquiv>
                </Word>
                <TextEquiv>
                    <Unicode>Einrichtung und genaue Verwaltung der Preußischen</Unicode>
                </TextEquiv>
            </TextLine>
            <TextLine id="r_22_tl_7" custom="readingOrder {index:6;}">
                <Coords points="1318,675 2335,684 2334,638 2228,630 1318,622"/>
                <Baseline points="1325,659 1370,665 1415,665 1459,665 1504,668 1549,668 1594,668 1639,665 1683,662 1728,662 1773,662 1818,662 1862,665 1907,665 1952,668 1997,671 2042,668 2086,671 2131,671 2176,671 2221,671 2266,674 2310,671 2337,671"/>
                <Word id="r_22_tl_7_w1" custom="readingOrder {index:0;}">
                    <Coords points="1318,625 1318,685 1488,685 1488,625"/>
                    <TextEquiv>
                        <Unicode>Cammern</Unicode>
                    </TextEquiv>
                </Word>
                <Word id="r_22_tl_7_w2" custom="readingOrder {index:1;}">
                    <Coords points="1525,628 1525,688 1551,688 1551,628"/>
                    <TextEquiv>
                        <Unicode>in</Unicode>
                    </TextEquiv>
                </Word>
                <Word id="r_22_tl_7_w3" custom="readingOrder {index:2;}">
                    <Coords points="1589,625 1589,685 1663,685 1663,625"/>
                    <TextEquiv>
                        <Unicode>allen</Unicode>
                    </TextEquiv>
                </Word>
                <Word id="r_22_tl_7_w4" custom="readingOrder {index:3;}">
                    <Coords points="1701,622 1701,682 1844,682 1844,622"/>
                    <TextEquiv>
                        <Unicode>Ländern</Unicode>
                    </TextEquiv>
                </Word>
                <Word id="r_22_tl_7_w5" custom="readingOrder {index:4;}">
                    <Coords points="1881,625 1881,685 1945,685 1945,625"/>
                    <TextEquiv>
                        <Unicode>und</Unicode>
                    </TextEquiv>
                </Word>
                <Word id="r_22_tl_7_w6" custom="readingOrder {index:5;}">
                    <Coords points="1972,630 1972,690 2024,690 2024,630"/>
                    <TextEquiv>
                        <Unicode>bey</Unicode>
                    </TextEquiv>
                </Word>
                <Word id="r_22_tl_7_w7" custom="readingOrder {index:6;}">
                    <Coords points="2068,631 2068,691 2147,691 2147,631"/>
                    <TextEquiv>
                        <Unicode>allen</Unicode>
                    </TextEquiv>
                </Word>
                <Word id="r_22_tl_7_w8" custom="readingOrder {index:7;}">
                    <Coords points="2184,633 2184,693 2322,693 2322,633"/>
                    <TextEquiv>
                        <Unicode>Völkern</Unicode>
                    </TextEquiv>
                </Word>
                <TextEquiv>
                    <Unicode>Cammern in allen Ländern und bey allen Völkern</Unicode>
                </TextEquiv>
            </TextLine>
            <TextLine id="r_22_tl_8" custom="readingOrder {index:7;}">
                <Coords points="1314,722 2336,737 2306,679 1314,673"/>
                <Baseline points="1322,713 1367,713 1412,713 1456,716 1501,716 1546,716 1591,713 1636,713 1680,713 1725,713 1770,710 1815,710 1859,713 1904,713 1949,716 1994,716 2039,716 2083,716 2128,722 2173,722 2218,722 2263,722 2307,722 2340,719"/>
                <Word id="r_22_tl_8_w1" custom="readingOrder {index:0;}">
                    <Coords points="1309,673 1309,733 1479,733 1479,673"/>
                    <TextEquiv>
                        <Unicode>besonders</Unicode>
                    </TextEquiv>
                </Word>
                <Word id="r_22_tl_8_w2" custom="readingOrder {index:1;}">
                    <Coords points="1517,674 1517,734 1613,734 1613,674"/>
                    <TextEquiv>
                        <Unicode>unter</Unicode>
                    </TextEquiv>
                </Word>
                <Word id="r_22_tl_8_w3" custom="readingOrder {index:2;}">
                    <Coords points="1656,673 1656,733 1708,733 1708,673"/>
                    <TextEquiv>
                        <Unicode>dem</Unicode>
                    </TextEquiv>
                </Word>
                <Word id="r_22_tl_8_w4" custom="readingOrder {index:3;}">
                    <Coords points="1763,670 1763,730 1890,730 1890,670"/>
                    <TextEquiv>
                        <Unicode>jetzigen</Unicode>
                    </TextEquiv>
                </Word>
                <Word id="r_22_tl_8_w5" custom="readingOrder {index:4;}">
                    <Coords points="1934,676 1934,736 2072,736 2072,676"/>
                    <TextEquiv>
                        <Unicode>Vorsitze</Unicode>
                    </TextEquiv>
                </Word>
                <Word id="r_22_tl_8_w6" custom="readingOrder {index:5;}">
                    <Coords points="2115,682 2115,742 2232,742 2232,682"/>
                    <TextEquiv>
                        <Unicode>unsers</Unicode>
                    </TextEquiv>
                </Word>
                <Word id="r_22_tl_8_w7" custom="readingOrder {index:6;}">
                    <Coords points="2276,682 2276,742 2334,742 2334,682"/>
                    <TextEquiv>
                        <Unicode>un¬</Unicode>
                    </TextEquiv>
                </Word>
                <TextEquiv>
                    <Unicode>besonders unter dem jetzigen Vorsitze unsers un¬</Unicode>
                </TextEquiv>
            </TextLine>
            <TextLine id="r_22_tl_9" custom="readingOrder {index:8;}">
                <Coords points="1312,773 2327,787 2327,731 1312,724"/>
                <Baseline points="1319,764 1364,761 1409,761 1453,764 1498,764 1543,764 1588,764 1633,764 1677,761 1722,761 1767,761 1812,761 1857,761 1901,761 1946,761 1991,764 2036,767 2080,767 2125,770 2170,770 2215,770 2260,770 2304,773 2331,770"/>
                <Word id="r_22_tl_9_w1" custom="readingOrder {index:0;}">
                    <Coords points="1314,721 1314,781 1505,781 1505,721"/>
                    <TextEquiv>
                        <Unicode>schätzbaren</Unicode>
                    </TextEquiv>
                </Word>
                <Word id="r_22_tl_9_w2" custom="readingOrder {index:1;}">
                    <Coords points="1548,724 1548,784 1656,784 1656,724"/>
                    <TextEquiv>
                        <Unicode>Herrn</Unicode>
                    </TextEquiv>
                </Word>
                <Word id="r_22_tl_9_w3" custom="readingOrder {index:2;}">
                    <Coords points="1693,721 1693,781 1951,781 1951,721"/>
                    <TextEquiv>
                        <Unicode>Präsidenten,</Unicode>
                    </TextEquiv>
                </Word>
                <Word id="r_22_tl_9_w4" custom="readingOrder {index:3;}">
                    <Coords points="1981,726 1981,786 2077,786 2077,726"/>
                    <TextEquiv>
                        <Unicode>dessen</Unicode>
                    </TextEquiv>
                </Word>
                <Word id="r_22_tl_9_w5" custom="readingOrder {index:4;}">
                    <Coords points="2114,730 2114,790 2209,790 2209,730"/>
                    <TextEquiv>
                        <Unicode>große</Unicode>
                    </TextEquiv>
                </Word>
                <Word id="r_22_tl_9_w6" custom="readingOrder {index:5;}">
                    <Coords points="2240,731 2240,791 2324,791 2324,731"/>
                    <TextEquiv>
                        <Unicode>Ver¬</Unicode>
                    </TextEquiv>
                </Word>
                <TextEquiv>
                    <Unicode>schätzbaren Herrn Präsidenten, dessen große Ver¬</Unicode>
                </TextEquiv>
            </TextLine>
            <TextLine id="r_22_tl_10" custom="readingOrder {index:9;}">
                <Coords points="1306,820 2306,840 2328,787 1305,771"/>
                <Baseline points="1313,809 1358,809 1403,812 1447,812 1492,812 1537,812 1582,815 1627,812 1671,812 1716,812 1761,812 1806,812 1851,812 1895,812 1940,812 1985,812 2030,815 2074,815 2119,818 2164,818 2209,821 2254,821 2298,824 2331,824"/>
                <Word id="r_22_tl_10_w1" custom="readingOrder {index:0;}">
                    <Coords points="1311,769 1311,829 1429,829 1429,769"/>
                    <TextEquiv>
                        <Unicode>dienste</Unicode>
                    </TextEquiv>
                </Word>
                <Word id="r_22_tl_10_w2" custom="readingOrder {index:1;}">
                    <Coords points="1457,772 1457,832 1516,832 1516,772"/>
                    <TextEquiv>
                        <Unicode>nur</Unicode>
                    </TextEquiv>
                </Word>
                <Word id="r_22_tl_10_w3" custom="readingOrder {index:2;}">
                    <Coords points="1549,774 1549,834 1620,834 1620,774"/>
                    <TextEquiv>
                        <Unicode>bloß</Unicode>
                    </TextEquiv>
                </Word>
                <Word id="r_22_tl_10_w4" custom="readingOrder {index:3;}">
                    <Coords points="1653,772 1653,832 1712,832 1712,772"/>
                    <TextEquiv>
                        <Unicode>von</Unicode>
                    </TextEquiv>
                </Word>
                <Word id="r_22_tl_10_w5" custom="readingOrder {index:4;}">
                    <Coords points="1750,772 1750,832 1832,832 1832,772"/>
                    <TextEquiv>
                        <Unicode>einem</Unicode>
                    </TextEquiv>
                </Word>
                <Word id="r_22_tl_10_w6" custom="readingOrder {index:5;}">
                    <Coords points="1881,772 1881,832 1994,832 1994,772"/>
                    <TextEquiv>
                        <Unicode>großen</Unicode>
                    </TextEquiv>
                </Word>
                <Word id="r_22_tl_10_w7" custom="readingOrder {index:6;}">
                    <Coords points="2033,776 2033,836 2163,836 2163,776"/>
                    <TextEquiv>
                        <Unicode>Könige</Unicode>
                    </TextEquiv>
                </Word>
                <Word id="r_22_tl_10_w8" custom="readingOrder {index:7;}">
                    <Coords points="2191,781 2191,841 2325,841 2325,781"/>
                    <TextEquiv>
                        <Unicode>erkannt</Unicode>
                    </TextEquiv>
                </Word>
                <TextEquiv>
                    <Unicode>dienste nur bloß von einem großen Könige erkannt</Unicode>
                </TextEquiv>
            </TextLine>
            <TextLine id="r_22_tl_11" custom="readingOrder {index:10;}">
                <Coords points="1309,870 2315,888 2334,836 1308,828"/>
                <Baseline points="1316,856 1361,859 1406,862 1450,862 1495,862 1540,862 1585,862 1630,862 1674,862 1719,859 1764,859 1809,859 1854,859 1898,859 1943,862 1988,862 2033,862 2077,862 2122,865 2167,865 2212,868 2257,871 2301,871 2337,871"/>
                <Word id="r_22_tl_11_w1" custom="readingOrder {index:0;}">
                    <Coords points="1313,817 1313,877 1372,877 1372,817"/>
                    <TextEquiv>
                        <Unicode>und</Unicode>
                    </TextEquiv>
                </Word>
                <Word id="r_22_tl_11_w2" custom="readingOrder {index:1;}">
                    <Coords points="1403,822 1403,882 1554,882 1554,822"/>
                    <TextEquiv>
                        <Unicode>belohnet</Unicode>
                    </TextEquiv>
                </Word>
                <Word id="r_22_tl_11_w3" custom="readingOrder {index:2;}">
                    <Coords points="1575,822 1575,882 1696,882 1696,822"/>
                    <TextEquiv>
                        <Unicode>werden</Unicode>
                    </TextEquiv>
                </Word>
                <Word id="r_22_tl_11_w4" custom="readingOrder {index:3;}">
                    <Coords points="1727,819 1727,879 1878,879 1878,819"/>
                    <TextEquiv>
                        <Unicode>konnen,</Unicode>
                    </TextEquiv>
                </Word>
                <Word id="r_22_tl_11_w5" custom="readingOrder {index:4;}">
                    <Coords points="1904,822 1904,882 2226,882 2226,822"/>
                    <TextEquiv>
                        <Unicode>bewundernswerth</Unicode>
                    </TextEquiv>
                </Word>
                <Word id="r_22_tl_11_w6" custom="readingOrder {index:5;}">
                    <Coords points="2257,831 2257,891 2332,891 2332,831"/>
                    <TextEquiv>
                        <Unicode>blei¬</Unicode>
                    </TextEquiv>
                </Word>
                <TextEquiv>
                    <Unicode>und belohnet werden konnen, bewundernswerth blei¬</Unicode>
                </TextEquiv>
            </TextLine>
            <TextLine id="r_22_tl_12" custom="readingOrder {index:11;}">
                <Coords points="1306,928 2328,933 2328,884 1306,870"/>
                <Baseline points="1313,907 1358,910 1403,910 1447,913 1492,910 1537,910 1582,910 1627,910 1671,913 1716,910 1761,910 1806,910 1851,910 1895,910 1940,910 1985,913 2030,913 2074,913 2119,913 2164,913 2209,916 2254,919 2298,919 2331,919"/>
                <Word id="r_22_tl_12_w1" custom="readingOrder {index:0;}">
                    <Coords points="1306,869 1306,929 1388,929 1388,869"/>
                    <TextEquiv>
                        <Unicode>ben.</Unicode>
                    </TextEquiv>
                </Word>
                <Word id="r_22_tl_12_w2" custom="readingOrder {index:1;}">
                    <Coords points="1440,871 1440,931 1506,931 1506,871"/>
                    <TextEquiv>
                        <Unicode>Zum</Unicode>
                    </TextEquiv>
                </Word>
                <Word id="r_22_tl_12_w3" custom="readingOrder {index:2;}">
                    <Coords points="1543,870 1543,930 1712,930 1712,870"/>
                    <TextEquiv>
                        <Unicode>Ueberfluß</Unicode>
                    </TextEquiv>
                </Word>
                <Word id="r_22_tl_12_w4" custom="readingOrder {index:3;}">
                    <Coords points="1739,870 1739,930 1847,930 1847,870"/>
                    <TextEquiv>
                        <Unicode>wollen</Unicode>
                    </TextEquiv>
                </Word>
                <Word id="r_22_tl_12_w5" custom="readingOrder {index:4;}">
                    <Coords points="1878,870 1878,930 1940,930 1940,870"/>
                    <TextEquiv>
                        <Unicode>wir</Unicode>
                    </TextEquiv>
                </Word>
                <Word id="r_22_tl_12_w6" custom="readingOrder {index:5;}">
                    <Coords points="1961,873 1961,933 2037,933 2037,873"/>
                    <TextEquiv>
                        <Unicode>allen</Unicode>
                    </TextEquiv>
                </Word>
                <Word id="r_22_tl_12_w7" custom="readingOrder {index:6;}">
                    <Coords points="2064,873 2064,933 2176,933 2176,873"/>
                    <TextEquiv>
                        <Unicode>jungen</Unicode>
                    </TextEquiv>
                </Word>
                <Word id="r_22_tl_12_w8" custom="readingOrder {index:7;}">
                    <Coords points="2208,879 2208,939 2316,939 2316,879"/>
                    <TextEquiv>
                        <Unicode>Leuten</Unicode>
                    </TextEquiv>
                </Word>
                <TextEquiv>
                    <Unicode>ben. Zum Ueberfluß wollen wir allen jungen Leuten</Unicode>
                </TextEquiv>
            </TextLine>
            <TextLine id="r_22_tl_13" custom="readingOrder {index:12;}">
                <Coords points="1310,977 2326,982 2304,931 1309,930"/>
                <Baseline points="1316,961 1361,958 1406,955 1450,958 1495,955 1540,955 1585,958 1630,958 1674,958 1719,958 1764,958 1809,958 1854,961 1898,961 1943,961 1988,964 2033,961 2077,961 2122,964 2167,964 2212,964 2257,967 2301,970 2328,970"/>
                <Word id="r_22_tl_13_w1" custom="readingOrder {index:0;}">
                    <Coords points="1309,918 1309,978 1390,978 1390,918"/>
                    <TextEquiv>
                        <Unicode>diese</Unicode>
                    </TextEquiv>
                </Word>
                <Word id="r_22_tl_13_w2" custom="readingOrder {index:1;}">
                    <Coords points="1417,915 1417,975 1638,975 1638,915"/>
                    <TextEquiv>
                        <Unicode>ökonomische</Unicode>
                    </TextEquiv>
                </Word>
                <Word id="r_22_tl_13_w3" custom="readingOrder {index:2;}">
                    <Coords points="1666,918 1666,978 1838,978 1838,918"/>
                    <TextEquiv>
                        <Unicode>Schriften</Unicode>
                    </TextEquiv>
                </Word>
                <Word id="r_22_tl_13_w4" custom="readingOrder {index:3;}">
                    <Coords points="1876,921 1876,981 1929,981 1929,921"/>
                    <TextEquiv>
                        <Unicode>des</Unicode>
                    </TextEquiv>
                </Word>
                <Word id="r_22_tl_13_w5" custom="readingOrder {index:4;}">
                    <Coords points="1957,922 1957,982 2053,982 2053,922"/>
                    <TextEquiv>
                        <Unicode>Hrn.</Unicode>
                    </TextEquiv>
                </Word>
                <Word id="r_22_tl_13_w6" custom="readingOrder {index:5;}">
                    <Coords points="2065,921 2065,981 2107,981 2107,921"/>
                    <TextEquiv>
                        <Unicode>D.</Unicode>
                    </TextEquiv>
                </Word>
                <Word id="r_22_tl_13_w7" custom="readingOrder {index:6;}">
                    <Coords points="2130,925 2130,985 2329,985 2329,925"/>
                    <TextEquiv>
                        <Unicode>empfehlen,</Unicode>
                    </TextEquiv>
                </Word>
                <TextEquiv>
                    <Unicode>diese ökonomische Schriften des Hrn. D. empfehlen,</Unicode>
                </TextEquiv>
            </TextLine>
            <TextLine id="r_22_tl_14" custom="readingOrder {index:13;}">
                <Coords points="1302,1012 2335,1042 2309,977 1302,975"/>
                <Baseline points="1310,1003 1355,1006 1400,1006 1444,1006 1489,1006 1534,1006 1579,1006 1624,1006 1668,1006 1713,1009 1758,1009 1803,1009 1848,1012 1892,1012 1937,1015 1982,1012 2027,1012 2071,1015 2116,1012 2161,1018 2206,1015 2251,1018 2295,1018 2337,1021"/>
                <Word id="r_22_tl_14_w1" custom="readingOrder {index:0;}">
                    <Coords points="1307,965 1307,1025 1389,1025 1389,965"/>
                    <TextEquiv>
                        <Unicode>weil</Unicode>
                    </TextEquiv>
                </Word>
                <Word id="r_22_tl_14_w2" custom="readingOrder {index:1;}">
                    <Coords points="1405,966 1405,1026 1441,1026 1441,966"/>
                    <TextEquiv>
                        <Unicode>sie</Unicode>
                    </TextEquiv>
                </Word>
                <Word id="r_22_tl_14_w3" custom="readingOrder {index:2;}">
                    <Coords points="1462,966 1462,1026 1586,1026 1586,966"/>
                    <TextEquiv>
                        <Unicode>daraus</Unicode>
                    </TextEquiv>
                </Word>
                <Word id="r_22_tl_14_w4" custom="readingOrder {index:3;}">
                    <Coords points="1613,966 1613,1026 1716,1026 1716,966"/>
                    <TextEquiv>
                        <Unicode>lernen</Unicode>
                    </TextEquiv>
                </Word>
                <Word id="r_22_tl_14_w5" custom="readingOrder {index:4;}">
                    <Coords points="1743,969 1743,1029 1892,1029 1892,969"/>
                    <TextEquiv>
                        <Unicode>können,</Unicode>
                    </TextEquiv>
                </Word>
                <Word id="r_22_tl_14_w6" custom="readingOrder {index:5;}">
                    <Coords points="1919,973 1919,1033 2006,1033 2006,973"/>
                    <TextEquiv>
                        <Unicode>daß,</Unicode>
                    </TextEquiv>
                </Word>
                <Word id="r_22_tl_14_w7" custom="readingOrder {index:6;}">
                    <Coords points="2033,973 2033,1033 2074,1033 2074,973"/>
                    <TextEquiv>
                        <Unicode>um</Unicode>
                    </TextEquiv>
                </Word>
                <Word id="r_22_tl_14_w8" custom="readingOrder {index:7;}">
                    <Coords points="2126,976 2126,1036 2167,1036 2167,976"/>
                    <TextEquiv>
                        <Unicode>ein</Unicode>
                    </TextEquiv>
                </Word>
                <Word id="r_22_tl_14_w9" custom="readingOrder {index:8;}">
                    <Coords points="2204,978 2204,1038 2333,1038 2333,978"/>
                    <TextEquiv>
                        <Unicode>glückli¬</Unicode>
                    </TextEquiv>
                </Word>
                <TextEquiv>
                    <Unicode>weil sie daraus lernen können, daß, um ein glückli¬</Unicode>
                </TextEquiv>
            </TextLine>
            <TextLine id="r_22_tl_15" custom="readingOrder {index:14;}">
                <Coords points="1306,1066 2308,1086 2325,1036 1305,1013"/>
                <Baseline points="1313,1053 1358,1053 1403,1053 1447,1053 1492,1053 1537,1053 1582,1056 1627,1056 1671,1056 1716,1056 1761,1059 1806,1062 1851,1062 1895,1062 1940,1062 1985,1062 2030,1062 2074,1062 2119,1062 2164,1065 2209,1065 2254,1065 2298,1065 2328,1065"/>
                <Word id="r_22_tl_15_w1" custom="readingOrder {index:0;}">
                    <Coords points="1311,1013 1311,1073 1377,1073 1377,1013"/>
                    <TextEquiv>
                        <Unicode>cher</Unicode>
                    </TextEquiv>
                </Word>
                <Word id="r_22_tl_15_w2" custom="readingOrder {index:1;}">
                    <Coords points="1400,1013 1400,1073 1504,1073 1504,1013"/>
                    <TextEquiv>
                        <Unicode>Wirth</Unicode>
                    </TextEquiv>
                </Word>
                <Word id="r_22_tl_15_w3" custom="readingOrder {index:2;}">
                    <Coords points="1532,1013 1532,1073 1559,1073 1559,1013"/>
                    <TextEquiv>
                        <Unicode>im</Unicode>
                    </TextEquiv>
                </Word>
                <Word id="r_22_tl_15_w4" custom="readingOrder {index:3;}">
                    <Coords points="1599,1016 1599,1076 1708,1076 1708,1016"/>
                    <TextEquiv>
                        <Unicode>privat</Unicode>
                    </TextEquiv>
                </Word>
                <Word id="r_22_tl_15_w5" custom="readingOrder {index:4;}">
                    <Coords points="1731,1019 1731,1079 1802,1079 1802,1019"/>
                    <TextEquiv>
                        <Unicode>oder</Unicode>
                    </TextEquiv>
                </Word>
                <Word id="r_22_tl_15_w6" custom="readingOrder {index:5;}">
                    <Coords points="1825,1022 1825,1082 2018,1082 2018,1022"/>
                    <TextEquiv>
                        <Unicode>öffentlichen</Unicode>
                    </TextEquiv>
                </Word>
                <Word id="r_22_tl_15_w7" custom="readingOrder {index:6;}">
                    <Coords points="2041,1022 2041,1082 2162,1082 2162,1022"/>
                    <TextEquiv>
                        <Unicode>Dienst</Unicode>
                    </TextEquiv>
                </Word>
                <Word id="r_22_tl_15_w8" custom="readingOrder {index:7;}">
                    <Coords points="2179,1025 2179,1085 2206,1085 2206,1025"/>
                    <TextEquiv>
                        <Unicode>zu</Unicode>
                    </TextEquiv>
                </Word>
                <Word id="r_22_tl_15_w9" custom="readingOrder {index:8;}">
                    <Coords points="2240,1025 2240,1085 2328,1085 2328,1025"/>
                    <TextEquiv>
                        <Unicode>seyn,</Unicode>
                    </TextEquiv>
                </Word>
                <TextEquiv>
                    <Unicode>cher Wirth im privat oder öffentlichen Dienst zu seyn,</Unicode>
                </TextEquiv>
            </TextLine>
            <TextLine id="r_22_tl_16" custom="readingOrder {index:15;}">
                <Coords points="1300,1115 2222,1141 2328,1126 2328,1083 1299,1072"/>
                <Baseline points="1307,1104 1352,1104 1397,1104 1442,1104 1486,1104 1531,1104 1576,1107 1621,1107 1665,1107 1710,1110 1755,1110 1800,1110 1845,1113 1889,1113 1934,1113 1979,1116 2024,1113 2068,1116 2113,1116 2158,1119 2203,1119 2248,1119 2292,1116 2331,1119"/>
                <Word id="r_22_tl_16_w1" custom="readingOrder {index:0;}">
                    <Coords points="1305,1064 1305,1124 1376,1124 1376,1064"/>
                    <TextEquiv>
                        <Unicode>man</Unicode>
                    </TextEquiv>
                </Word>
                <Word id="r_22_tl_16_w2" custom="readingOrder {index:1;}">
                    <Coords points="1410,1064 1410,1124 1515,1124 1515,1064"/>
                    <TextEquiv>
                        <Unicode>etwas</Unicode>
                    </TextEquiv>
                </Word>
                <Word id="r_22_tl_16_w3" custom="readingOrder {index:2;}">
                    <Coords points="1543,1067 1543,1127 1631,1127 1631,1067"/>
                    <TextEquiv>
                        <Unicode>mehr</Unicode>
                    </TextEquiv>
                </Word>
                <Word id="r_22_tl_16_w4" custom="readingOrder {index:3;}">
                    <Coords points="1660,1070 1660,1130 1776,1130 1776,1070"/>
                    <TextEquiv>
                        <Unicode>nöthig</Unicode>
                    </TextEquiv>
                </Word>
                <Word id="r_22_tl_16_w5" custom="readingOrder {index:4;}">
                    <Coords points="1810,1073 1810,1133 1915,1133 1915,1073"/>
                    <TextEquiv>
                        <Unicode>habe,</Unicode>
                    </TextEquiv>
                </Word>
                <Word id="r_22_tl_16_w6" custom="readingOrder {index:5;}">
                    <Coords points="1937,1074 1937,1134 1987,1134 1987,1074"/>
                    <TextEquiv>
                        <Unicode>als</Unicode>
                    </TextEquiv>
                </Word>
                <Word id="r_22_tl_16_w7" custom="readingOrder {index:6;}">
                    <Coords points="2021,1074 2021,1134 2065,1134 2065,1074"/>
                    <TextEquiv>
                        <Unicode>ein</Unicode>
                    </TextEquiv>
                </Word>
                <Word id="r_22_tl_16_w8" custom="readingOrder {index:7;}">
                    <Coords points="2098,1077 2098,1137 2181,1137 2181,1077"/>
                    <TextEquiv>
                        <Unicode>paar</Unicode>
                    </TextEquiv>
                </Word>
                <Word id="r_22_tl_16_w9" custom="readingOrder {index:8;}">
                    <Coords points="2210,1078 2210,1138 2314,1138 2314,1078"/>
                    <TextEquiv>
                        <Unicode>Hufen</Unicode>
                    </TextEquiv>
                </Word>
                <TextEquiv>
                    <Unicode>man etwas mehr nöthig habe, als ein paar Hufen</Unicode>
                </TextEquiv>
            </TextLine>
            <TextLine id="r_22_tl_17" custom="readingOrder {index:16;}">
                <Coords points="1302,1159 1326,1164 1338,1158 1352,1166 1361,1160 1377,1163 1404,1155 1432,1162 1447,1159 1447,1116 1438,1113 1413,1125 1390,1115 1365,1120 1344,1111 1302,1117"/>
                <Baseline points="1310,1149 1355,1152 1400,1152 1444,1149 1450,1149"/>
                <Word id="r_22_tl_17_w1" custom="readingOrder {index:0;}">
                    <Coords points="1307,1112 1307,1172 1435,1172 1435,1112"/>
                    <TextEquiv>
                        <Unicode>Landes</Unicode>
                    </TextEquiv>
                </Word>
                <TextEquiv>
                    <Unicode>Landes</Unicode>
                </TextEquiv>
            </TextLine>
            <TextLine id="r_22_tl_18" custom="readingOrder {index:17;}">
                <Coords points="1608,1186 1767,1169 2134,1180 2134,1138 2108,1147 2061,1123 1901,1137 1752,1120 1700,1139 1644,1117 1608,1134"/>
                <Baseline points="1615,1155 1659,1161 1704,1161 1749,1161 1794,1164 1839,1161 1883,1164 1928,1164 1973,1164 2018,1161 2063,1164 2107,1164 2137,1161"/>
                <Word id="r_22_tl_18_w1" custom="readingOrder {index:0;}">
                    <Coords points="1615,1118 1615,1178 1659,1178 1659,1118"/>
                    <TextEquiv>
                        <Unicode>ein</Unicode>
                    </TextEquiv>
                </Word>
                <Word id="r_22_tl_18_w2" custom="readingOrder {index:1;}">
                    <Coords points="1694,1121 1694,1181 1756,1181 1756,1121"/>
                    <TextEquiv>
                        <Unicode>gut</Unicode>
                    </TextEquiv>
                </Word>
                <Word id="r_22_tl_18_w3" custom="readingOrder {index:2;}">
                    <Coords points="1779,1122 1779,1182 1932,1182 1932,1122"/>
                    <TextEquiv>
                        <Unicode>Gespann</Unicode>
                    </TextEquiv>
                </Word>
                <Word id="r_22_tl_18_w4" custom="readingOrder {index:3;}">
                    <Coords points="1961,1121 1961,1181 2085,1181 2085,1121"/>
                    <TextEquiv>
                        <Unicode>Pferde</Unicode>
                    </TextEquiv>
                </Word>
                <Word id="r_22_tl_18_w5" custom="readingOrder {index:4;}">
                    <Coords points="2114,1122 2114,1182 2131,1182 2131,1122"/>
                    <TextEquiv>
                        <Unicode>-</Unicode>
                    </TextEquiv>
                </Word>
                <TextEquiv>
                    <Unicode>ein gut Gespann Pferde -</Unicode>
                </TextEquiv>
            </TextLine>
            <TextLine id="r_22_tl_19" custom="readingOrder {index:18;}">
                <Coords points="2255,1186 2299,1184 2305,1177 2318,1186 2326,1179 2332,1179 2330,1130 2302,1130 2296,1125 2276,1130 2269,1137 2253,1137"/>
                <Baseline points="2263,1167 2307,1170 2334,1170"/>
                <Word id="r_22_tl_19_w1" custom="readingOrder {index:0;}">
                    <Coords points="2260,1128 2260,1188 2312,1188 2312,1128"/>
                    <TextEquiv>
                        <Unicode>ein</Unicode>
                    </TextEquiv>
                </Word>
                <TextEquiv>
                    <Unicode>ein</Unicode>
                </TextEquiv>
            </TextLine>
            <TextLine id="r_22_tl_20" custom="readingOrder {index:19;}">
                <Coords points="1308,1218 1335,1205 1476,1223 1503,1207 1520,1222 1604,1223 1718,1207 1717,1181 1614,1186 1558,1159 1450,1151 1377,1176 1306,1169"/>
                <Baseline points="1313,1200 1358,1203 1403,1203 1447,1203 1492,1203 1537,1203 1582,1206 1627,1206 1671,1203 1716,1206 1722,1203"/>
                <Word id="r_22_tl_20_w1" custom="readingOrder {index:0;}">
                    <Coords points="1307,1162 1307,1222 1385,1222 1385,1162"/>
                    <TextEquiv>
                        <Unicode>paar</Unicode>
                    </TextEquiv>
                </Word>
                <Word id="r_22_tl_20_w2" custom="readingOrder {index:1;}">
                    <Coords points="1408,1163 1408,1223 1597,1223 1597,1163"/>
                    <TextEquiv>
                        <Unicode>Jochochsen</Unicode>
                    </TextEquiv>
                </Word>
                <Word id="r_22_tl_20_w3" custom="readingOrder {index:2;}">
                    <Coords points="1626,1165 1626,1225 1636,1225 1636,1165"/>
                    <TextEquiv>
                        <Unicode>—</Unicode>
                    </TextEquiv>
                </Word>
                <Word id="r_22_tl_20_w4" custom="readingOrder {index:3;}">
                    <Coords points="1693,1164 1693,1224 1704,1224 1704,1164"/>
                    <TextEquiv>
                        <Unicode>—</Unicode>
                    </TextEquiv>
                </Word>
                <TextEquiv>
                    <Unicode>paar Jochochsen — —</Unicode>
                </TextEquiv>
            </TextLine>
            <TextLine id="r_22_tl_21" custom="readingOrder {index:20;}">
                <Coords points="1746,1220 2253,1220 2319,1239 2326,1185 2222,1190 2169,1166 1744,1180"/>
                <Baseline points="1752,1209 1797,1212 1842,1212 1886,1212 1931,1212 1976,1212 2021,1215 2065,1215 2110,1215 2155,1215 2200,1215 2245,1218 2289,1218 2331,1221"/>
                <Word id="r_22_tl_21_w1" custom="readingOrder {index:0;}">
                    <Coords points="1754,1171 1754,1231 1814,1231 1814,1171"/>
                    <TextEquiv>
                        <Unicode>und</Unicode>
                    </TextEquiv>
                </Word>
                <Word id="r_22_tl_21_w2" custom="readingOrder {index:1;}">
                    <Coords points="1840,1172 1840,1232 1945,1232 1945,1172"/>
                    <TextEquiv>
                        <Unicode>etliche</Unicode>
                    </TextEquiv>
                </Word>
                <Word id="r_22_tl_21_w3" custom="readingOrder {index:2;}">
                    <Coords points="1971,1175 1971,1235 2138,1235 2138,1175"/>
                    <TextEquiv>
                        <Unicode>einfältige</Unicode>
                    </TextEquiv>
                </Word>
                <Word id="r_22_tl_21_w4" custom="readingOrder {index:3;}">
                    <Coords points="2164,1177 2164,1237 2325,1237 2325,1177"/>
                    <TextEquiv>
                        <Unicode>Bauren.</Unicode>
                    </TextEquiv>
                </Word>
                <TextEquiv>
                    <Unicode>und etliche einfältige Bauren.</Unicode>
                </TextEquiv>
            </TextLine>
            <TextLine id="r_22_tl_22" custom="readingOrder {index:21;}">
                <Coords points="1334,1266 2334,1283 2334,1239 2253,1220 1334,1214"/>
                <Baseline points="1341,1247 1388,1253 1433,1253 1477,1253 1522,1253 1567,1253 1612,1253 1656,1253 1701,1256 1746,1256 1791,1259 1836,1259 1880,1259 1925,1259 1970,1259 2015,1259 2060,1262 2104,1262 2149,1262 2194,1262 2239,1262 2283,1265 2328,1265 2337,1265"/>
                <Word id="r_22_tl_22_w1" custom="readingOrder {index:0;}">
                    <Coords points="1334,1213 1334,1273 1454,1273 1454,1213"/>
                    <TextEquiv>
                        <Unicode>Frrende</Unicode>
                    </TextEquiv>
                </Word>
                <Word id="r_22_tl_22_w2" custom="readingOrder {index:1;}">
                    <Coords points="1480,1213 1480,1273 1590,1273 1590,1213"/>
                    <TextEquiv>
                        <Unicode>Ritter</Unicode>
                    </TextEquiv>
                </Word>
                <Word id="r_22_tl_22_w3" custom="readingOrder {index:2;}">
                    <Coords points="1611,1213 1611,1273 1636,1273 1636,1213"/>
                    <TextEquiv>
                        <Unicode>in</Unicode>
                    </TextEquiv>
                </Word>
                <Word id="r_22_tl_22_w4" custom="readingOrder {index:3;}">
                    <Coords points="1666,1217 1666,1277 1873,1277 1873,1217"/>
                    <TextEquiv>
                        <Unicode>Romanen,</Unicode>
                    </TextEquiv>
                </Word>
                <Word id="r_22_tl_22_w5" custom="readingOrder {index:4;}">
                    <Coords points="1904,1219 1904,1279 1969,1279 1969,1219"/>
                    <TextEquiv>
                        <Unicode>und</Unicode>
                    </TextEquiv>
                </Word>
                <Word id="r_22_tl_22_w6" custom="readingOrder {index:5;}">
                    <Coords points="2000,1222 2000,1282 2216,1282 2216,1222"/>
                    <TextEquiv>
                        <Unicode>ökonomische</Unicode>
                    </TextEquiv>
                </Word>
                <Word id="r_22_tl_22_w7" custom="readingOrder {index:6;}">
                    <Coords points="2237,1224 2237,1284 2327,1284 2327,1224"/>
                    <TextEquiv>
                        <Unicode>Pro¬</Unicode>
                    </TextEquiv>
                </Word>
                <TextEquiv>
                    <Unicode>Frrende Ritter in Romanen, und ökonomische Pro¬</Unicode>
                </TextEquiv>
            </TextLine>
            <TextLine id="r_22_tl_23" custom="readingOrder {index:22;}">
                <Coords points="1306,1321 2332,1325 2331,1283 2269,1270 1306,1267"/>
                <Baseline points="1313,1307 1358,1304 1403,1304 1447,1304 1492,1304 1537,1304 1582,1304 1627,1304 1671,1307 1716,1307 1761,1307 1806,1307 1851,1307 1895,1307 1940,1307 1985,1307 2030,1307 2074,1310 2119,1310 2164,1310 2209,1310 2254,1310 2298,1310 2334,1313"/>
                <Word id="r_22_tl_23_w1" custom="readingOrder {index:0;}">
                    <Coords points="1306,1264 1306,1324 1538,1324 1538,1264"/>
                    <TextEquiv>
                        <Unicode>jektenmacher</Unicode>
                    </TextEquiv>
                </Word>
                <Word id="r_22_tl_23_w2" custom="readingOrder {index:1;}">
                    <Coords points="1559,1264 1559,1324 1617,1324 1617,1264"/>
                    <TextEquiv>
                        <Unicode>auf</Unicode>
                    </TextEquiv>
                </Word>
                <Word id="r_22_tl_23_w3" custom="readingOrder {index:2;}">
                    <Coords points="1639,1266 1639,1326 1686,1326 1686,1266"/>
                    <TextEquiv>
                        <Unicode>dem</Unicode>
                    </TextEquiv>
                </Word>
                <Word id="r_22_tl_23_w4" custom="readingOrder {index:3;}">
                    <Coords points="1723,1267 1723,1327 1849,1327 1849,1267"/>
                    <TextEquiv>
                        <Unicode>Papier</Unicode>
                    </TextEquiv>
                </Word>
                <Word id="r_22_tl_23_w5" custom="readingOrder {index:4;}">
                    <Coords points="1876,1267 1876,1327 1934,1327 1934,1267"/>
                    <TextEquiv>
                        <Unicode>sind</Unicode>
                    </TextEquiv>
                </Word>
                <Word id="r_22_tl_23_w6" custom="readingOrder {index:5;}">
                    <Coords points="1961,1267 1961,1327 2039,1327 2039,1267"/>
                    <TextEquiv>
                        <Unicode>zwey</Unicode>
                    </TextEquiv>
                </Word>
                <Word id="r_22_tl_23_w7" custom="readingOrder {index:6;}">
                    <Coords points="2061,1270 2061,1330 2240,1330 2240,1270"/>
                    <TextEquiv>
                        <Unicode>lächerliche</Unicode>
                    </TextEquiv>
                </Word>
                <Word id="r_22_tl_23_w8" custom="readingOrder {index:7;}">
                    <Coords points="2256,1270 2256,1330 2324,1330 2324,1270"/>
                    <TextEquiv>
                        <Unicode>Ge¬</Unicode>
                    </TextEquiv>
                </Word>
                <TextEquiv>
                    <Unicode>jektenmacher auf dem Papier sind zwey lächerliche Ge¬</Unicode>
                </TextEquiv>
            </TextLine>
            <TextLine id="r_22_tl_24" custom="readingOrder {index:23;}">
                <Coords points="1306,1372 2331,1382 2304,1319 1306,1321"/>
                <Baseline points="1313,1358 1358,1355 1403,1355 1447,1355 1492,1355 1537,1355 1582,1358 1627,1355 1671,1358 1716,1355 1761,1358 1806,1358 1851,1358 1895,1358 1940,1358 1985,1358 2030,1358 2074,1358 2119,1358 2164,1358 2209,1361 2254,1364 2298,1364 2334,1367"/>
                <Word id="r_22_tl_24_w1" custom="readingOrder {index:0;}">
                    <Coords points="1307,1315 1307,1375 1453,1375 1453,1315"/>
                    <TextEquiv>
                        <Unicode>schöpfe,</Unicode>
                    </TextEquiv>
                </Word>
                <Word id="r_22_tl_24_w2" custom="readingOrder {index:1;}">
                    <Coords points="1476,1315 1476,1375 1538,1375 1538,1315"/>
                    <TextEquiv>
                        <Unicode>und</Unicode>
                    </TextEquiv>
                </Word>
                <Word id="r_22_tl_24_w3" custom="readingOrder {index:2;}">
                    <Coords points="1561,1315 1561,1375 1713,1375 1713,1315"/>
                    <TextEquiv>
                        <Unicode>bedürfen</Unicode>
                    </TextEquiv>
                </Word>
                <Word id="r_22_tl_24_w4" custom="readingOrder {index:3;}">
                    <Coords points="1747,1318 1747,1378 1814,1378 1814,1318"/>
                    <TextEquiv>
                        <Unicode>eine</Unicode>
                    </TextEquiv>
                </Word>
                <Word id="r_22_tl_24_w5" custom="readingOrder {index:4;}">
                    <Coords points="1837,1318 1837,1378 1904,1378 1904,1318"/>
                    <TextEquiv>
                        <Unicode>gute</Unicode>
                    </TextEquiv>
                </Word>
                <Word id="r_22_tl_24_w6" custom="readingOrder {index:5;}">
                    <Coords points="1928,1318 1928,1378 2175,1378 2175,1318"/>
                    <TextEquiv>
                        <Unicode>Inokulation,</Unicode>
                    </TextEquiv>
                </Word>
                <Word id="r_22_tl_24_w7" custom="readingOrder {index:6;}">
                    <Coords points="2199,1321 2199,1381 2237,1381 2237,1321"/>
                    <TextEquiv>
                        <Unicode>um</Unicode>
                    </TextEquiv>
                </Word>
                <Word id="r_22_tl_24_w8" custom="readingOrder {index:7;}">
                    <Coords points="2272,1324 2272,1384 2322,1384 2322,1324"/>
                    <TextEquiv>
                        <Unicode>ih¬</Unicode>
                    </TextEquiv>
                </Word>
                <TextEquiv>
                    <Unicode>schöpfe, und bedürfen eine gute Inokulation, um ih¬</Unicode>
                </TextEquiv>
            </TextLine>
            <TextLine id="r_22_tl_25" custom="readingOrder {index:24;}">
                <Coords points="1301,1418 2336,1424 2335,1385 2279,1368 1300,1377"/>
                <Baseline points="1307,1409 1352,1409 1397,1409 1442,1409 1486,1409 1531,1409 1576,1409 1621,1409 1665,1409 1710,1409 1755,1409 1800,1409 1845,1409 1889,1412 1934,1412 1979,1409 2024,1409 2068,1412 2113,1412 2158,1412 2203,1412 2248,1412 2292,1412 2337,1409"/>
                <Word id="r_22_tl_25_w1" custom="readingOrder {index:0;}">
                    <Coords points="1306,1369 1306,1429 1354,1429 1354,1369"/>
                    <TextEquiv>
                        <Unicode>rem</Unicode>
                    </TextEquiv>
                </Word>
                <Word id="r_22_tl_25_w2" custom="readingOrder {index:1;}">
                    <Coords points="1398,1369 1398,1429 1577,1429 1577,1369"/>
                    <TextEquiv>
                        <Unicode>Verstande</Unicode>
                    </TextEquiv>
                </Word>
                <Word id="r_22_tl_25_w3" custom="readingOrder {index:2;}">
                    <Coords points="1605,1369 1605,1429 1664,1429 1664,1369"/>
                    <TextEquiv>
                        <Unicode>und</Unicode>
                    </TextEquiv>
                </Word>
                <Word id="r_22_tl_25_w4" custom="readingOrder {index:3;}">
                    <Coords points="1687,1369 1687,1429 1778,1429 1778,1369"/>
                    <TextEquiv>
                        <Unicode>ihrem</Unicode>
                    </TextEquiv>
                </Word>
                <Word id="r_22_tl_25_w5" custom="readingOrder {index:4;}">
                    <Coords points="1818,1371 1818,1431 1947,1431 1947,1371"/>
                    <TextEquiv>
                        <Unicode>Beutel</Unicode>
                    </TextEquiv>
                </Word>
                <Word id="r_22_tl_25_w6" custom="readingOrder {index:5;}">
                    <Coords points="1964,1372 1964,1432 2176,1432 2176,1372"/>
                    <TextEquiv>
                        <Unicode>Gesundheit</Unicode>
                    </TextEquiv>
                </Word>
                <Word id="r_22_tl_25_w7" custom="readingOrder {index:6;}">
                    <Coords points="2198,1372 2198,1432 2257,1432 2257,1372"/>
                    <TextEquiv>
                        <Unicode>und</Unicode>
                    </TextEquiv>
                </Word>
                <Word id="r_22_tl_25_w8" custom="readingOrder {index:7;}">
                    <Coords points="2280,1371 2280,1431 2333,1431 2333,1371"/>
                    <TextEquiv>
                        <Unicode>Le¬</Unicode>
                    </TextEquiv>
                </Word>
                <TextEquiv>
                    <Unicode>rem Verstande und ihrem Beutel Gesundheit und Le¬</Unicode>
                </TextEquiv>
            </TextLine>
            <TextLine id="r_22_tl_26" custom="readingOrder {index:25;}">
                <Coords points="1306,1469 2335,1482 2335,1424 1306,1418"/>
                <Baseline points="1313,1456 1358,1459 1403,1459 1447,1456 1492,1459 1537,1459 1582,1459 1627,1459 1671,1459 1716,1459 1761,1459 1806,1459 1851,1459 1895,1459 1940,1462 1985,1462 2030,1462 2074,1465 2119,1462 2164,1465 2209,1462 2254,1465 2298,1465 2337,1462"/>
                <Word id="r_22_tl_26_w1" custom="readingOrder {index:0;}">
                    <Coords points="1301,1416 1301,1476 1350,1476 1350,1416"/>
                    <TextEquiv>
                        <Unicode>ben</Unicode>
                    </TextEquiv>
                </Word>
                <Word id="r_22_tl_26_w2" custom="readingOrder {index:1;}">
                    <Coords points="1390,1418 1390,1478 1417,1478 1417,1418"/>
                    <TextEquiv>
                        <Unicode>zu</Unicode>
                    </TextEquiv>
                </Word>
                <Word id="r_22_tl_26_w3" custom="readingOrder {index:2;}">
                    <Coords points="1457,1419 1457,1479 1635,1479 1635,1419"/>
                    <TextEquiv>
                        <Unicode>ertheilen.</Unicode>
                    </TextEquiv>
                </Word>
                <Word id="r_22_tl_26_w4" custom="readingOrder {index:3;}">
                    <Coords points="1686,1419 1686,1479 1802,1479 1802,1419"/>
                    <TextEquiv>
                        <Unicode>Kostet</Unicode>
                    </TextEquiv>
                </Word>
                <Word id="r_22_tl_26_w5" custom="readingOrder {index:4;}">
                    <Coords points="1825,1419 1825,1479 1852,1479 1852,1419"/>
                    <TextEquiv>
                        <Unicode>in</Unicode>
                    </TextEquiv>
                </Word>
                <Word id="r_22_tl_26_w6" custom="readingOrder {index:5;}">
                    <Coords points="1886,1420 1886,1480 1942,1480 1942,1420"/>
                    <TextEquiv>
                        <Unicode>der</Unicode>
                    </TextEquiv>
                </Word>
                <Word id="r_22_tl_26_w7" custom="readingOrder {index:6;}">
                    <Coords points="1970,1424 1970,1484 2181,1484 2181,1424"/>
                    <TextEquiv>
                        <Unicode>Kanterschen</Unicode>
                    </TextEquiv>
                </Word>
                <Word id="r_22_tl_26_w8" custom="readingOrder {index:7;}">
                    <Coords points="2216,1425 2216,1485 2326,1485 2326,1425"/>
                    <TextEquiv>
                        <Unicode>Buch¬</Unicode>
                    </TextEquiv>
                </Word>
                <TextEquiv>
                    <Unicode>ben zu ertheilen. Kostet in der Kanterschen Buch¬</Unicode>
                </TextEquiv>
            </TextLine>
            <TextLine id="r_22_tl_27" custom="readingOrder {index:26;}">
                <Coords points="1306,1528 2336,1531 2336,1480 2231,1471 1306,1469"/>
                <Baseline points="1313,1510 1358,1510 1403,1510 1447,1510 1492,1510 1537,1513 1582,1513 1627,1513 1671,1513 1716,1513 1761,1513 1806,1513 1851,1513 1895,1513 1940,1513 1985,1516 2030,1516 2074,1516 2119,1519 2164,1516 2209,1519 2254,1516 2298,1516 2340,1516"/>
                <Word id="r_22_tl_27_w1" custom="readingOrder {index:0;}">
                    <Coords points="1301,1470 1301,1530 1465,1530 1465,1470"/>
                    <TextEquiv>
                        <Unicode>handlung</Unicode>
                    </TextEquiv>
                </Word>
                <Word id="r_22_tl_27_w2" custom="readingOrder {index:1;}">
                    <Coords points="1505,1473 1505,1533 1646,1533 1646,1473"/>
                    <TextEquiv>
                        <Unicode>allhier,</Unicode>
                    </TextEquiv>
                </Word>
                <Word id="r_22_tl_27_w3" custom="readingOrder {index:2;}">
                    <Coords points="1670,1473 1670,1533 1732,1533 1732,1473"/>
                    <TextEquiv>
                        <Unicode>wie</Unicode>
                    </TextEquiv>
                </Word>
                <Word id="r_22_tl_27_w4" custom="readingOrder {index:3;}">
                    <Coords points="1766,1473 1766,1533 1839,1533 1839,1473"/>
                    <TextEquiv>
                        <Unicode>auch</Unicode>
                    </TextEquiv>
                </Word>
                <Word id="r_22_tl_27_w5" custom="readingOrder {index:4;}">
                    <Coords points="1874,1473 1874,1533 1902,1533 1902,1473"/>
                    <TextEquiv>
                        <Unicode>in</Unicode>
                    </TextEquiv>
                </Word>
                <Word id="r_22_tl_27_w6" custom="readingOrder {index:5;}">
                    <Coords points="1942,1476 1942,1536 2066,1536 2066,1476"/>
                    <TextEquiv>
                        <Unicode>Elbing</Unicode>
                    </TextEquiv>
                </Word>
                <Word id="r_22_tl_27_w7" custom="readingOrder {index:6;}">
                    <Coords points="2101,1478 2101,1538 2163,1538 2163,1478"/>
                    <TextEquiv>
                        <Unicode>und</Unicode>
                    </TextEquiv>
                </Word>
                <Word id="r_22_tl_27_w8" custom="readingOrder {index:7;}">
                    <Coords points="2197,1476 2197,1536 2310,1536 2310,1476"/>
                    <TextEquiv>
                        <Unicode>Mitau</Unicode>
                    </TextEquiv>
                </Word>
                <TextEquiv>
                    <Unicode>handlung allhier, wie auch in Elbing und Mitau</Unicode>
                </TextEquiv>
            </TextLine>
            <TextLine id="r_22_tl_28" custom="readingOrder {index:27;}">
                <Coords points="1297,1574 1319,1572 1353,1585 1365,1581 1370,1587 1382,1578 1405,1587 1435,1583 1435,1520 1426,1518 1408,1529 1357,1515 1336,1531 1297,1531"/>
                <Baseline points="1304,1561 1349,1561 1394,1564 1439,1558"/>
                <Word id="r_22_tl_28_w1" custom="readingOrder {index:0;}">
                    <Coords points="1299,1521 1299,1581 1340,1581 1340,1521"/>
                    <TextEquiv>
                        <Unicode>24</Unicode>
                    </TextEquiv>
                </Word>
                <Word id="r_22_tl_28_w2" custom="readingOrder {index:1;}">
                    <Coords points="1378,1522 1378,1582 1432,1582 1432,1522"/>
                    <TextEquiv>
                        <Unicode>gr.</Unicode>
                    </TextEquiv>
                </Word>
                <TextEquiv>
                    <Unicode>24 gr.</Unicode>
                </TextEquiv>
            </TextLine>
            <TextEquiv>
                <Unicode></Unicode>
            </TextEquiv>
        </TextRegion>
        <TextRegion id="r_46" custom="readingOrder {index:3;}">
            <Coords points="2357,1714 2357,1860 1288,1860 1290,1714"/>
            <TextLine id="r_46_tl_1" custom="readingOrder {index:0;}">
                <Coords points="1639,1844 1764,1837 1781,1849 1829,1837 1887,1862 1923,1849 1990,1855 1987,1763 1953,1770 1897,1746 1840,1763 1802,1747 1636,1755"/>
                <Baseline points="1645,1812 1689,1815 1734,1815 1779,1818 1824,1818 1868,1821 1913,1821 1958,1821 1991,1821"/>
                <Word id="r_46_tl_1_w1" custom="readingOrder {index:0;}">
                    <Coords points="1643,1775 1643,1835 1761,1835 1761,1775"/>
                    <TextEquiv>
                        <Unicode>Die</Unicode>
                    </TextEquiv>
                </Word>
                <Word id="r_46_tl_1_w2" custom="readingOrder {index:1;}">
                    <Coords points="1807,1781 1807,1841 1979,1841 1979,1781"/>
                    <TextEquiv>
                        <Unicode>Rose.</Unicode>
                    </TextEquiv>
                </Word>
                <TextEquiv>
                    <Unicode>Die Rose.</Unicode>
                </TextEquiv>
            </TextLine>
            <TextEquiv>
                <Unicode></Unicode>
            </TextEquiv>
        </TextRegion>
        <TextRegion id="r_59" custom="readingOrder {index:4;}">
            <Coords points="2357,1952 2357,2922 1277,2919 1287,1952"/>
            <TextLine id="r_59_tl_1" custom="readingOrder {index:0;}">
                <Coords points="1396,2049 2095,2039 2094,1960 1679,1961 1567,1999 1460,1950 1395,1956"/>
                <Baseline points="1403,2024 1447,2024 1492,2024 1537,2024 1582,2021 1627,2024 1671,2024 1716,2024 1761,2024 1806,2024 1851,2027 1895,2027 1940,2027 1985,2027 2030,2030 2074,2030 2098,2033"/>
                <Word id="r_59_tl_1_w1" custom="readingOrder {index:0;}">
                    <Coords points="1408,1984 1408,2044 1525,2044 1525,1984"/>
                    <TextEquiv>
                        <Unicode>Nimm</Unicode>
                    </TextEquiv>
                </Word>
                <Word id="r_59_tl_1_w2" custom="readingOrder {index:1;}">
                    <Coords points="1582,1982 1582,2042 1628,2042 1628,1982"/>
                    <TextEquiv>
                        <Unicode>die</Unicode>
                    </TextEquiv>
                </Word>
                <Word id="r_59_tl_1_w3" custom="readingOrder {index:2;}">
                    <Coords points="1653,1984 1653,2044 1771,2044 1771,1984"/>
                    <TextEquiv>
                        <Unicode>Rose,</Unicode>
                    </TextEquiv>
                </Word>
                <Word id="r_59_tl_1_w4" custom="readingOrder {index:3;}">
                    <Coords points="1804,1986 1804,2046 1897,2046 1897,1986"/>
                    <TextEquiv>
                        <Unicode>holde</Unicode>
                    </TextEquiv>
                </Word>
                <Word id="r_59_tl_1_w5" custom="readingOrder {index:4;}">
                    <Coords points="1930,1987 1930,2047 2063,2047 2063,1987"/>
                    <TextEquiv>
                        <Unicode>Schöne</Unicode>
                    </TextEquiv>
                </Word>
                <TextEquiv>
                    <Unicode>Nimm die Rose, holde Schöne</Unicode>
                </TextEquiv>
            </TextLine>
            <TextLine id="r_59_tl_2" custom="readingOrder {index:1;}">
                <Coords points="1396,2106 1458,2123 1716,2100 1821,2119 1956,2109 1956,2064 1914,2051 1502,2049 1475,2068 1396,2048"/>
                <Baseline points="1403,2095 1447,2095 1492,2095 1537,2095 1582,2095 1627,2095 1671,2095 1716,2092 1761,2095 1806,2092 1851,2092 1895,2095 1940,2095 1958,2098"/>
                <Word id="r_59_tl_2_w1" custom="readingOrder {index:0;}">
                    <Coords points="1402,2055 1402,2115 1519,2115 1519,2055"/>
                    <TextEquiv>
                        <Unicode>Stecke</Unicode>
                    </TextEquiv>
                </Word>
                <Word id="r_59_tl_2_w2" custom="readingOrder {index:1;}">
                    <Coords points="1547,2055 1547,2115 1591,2115 1591,2055"/>
                    <TextEquiv>
                        <Unicode>sie</Unicode>
                    </TextEquiv>
                </Word>
                <Word id="r_59_tl_2_w3" custom="readingOrder {index:2;}">
                    <Coords points="1620,2055 1620,2115 1652,2115 1652,2055"/>
                    <TextEquiv>
                        <Unicode>an</Unicode>
                    </TextEquiv>
                </Word>
                <Word id="r_59_tl_2_w4" custom="readingOrder {index:3;}">
                    <Coords points="1692,2053 1692,2113 1780,2113 1780,2053"/>
                    <TextEquiv>
                        <Unicode>deine</Unicode>
                    </TextEquiv>
                </Word>
                <Word id="r_59_tl_2_w5" custom="readingOrder {index:4;}">
                    <Coords points="1814,2053 1814,2113 1942,2113 1942,2053"/>
                    <TextEquiv>
                        <Unicode>Brust!</Unicode>
                    </TextEquiv>
                </Word>
                <TextEquiv>
                    <Unicode>Stecke sie an deine Brust!</Unicode>
                </TextEquiv>
            </TextLine>
            <TextLine id="r_59_tl_3" custom="readingOrder {index:2;}">
                <Coords points="1387,2186 1458,2201 1746,2177 1787,2199 1880,2182 1992,2201 1992,2132 1928,2121 1387,2141"/>
                <Baseline points="1394,2167 1439,2167 1483,2167 1528,2167 1573,2164 1618,2164 1662,2167 1707,2167 1752,2164 1797,2164 1842,2164 1886,2164 1931,2167 1976,2167 1994,2167"/>
                <Word id="r_59_tl_3_w1" custom="readingOrder {index:0;}">
                    <Coords points="1396,2127 1396,2187 1555,2187 1555,2127"/>
                    <TextEquiv>
                        <Unicode>Doppelt</Unicode>
                    </TextEquiv>
                </Word>
                <Word id="r_59_tl_3_w2" custom="readingOrder {index:1;}">
                    <Coords points="1582,2125 1582,2185 1704,2185 1704,2125"/>
                    <TextEquiv>
                        <Unicode>würdig</Unicode>
                    </TextEquiv>
                </Word>
                <Word id="r_59_tl_3_w3" custom="readingOrder {index:2;}">
                    <Coords points="1750,2124 1750,2184 1839,2184 1839,2124"/>
                    <TextEquiv>
                        <Unicode>süßer</Unicode>
                    </TextEquiv>
                </Word>
                <Word id="r_59_tl_3_w4" custom="readingOrder {index:3;}">
                    <Coords points="1872,2126 1872,2186 1968,2186 1968,2126"/>
                    <TextEquiv>
                        <Unicode>Töne</Unicode>
                    </TextEquiv>
                </Word>
                <TextEquiv>
                    <Unicode>Doppelt würdig süßer Töne</Unicode>
                </TextEquiv>
            </TextLine>
            <TextLine id="r_59_tl_4" custom="readingOrder {index:3;}">
                <Coords points="1396,2263 2027,2255 2027,2198 2008,2193 1744,2211 1396,2185"/>
                <Baseline points="1403,2233 1447,2236 1492,2239 1537,2239 1582,2239 1627,2239 1671,2239 1716,2239 1761,2239 1806,2239 1851,2242 1895,2242 1940,2242 1985,2242 2030,2245"/>
                <Word id="r_59_tl_4_w1" custom="readingOrder {index:0;}">
                    <Coords points="1398,2196 1398,2256 1515,2256 1515,2196"/>
                    <TextEquiv>
                        <Unicode>Blüht</Unicode>
                    </TextEquiv>
                </Word>
                <Word id="r_59_tl_4_w2" custom="readingOrder {index:1;}">
                    <Coords points="1547,2199 1547,2259 1583,2259 1583,2199"/>
                    <TextEquiv>
                        <Unicode>sie</Unicode>
                    </TextEquiv>
                </Word>
                <Word id="r_59_tl_4_w3" custom="readingOrder {index:2;}">
                    <Coords points="1614,2199 1614,2259 1682,2259 1682,2199"/>
                    <TextEquiv>
                        <Unicode>hier</Unicode>
                    </TextEquiv>
                </Word>
                <Word id="r_59_tl_4_w4" custom="readingOrder {index:3;}">
                    <Coords points="1714,2199 1714,2259 1744,2259 1744,2199"/>
                    <TextEquiv>
                        <Unicode>zu</Unicode>
                    </TextEquiv>
                </Word>
                <Word id="r_59_tl_4_w5" custom="readingOrder {index:4;}">
                    <Coords points="1776,2201 1776,2261 1899,2261 1899,2201"/>
                    <TextEquiv>
                        <Unicode>meiner</Unicode>
                    </TextEquiv>
                </Word>
                <Word id="r_59_tl_4_w6" custom="readingOrder {index:5;}">
                    <Coords points="1937,2202 1937,2262 2023,2262 2023,2202"/>
                    <TextEquiv>
                        <Unicode>Lust,</Unicode>
                    </TextEquiv>
                </Word>
                <TextEquiv>
                    <Unicode>Blüht sie hier zu meiner Lust,</Unicode>
                </TextEquiv>
            </TextLine>
            <TextLine id="r_59_tl_5" custom="readingOrder {index:4;}">
                <Coords points="1383,2356 1447,2331 1855,2334 1892,2356 2012,2325 2051,2340 2049,2249 2027,2244 1939,2280 1756,2285 1695,2262 1596,2292 1382,2261"/>
                <Baseline points="1391,2313 1436,2313 1480,2316 1525,2313 1570,2313 1615,2313 1659,2313 1704,2316 1749,2316 1794,2316 1839,2316 1883,2316 1928,2319 1973,2319 2018,2319 2054,2325"/>
                <Word id="r_59_tl_5_w1" custom="readingOrder {index:0;}">
                    <Coords points="1391,2273 1391,2333 1498,2333 1498,2273"/>
                    <TextEquiv>
                        <Unicode>Denn</Unicode>
                    </TextEquiv>
                </Word>
                <Word id="r_59_tl_5_w2" custom="readingOrder {index:1;}">
                    <Coords points="1532,2273 1532,2333 1571,2333 1571,2273"/>
                    <TextEquiv>
                        <Unicode>du</Unicode>
                    </TextEquiv>
                </Word>
                <Word id="r_59_tl_5_w3" custom="readingOrder {index:2;}">
                    <Coords points="1606,2273 1606,2333 1698,2333 1698,2273"/>
                    <TextEquiv>
                        <Unicode>wirst</Unicode>
                    </TextEquiv>
                </Word>
                <Word id="r_59_tl_5_w4" custom="readingOrder {index:3;}">
                    <Coords points="1726,2276 1726,2336 1872,2336 1872,2276"/>
                    <TextEquiv>
                        <Unicode>erlauben</Unicode>
                    </TextEquiv>
                </Word>
                <Word id="r_59_tl_5_w5" custom="readingOrder {index:4;}">
                    <Coords points="1906,2279 1906,2339 2052,2339 2052,2279"/>
                    <TextEquiv>
                        <Unicode>müssen,</Unicode>
                    </TextEquiv>
                </Word>
                <TextEquiv>
                    <Unicode>Denn du wirst erlauben müssen,</Unicode>
                </TextEquiv>
            </TextLine>
            <TextLine id="r_59_tl_6" custom="readingOrder {index:5;}">
                <Coords points="1390,2407 1478,2391 1649,2413 1734,2391 1948,2403 2013,2431 2042,2428 2042,2355 1841,2336 1662,2355 1617,2334 1388,2352"/>
                <Baseline points="1397,2388 1442,2388 1486,2388 1531,2391 1576,2388 1621,2391 1665,2391 1710,2391 1755,2391 1800,2394 1845,2394 1889,2394 1934,2397 1979,2397 2024,2397 2045,2394"/>
                <Word id="r_59_tl_6_w1" custom="readingOrder {index:0;}">
                    <Coords points="1396,2348 1396,2408 1471,2408 1471,2348"/>
                    <TextEquiv>
                        <Unicode>Sie</Unicode>
                    </TextEquiv>
                </Word>
                <Word id="r_59_tl_6_w2" custom="readingOrder {index:1;}">
                    <Coords points="1497,2349 1497,2409 1528,2409 1528,2349"/>
                    <TextEquiv>
                        <Unicode>zu</Unicode>
                    </TextEquiv>
                </Word>
                <Word id="r_59_tl_6_w3" custom="readingOrder {index:2;}">
                    <Coords points="1566,2351 1566,2411 1711,2411 1711,2351"/>
                    <TextEquiv>
                        <Unicode>riechen,</Unicode>
                    </TextEquiv>
                </Word>
                <Word id="r_59_tl_6_w4" custom="readingOrder {index:3;}">
                    <Coords points="1743,2352 1743,2412 1805,2412 1805,2352"/>
                    <TextEquiv>
                        <Unicode>dich</Unicode>
                    </TextEquiv>
                </Word>
                <Word id="r_59_tl_6_w5" custom="readingOrder {index:4;}">
                    <Coords points="1837,2354 1837,2414 1868,2414 1868,2354"/>
                    <TextEquiv>
                        <Unicode>zu</Unicode>
                    </TextEquiv>
                </Word>
                <Word id="r_59_tl_6_w6" custom="readingOrder {index:5;}">
                    <Coords points="1907,2357 1907,2417 2032,2417 2032,2357"/>
                    <TextEquiv>
                        <Unicode>küssen!</Unicode>
                    </TextEquiv>
                </Word>
                <TextEquiv>
                    <Unicode>Sie zu riechen, dich zu küssen!</Unicode>
                </TextEquiv>
            </TextLine>
            <TextLine id="r_59_tl_7" custom="readingOrder {index:6;}">
                <Coords points="1450,2503 2137,2524 2136,2455 1447,2442"/>
                <Baseline points="1456,2495 1501,2495 1546,2498 1591,2495 1636,2498 1680,2501 1725,2504 1770,2504 1815,2507 1859,2507 1904,2510 1949,2510 1994,2507 2039,2510 2083,2510 2128,2507 2140,2510"/>
                <Word id="r_59_tl_7_w1" custom="readingOrder {index:0;}">
                    <Coords points="1457,2455 1457,2515 1552,2515 1552,2455"/>
                    <TextEquiv>
                        <Unicode>Doch</Unicode>
                    </TextEquiv>
                </Word>
                <Word id="r_59_tl_7_w2" custom="readingOrder {index:1;}">
                    <Coords points="1586,2459 1586,2519 1735,2519 1735,2459"/>
                    <TextEquiv>
                        <Unicode>erschrick</Unicode>
                    </TextEquiv>
                </Word>
                <Word id="r_59_tl_7_w3" custom="readingOrder {index:2;}">
                    <Coords points="1764,2465 1764,2525 1824,2525 1824,2465"/>
                    <TextEquiv>
                        <Unicode>nur</Unicode>
                    </TextEquiv>
                </Word>
                <Word id="r_59_tl_7_w4" custom="readingOrder {index:3;}">
                    <Coords points="1853,2469 1853,2529 1940,2529 1940,2469"/>
                    <TextEquiv>
                        <Unicode>nicht</Unicode>
                    </TextEquiv>
                </Word>
                <Word id="r_59_tl_7_w5" custom="readingOrder {index:4;}">
                    <Coords points="1969,2470 1969,2530 2138,2530 2138,2470"/>
                    <TextEquiv>
                        <Unicode>hierüber,</Unicode>
                    </TextEquiv>
                </Word>
                <TextEquiv>
                    <Unicode>Doch erschrick nur nicht hierüber,</Unicode>
                </TextEquiv>
            </TextLine>
            <TextLine id="r_59_tl_8" custom="readingOrder {index:7;}">
                <Coords points="1383,2600 1514,2578 2003,2610 2001,2538 1798,2554 1382,2520"/>
                <Baseline points="1391,2576 1436,2573 1480,2573 1525,2573 1570,2573 1615,2576 1659,2576 1704,2576 1749,2579 1794,2579 1839,2582 1883,2582 1928,2582 1973,2582 2003,2582"/>
                <Word id="r_59_tl_8_w1" custom="readingOrder {index:0;}">
                    <Coords points="1390,2534 1390,2594 1451,2594 1451,2534"/>
                    <TextEquiv>
                        <Unicode>Ich</Unicode>
                    </TextEquiv>
                </Word>
                <Word id="r_59_tl_8_w2" custom="readingOrder {index:1;}">
                    <Coords points="1490,2533 1490,2593 1538,2593 1538,2533"/>
                    <TextEquiv>
                        <Unicode>bin</Unicode>
                    </TextEquiv>
                </Word>
                <Word id="r_59_tl_8_w3" custom="readingOrder {index:2;}">
                    <Coords points="1577,2536 1577,2596 1657,2596 1657,2536"/>
                    <TextEquiv>
                        <Unicode>ohne</Unicode>
                    </TextEquiv>
                </Word>
                <Word id="r_59_tl_8_w4" custom="readingOrder {index:3;}">
                    <Coords points="1689,2537 1689,2597 1763,2597 1763,2537"/>
                    <TextEquiv>
                        <Unicode>Kuß</Unicode>
                    </TextEquiv>
                </Word>
                <Word id="r_59_tl_8_w5" custom="readingOrder {index:4;}">
                    <Coords points="1800,2542 1800,2602 1986,2602 1986,2542"/>
                    <TextEquiv>
                        <Unicode>vergnügt!</Unicode>
                    </TextEquiv>
                </Word>
                <TextEquiv>
                    <Unicode>Ich bin ohne Kuß vergnügt!</Unicode>
                </TextEquiv>
            </TextLine>
            <TextLine id="r_59_tl_9" custom="readingOrder {index:8;}">
                <Coords points="1378,2657 1420,2683 1529,2648 1735,2679 1896,2662 1986,2690 1984,2610 1965,2605 1782,2615 1721,2594 1597,2615 1515,2592 1378,2611"/>
                <Baseline points="1385,2645 1430,2645 1474,2648 1519,2648 1564,2648 1609,2651 1653,2654 1698,2651 1743,2654 1788,2654 1833,2657 1877,2657 1922,2657 1967,2657 1988,2657"/>
                <Word id="r_59_tl_9_w1" custom="readingOrder {index:0;}">
                    <Coords points="1387,2605 1387,2665 1498,2665 1498,2605"/>
                    <TextEquiv>
                        <Unicode>Deine</Unicode>
                    </TextEquiv>
                </Word>
                <Word id="r_59_tl_9_w2" custom="readingOrder {index:1;}">
                    <Coords points="1531,2610 1531,2670 1668,2670 1668,2610"/>
                    <TextEquiv>
                        <Unicode>Tugend</Unicode>
                    </TextEquiv>
                </Word>
                <Word id="r_59_tl_9_w3" custom="readingOrder {index:2;}">
                    <Coords points="1701,2612 1701,2672 1740,2672 1740,2612"/>
                    <TextEquiv>
                        <Unicode>ist</Unicode>
                    </TextEquiv>
                </Word>
                <Word id="r_59_tl_9_w4" custom="readingOrder {index:3;}">
                    <Coords points="1767,2614 1767,2674 1825,2674 1825,2614"/>
                    <TextEquiv>
                        <Unicode>mir</Unicode>
                    </TextEquiv>
                </Word>
                <Word id="r_59_tl_9_w5" custom="readingOrder {index:4;}">
                    <Coords points="1858,2617 1858,2677 1975,2677 1975,2617"/>
                    <TextEquiv>
                        <Unicode>lieber,</Unicode>
                    </TextEquiv>
                </Word>
                <TextEquiv>
                    <Unicode>Deine Tugend ist mir lieber,</Unicode>
                </TextEquiv>
            </TextLine>
            <TextLine id="r_59_tl_10" custom="readingOrder {index:9;}">
                <Coords points="1381,2725 1635,2757 1679,2735 2079,2739 2078,2687 1889,2695 1811,2667 1773,2696 1381,2688"/>
                <Baseline points="1388,2719 1433,2719 1477,2722 1522,2722 1567,2722 1612,2725 1656,2728 1701,2728 1746,2728 1791,2728 1836,2731 1880,2731 1925,2728 1970,2731 2015,2731 2060,2731 2083,2731"/>
                <Word id="r_59_tl_10_w1" custom="readingOrder {index:0;}">
                    <Coords points="1388,2679 1388,2739 1458,2739 1458,2679"/>
                    <TextEquiv>
                        <Unicode>Die</Unicode>
                    </TextEquiv>
                </Word>
                <Word id="r_59_tl_10_w2" custom="readingOrder {index:1;}">
                    <Coords points="1489,2682 1489,2742 1542,2742 1542,2682"/>
                    <TextEquiv>
                        <Unicode>der</Unicode>
                    </TextEquiv>
                </Word>
                <Word id="r_59_tl_10_w3" custom="readingOrder {index:2;}">
                    <Coords points="1572,2684 1572,2744 1642,2744 1642,2684"/>
                    <TextEquiv>
                        <Unicode>noch</Unicode>
                    </TextEquiv>
                </Word>
                <Word id="r_59_tl_10_w4" custom="readingOrder {index:3;}">
                    <Coords points="1679,2688 1679,2748 1737,2748 1737,2688"/>
                    <TextEquiv>
                        <Unicode>kein</Unicode>
                    </TextEquiv>
                </Word>
                <Word id="r_59_tl_10_w5" custom="readingOrder {index:4;}">
                    <Coords points="1779,2691 1779,2751 1909,2751 1909,2691"/>
                    <TextEquiv>
                        <Unicode>Scherz</Unicode>
                    </TextEquiv>
                </Word>
                <Word id="r_59_tl_10_w6" custom="readingOrder {index:5;}">
                    <Coords points="1934,2691 1934,2751 2075,2751 2075,2691"/>
                    <TextEquiv>
                        <Unicode>besiegt;</Unicode>
                    </TextEquiv>
                </Word>
                <TextEquiv>
                    <Unicode>Die der noch kein Scherz besiegt;</Unicode>
                </TextEquiv>
            </TextLine>
            <TextLine id="r_59_tl_11" custom="readingOrder {index:10;}">
                <Coords points="1381,2833 1439,2803 1501,2828 1576,2804 1651,2827 1767,2813 1825,2842 1896,2820 2074,2836 2066,2755 1973,2768 1875,2743 1793,2769 1760,2746 1520,2759 1430,2737 1381,2760"/>
                <Baseline points="1388,2797 1433,2797 1477,2800 1522,2800 1567,2800 1612,2803 1656,2803 1701,2803 1746,2803 1791,2803 1836,2803 1880,2803 1925,2803 1970,2803 2015,2803 2060,2806 2077,2803"/>
                <Word id="r_59_tl_11_w1" custom="readingOrder {index:0;}">
                    <Coords points="1385,2757 1385,2817 1490,2817 1490,2757"/>
                    <TextEquiv>
                        <Unicode>Denn</Unicode>
                    </TextEquiv>
                </Word>
                <Word id="r_59_tl_11_w2" custom="readingOrder {index:1;}">
                    <Coords points="1526,2760 1526,2820 1560,2820 1560,2760"/>
                    <TextEquiv>
                        <Unicode>du</Unicode>
                    </TextEquiv>
                </Word>
                <Word id="r_59_tl_11_w3" custom="readingOrder {index:2;}">
                    <Coords points="1596,2763 1596,2823 1694,2823 1694,2763"/>
                    <TextEquiv>
                        <Unicode>willst</Unicode>
                    </TextEquiv>
                </Word>
                <Word id="r_59_tl_11_w4" custom="readingOrder {index:3;}">
                    <Coords points="1723,2763 1723,2823 1772,2823 1772,2763"/>
                    <TextEquiv>
                        <Unicode>der</Unicode>
                    </TextEquiv>
                </Word>
                <Word id="r_59_tl_11_w5" custom="readingOrder {index:4;}">
                    <Coords points="1801,2763 1801,2823 1892,2823 1892,2763"/>
                    <TextEquiv>
                        <Unicode>Rose</Unicode>
                    </TextEquiv>
                </Word>
                <Word id="r_59_tl_11_w6" custom="readingOrder {index:5;}">
                    <Coords points="1921,2763 1921,2823 2075,2823 2075,2763"/>
                    <TextEquiv>
                        <Unicode>gleichen,</Unicode>
                    </TextEquiv>
                </Word>
                <TextEquiv>
                    <Unicode>Denn du willst der Rose gleichen,</Unicode>
                </TextEquiv>
            </TextLine>
            <TextLine id="r_59_tl_12" custom="readingOrder {index:11;}">
                <Coords points="1372,2892 1451,2914 1622,2887 1970,2896 1970,2836 1922,2847 1889,2825 1678,2853 1562,2825 1512,2845 1372,2840"/>
                <Baseline points="1379,2878 1424,2878 1468,2878 1513,2878 1558,2878 1603,2881 1648,2884 1692,2881 1737,2884 1782,2881 1827,2881 1871,2881 1916,2881 1961,2878 1973,2881"/>
                <Word id="r_59_tl_12_w1" custom="readingOrder {index:0;}">
                    <Coords points="1380,2838 1380,2898 1435,2898 1435,2838"/>
                    <TextEquiv>
                        <Unicode>Im</Unicode>
                    </TextEquiv>
                </Word>
                <Word id="r_59_tl_12_w2" custom="readingOrder {index:1;}">
                    <Coords points="1485,2838 1485,2898 1657,2898 1657,2838"/>
                    <TextEquiv>
                        <Unicode>erröthen,</Unicode>
                    </TextEquiv>
                </Word>
                <Word id="r_59_tl_12_w3" custom="readingOrder {index:2;}">
                    <Coords points="1689,2841 1689,2901 1719,2901 1719,2841"/>
                    <TextEquiv>
                        <Unicode>im</Unicode>
                    </TextEquiv>
                </Word>
                <Word id="r_59_tl_12_w4" custom="readingOrder {index:3;}">
                    <Coords points="1769,2841 1769,2901 1959,2901 1959,2841"/>
                    <TextEquiv>
                        <Unicode>erbleichen.</Unicode>
                    </TextEquiv>
                </Word>
                <TextEquiv>
                    <Unicode>Im erröthen, im erbleichen.</Unicode>
                </TextEquiv>
            </TextLine>
            <TextEquiv>
                <Unicode></Unicode>
            </TextEquiv>
        </TextRegion>
    </Page>
</PcGts>
