2479 3508
1240 1592 1803 1698 den 15. April, 1765.
651 1595 1217 1690 30tes Stück. Montag
247 1690 1158 1793 Görgens glückliche Dummheit.
481 1783 918 1847 Eine Erzehlung.
270 1878 954 1937 Für Görgen ist mir gar nicht bange
270 1922 1124 2012 Der kommt gewiß durch seine Dummheit fort
1016 1981 1176 2068 Gellert.
185 2068 1207 2153 (Finige Leser der Gellertschen Erzehlung: Der
203 2125 1209 2184 Ssterbende Vater, genannt, woraus das hier
183 2184 1212 2238 angeführte Motto entlehnt ist, werden vielleicht neu¬
193 2230 1209 2279 gierig gnung seyn, um zu erfahren, ob Görge die
183 2279 2241 2328 Weissagung seines Vaters wirklich erfüllt habe, nach- man auf Unkosten der Todten, die Traurigkeit der
188 2331 1214 2382 dem Christoph der kluge Sohn, zum dürftigen Un¬
183 2372 2251 2434 terhalt seiner hungernden Weisheit das Kästgen mit ein reicher Herr, nebst seiner Gemalin. Diesem
201 2413 2238 2480 Juwelen für sich allein behielte? Ich wil daher Herren fiel Görge ins Auge. Er merkte seine ehr¬
188 2467 2243 2526 das, was ich von Görgens weiterer Geschichte erfah= liche Dummheit, und weil er eben einen Bedienten
193 2529 1209 2591 ren habe, ohne Umschweife erzehlen; und dadurch
193 2560 2248 2624 zugleich allen künftigen Narren einen mächtigen der arme Bube hat nichts von seinem Vater geerbt.
193 2619 2248 2711 Trost mittheilen, der ihnen nicht anders, als erbau= Sehen Sie nur, wie unschuldig er aussieht. Ich
183 2665 514 2745 lich seyn kann.
239 2683 1212 2789 Zwar hat Görge aus löblicher und wohl überlegter
180 2773 1209 2835 Demuth niemals selbst etwas von seinem Lebenslauf
193 2827 1214 2876 aufgezeichnet. Er begnügte sich damit, daß er glück¬
188 2868 1214 2964 lich war; und starb, unbekümmert, um das misliche
1230 1657 2243 1749 Geschenk des Nachruhms, mit der Zufriedenheit,
1222 1736 2251 1798 daß er von seinem Vater kein ander Erbtheil, als
1222 1785 2248 1852 die Dummheit bekommen hatte. Und eben dies,
1230 1832 2248 1896 daß ich seinen Lebenslauf zu seinem Ruhm erzehle,
1225 1875 2246 1940 kann ein neuer Beweis seyn, wie glücklich ein
1225 1927 2246 1999 Dummkopf auch in solchen Dingen ist, die er nicht
1230 1976 2243 2040 einmal gewünscht hat; indem man zehn kluge Leute
1232 2027 2246 2086 gar nicht nennt, wenn ein jeder mit dem Finger auf
1227 2071 2246 2166 ihn zeigt, und sagt: das ist Er! das ist der glückli=
1227 2130 1446 2210 che Görge!
1279 2156 2241 2238 Görgens Glück sing gleich bey der Beerdigung
1235 2225 2241 2295 seines Vaters an. Auf dem Leichenschmause we
1230 2326 2243 2400 Welt in einem Glase Wein ersäufet, befand sich auch
1227 2521 2241 2578 brauchte: so sagte er zu seiner Frau: Mein Schatz!
1227 2665 2248 2724 denke, er mag ein gutes Herz haben. Wir wollen
1235 2706 2248 2783 ihn zu uns nehmen, und für seine künftige Wohlfarth
1525 2768 2217 2832 Görge nahm dies Anerbieten an -
1240 2776 1433 2835 sorgen. -
1243 2809 2256 2886 hielte das Maul offen — scharrte ein paarmal mit
1243 2866 2256 2951 dem Fuß — und ging zu seinem Wohlthäter. Er
2133 2920 2251 3002 ward
