2479 3508
233 305 1286 375 retisch, und Leser, die wahren evangelischen Trost
246 367 1268 437 suchen, dürsten diese Predigten eben nicht sehr rüh¬
241 424 357 499 men.
295 492 1276 574 Wir wollen noch einige Titel von Predigten an¬
248 551 1276 624 führen woraus man die Wahrheit unsers ganzen
251 618 1283 670 Urtheils einsehen wird. Die erste: Ueber das
251 660 1270 724 Freye, und Offenbare, in der Bekannt¬
241 706 1273 766 machung des Evangelii; In der zwoten:
248 766 1273 815 über Matth. 11, 4. 5. In der vierten: Ueber
243 815 1283 875 die Verfluchung der Juden, und in der
256 859 1270 924 siebenten: Von denen Gesprächen JEsu
246 906 1273 970 nach seiner Auferstehung wird man sehen
248 957 1276 1017 wie der V. zuweilen unbemerkte Wahrheiten,
246 1012 1281 1061 und exegetische Muthmaßungen geschickt entdecken
246 1058 1268 1118 kann; obgleich der, in der letztern S. 122. vorge
248 1105 1270 1162 brachte Beweis, warum Christus noch 40 Tage auf
248 1151 1273 1214 Erden erschienen sey, ein wenig spielend aussieht.
246 1206 1273 1263 Die 12te und funfzehnte Predigt beweisen den Hang
246 1252 1273 1312 des V. zum Pelagianismus. Die 9te und 11te
246 1296 1278 1358 von den Dunkelheiten der Offenbarung werden denen
248 1353 1283 1413 sehr angenehm seyn, die über diese Materie aus ei¬
246 1402 1278 1467 nem neuerlich recensirten Buch des Herrn Töll¬
235 1454 975 1511 ners nicht völlig beruhiget sind.
994 1446 1270 1524 Kostet in der
238 1503 1276 1573 Kanterschen Buchhandlung allhier wie auch in
246 1547 763 1635 Elbing und Mitau 2 fl.
652 1682 864 1780 Leipzig.
290 1723 1273 1814 "Anekdoten zur Lebensgeschichte berühmter Fran¬
251 1783 1270 1873 "zösischer, Deutscher, Italienscher, Holländischer,
264 1863 1270 1941 "und anderer Gelehrten. Siebenter Theil, 15 B.
246 1915 507 2000 in 8, 1764.
285 1977 1270 2054 Man muß erstaunen, wenn man von diesen Anek¬
238 2039 1270 2106 doten schon den 7ten Theil erblickt, ohne daß in allen
235 2098 1273 2150 vorhergehenden 6 Theilen andere, als franz. Gelehr¬
238 2142 1273 2205 te beschrieben worden sind. Der Titel ist also gar
235 2202 1273 2256 zu grossprecherisch und dennoch wär es vor deutsche
246 2241 1273 2293 Leser ungemein angenehm, wenn sie von ihren
241 2285 1273 2342 Landsleuten mehr Anekdoten zu lesen bekämen. Im
241 2339 1273 2406 gegenwärtigen Theil finden wir zwar einige, jedoch
235 2388 1273 2453 nicht sehr merkwürdige Proben. Alles, was daselbst
241 2440 1268 2510 von Leibnitz, Holberg, von der Hardt
248 2481 1270 2546 und Gundling erzählet wird, ist theils gar zu
241 2510 2321 2595 bekannt, theils noch sehr ungewiß. So wird z. E. Kosten in den Kanterschen Buchhandlungen 1 fl.
238 2582 1276 2675 eine Stelle aus einem Briefe des Leibnitz an den
1307 298 2318 401 sel. Pfaff angeführet, worin er von der Theodice
1317 375 2329 448 schreibet: Miror, neminem hactenus fuisse, qui
1299 422 2324 489 lusum hunc meum senserit: neque enim Philoso¬
1302 468 2324 543 phorum est, rem serio semper agere, qui in fin¬
1312 528 2324 580 gendis hypothesibus ingenii suis vires experiuntur.
1312 580 2324 642 Wir zweifeln ob diese Stelle authentisch sey, und
1312 618 2326 681 führen sie deshalb an, um einem unsrer Herrn Ma¬
1302 681 2331 748 gister nach Leibnitz=Wolffscher Lehrart, Gelegenheit
1302 727 2324 789 zu geben, eine neue Dissertation, oder falls die
1307 771 2326 838 Götter wollen! einen Commentarium darüber zu
1312 815 2334 888 schreiben, damit ihr sel. Glaubensvater vertheidiget
1296 867 2324 939 werde. Man könte wohl von vielen verstorbenen,
1304 921 2331 983 und noch lebenden Gelehrten gnug Anekdoten über
1312 963 2334 1030 ihre Thorheiten, kleine Spiele des Schicksals, häus¬
1312 1012 2331 1082 liche Vorfälle, sinnreiche Einfällen, und sonderbare
1314 1061 2324 1126 Begebenheiten, liefern, die nicht in ihren Büchern
1320 1110 2331 1180 stehen, sondern in näherer Bekanntschaft ihrer Zeit¬
1304 1167 2331 1234 genossen gegründet sind. Aber dazu wird erfodert,
1312 1214 2331 1281 daß der Anekdotenschreiber viel Offenherzigkeit be¬
1320 1258 2331 1330 sitze, und sich gute Spione halte, um unsern gelehr¬
1312 1312 2331 1374 ten Herrn aufzulauren. Alsdenn würde man man¬
1307 1369 2331 1428 chen großen Mann der durch zwölf Volumina be¬
1304 1410 2331 1477 rühmt worden ist, in ein kleines Kartenmänngen
1304 1472 2329 1532 verwandelt sehen. Wir wissen viele solcher Anekdo¬
1314 1514 2331 1573 ten: weil wir uns aber ein wenig für der Märtirer¬
1302 1565 2329 1628 krone der Wahrheit fürchten, so wollen wir so klug
1302 1612 2324 1682 seyn, wie unser Verfasser, und das beste verschwei¬
1304 1666 2329 1721 gen. Zuletzt führen wir hier noch die Grabschrift
1299 1718 2324 1772 auf Gundling an damit wir doch sagen können, daß
1307 1757 2334 1842 wir eine Anekdote aus den Anekdoten
1299 1791 1602 1873 erzehlt haben:
1428 1889 1866 1977 Hier lieget ohne Haut,
1428 1956 2254 2067 Halb Mensch, halb Schwein, halb Wunderding.
1421 2026 1860 2132 In seiner Jugend klug,
1421 2104 1832 2192 In seinem Alter toll
1421 2179 1902 2277 Des Morgens wenig Witz
1415 2256 1871 2347 Des Abends allzeit voll
1418 2316 1935 2424 Beweint, ruft Bachus lant,
1410 2401 2034 2510 Dies theure Kind, ist Gundeling.
