2479 3508
262 310 408 370 "hard.
460 315 477 375 2
511 315 647 375 Theile,
665 315 726 375 mit
744 315 913 375 Kupfern.
966 317 1112 377 Berlin,
1136 315 1186 375 bey
1215 314 1293 374 Rü¬

265 360 395 420 "diger,
418 366 531 426 1764,
566 366 582 426 1
611 366 759 426 Alphab.
788 367 799 427 3
828 366 941 426 Bogen
982 367 1043 427 und
1072 366 1112 426 10
1146 363 1288 423 Kupfer=

268 410 417 470 "tafeln,
439 412 466 472 in
495 413 549 473 gr.
567 413 649 473 8vo.
727 416 804 476 Hr.
826 415 875 475 D.
898 415 1102 475 Gerhard
1136 413 1196 473 hat
1224 413 1268 473 die

265 461 292 521 se
320 461 563 521 Ellerschen
603 465 896 525 Abhandlungen,
918 465 1034 525 welche
1057 464 1172 524 vordem
1217 464 1278 524 nur

266 509 384 569 einzeln
416 511 565 571 gedruckt
592 515 752 575 worden,
784 516 949 576 nunmehr
981 515 1197 575 zusammen,
1224 515 1280 575 und

266 555 293 615 in
327 560 481 620 deutscher
504 562 659 622 Sprache
681 564 980 624 herausgegeben,
1003 566 1113 626 damit
1130 563 1179 623 die
1202 563 1268 623 Lieb

267 610 369 670 haber
392 610 545 670 derselben
574 613 659 673 nicht
676 616 789 676 nöthig
813 616 949 676 hätten,
978 615 1011 675 um
1057 613 1278 673 ihrentwillen

272 658 320 718 sich
342 660 384 720 die
401 661 477 721 weit
493 664 682 724 kostbareren
710 664 823 724 Werke
845 664 894 724 der
916 664 1089 724 Akademie
1105 662 1289 722 anzuschaf=

268 707 339 767 fen,
371 710 427 770 und
454 715 489 775 um
531 715 608 775 diese
629 712 918 772 Ausarbeitungen
950 712 1052 772 seines
1079 714 1274 774 ehemaligen

270 760 404 820 Lehrers
426 763 506 823 desto
534 766 803 826 gemeinnüͤtziger
830 763 857 823 zu
890 763 1035 823 machen.
1095 760 1175 820 Der
1208 760 1283 820 erste

270 807 374 867 Theil
392 810 524 870 enthält
541 813 689 873 folgende
712 810 861 870 Stücke:
917 812 961 872 1)
989 810 1060 870 Von
1089 810 1143 870 der
1166 807 1287 867 Schei¬

261 860 348 920 dung
380 861 436 921 des
474 861 602 921 Goldes
634 858 691 918 vom
744 860 867 920 Silber
899 861 987 921 durch
1029 861 1075 921 die
1097 855 1293 915 Precipita¬

261 908 350 968 tion.
399 912 520 972 Hierin
547 909 626 969 wird
653 910 721 970 eine
743 911 881 971 trockene
903 912 1093 972 Scheidung
1120 909 1177 969 mit
1205 906 1278 966 allen

264 960 480 1020 Handgriffen
513 960 735 1020 beschrieben,
763 960 876 1020 welche
898 960 946 1020 den
980 960 1066 1020 Alten
1099 957 1288 1017 unbekannt

266 1010 432 1070 gewesen,
462 1012 522 1072 und
548 1010 608 1070 nur
634 1010 664 1070 am
710 1009 801 1069 Ende
821 1009 876 1069 des
902 1007 1033 1067 vorigen
1064 1007 1194 1067 Säculi
1220 1004 1275 1064 von

267 1061 353 1121 einem
413 1061 755 1121 Quedlinburgischen
799 1055 1086 1115 Goldschmiede,
1120 1055 1282 1115 Namens

269 1109 592 1169 Pfannenschmidt,
614 1106 805 1166 erfunden,
837 1106 906 1166 auch
944 1103 1018 1163 nach
1050 1106 1103 1166 der
1136 1105 1209 1165 Zeit
1236 1102 1283 1162 als

269 1155 315 1215 ein
341 1156 536 1216 Geheimniß
562 1156 618 1216 nur
640 1154 696 1214 von
722 1154 861 1214 wenigen
887 1151 1056 1211 Küͤnstlern
1083 1152 1108 1212 in
1134 1150 1288 1210 Deutsch¬

265 1204 356 1264 land,
376 1204 437 1264 mit
457 1204 557 1264 vielem
596 1201 754 1261 Vortheil
769 1201 942 1261 verrichtet
962 1198 1110 1258 worden.
1163 1201 1206 1261 2)
1226 1197 1292 1257 Un¬

266 1252 447 1312 tersuchung
478 1252 534 1312 von
565 1252 610 1312 der
636 1249 884 1309 Fruchtbarkeit
910 1249 955 1309 der
976 1249 1062 1309 Erde
1083 1247 1290 1307 überhaupt.

270 1297 347 1357 Der
375 1300 441 1360 Hr.
464 1298 634 1358 Verfasser
663 1299 745 1359 zeigt
773 1297 906 1357 hierin,
934 1298 989 1358 daß
1028 1300 1072 1360 die
1094 1297 1282 1357 Oberfläche

270 1351 323 1411 der
345 1349 432 1409 Erde
454 1351 670 1411 allenthalben
698 1350 768 1410 eine
790 1351 1023 1411 Vermischung
1051 1351 1110 1411 von
1137 1348 1289 1408 verschie¬

267 1403 364 1463 denen
397 1403 586 1463 Gattungen
613 1402 667 1462 der
689 1399 776 1459 Erde
798 1404 868 1464 sey,
896 1404 954 1464 und
982 1403 1036 1463 daß
1063 1404 1111 1464 die
1134 1403 1263 1463 mannig

271 1455 381 1515 faltige
404 1455 648 1515 Abwechselung
687 1455 782 1515 dieser
810 1455 1043 1515 Vermischung
1077 1455 1131 1515 den
1160 1452 1281 1512 Grund

269 1506 295 1566 in
322 1506 369 1566 sich
401 1506 570 1566 enthalte,
591 1506 702 1566 warum
744 1506 828 1566 nicht
850 1506 907 1566 alle
929 1506 1087 1566 Pflanzen
1125 1504 1150 1564 in
1183 1501 1261 1561 jedem

260 1556 366 1616 Lande
388 1554 547 1614 wachsen.
601 1554 643 1614 3)
670 1556 771 1616 Neue
798 1555 1037 1615 Erfahrungen
1074 1551 1138 1611 und
1171 1548 1292 1608 Beob¬

265 1602 441 1662 achtungen
484 1602 565 1662 über
599 1599 651 1659 die
685 1599 879 1659 Vegetation
923 1599 980 1659 der
1014 1599 1204 1659 Saamen,
1233 1595 1280 1655 der

266 1648 426 1708 Pflanzen
457 1649 518 1709 und
545 1646 694 1706 Bäume.
747 1645 855 1705 Diese
871 1645 1093 1705 Abhandlung
1119 1643 1289 1703 beschreibt

261 1697 311 1757 die
332 1697 392 1757 Art
423 1697 489 1757 sehr
520 1697 652 1757 genau,
678 1694 738 1754 wie
769 1693 825 1753 der
851 1694 927 1754 erste
958 1691 1039 1751 Keim
1090 1691 1151 1751 aus
1182 1689 1268 1749 einem

269 1745 509 1805 Saamenkorn
541 1742 787 1802 hervorbricht,
813 1742 873 1802 und
909 1742 969 1802 aus
999 1739 1070 1799 was
1106 1739 1155 1799 für
1181 1739 1296 1799 Theil¬

259 1796 325 1856 chen
359 1794 398 1854 ein
432 1793 670 1853 Saamenkorn
710 1793 849 1853 bestehe.
905 1793 949 1853 4)
977 1788 1205 1848 Anatomische
1228 1781 1289 1841 Er¬

267 1846 405 1906 klärung
439 1843 493 1903 des
522 1845 716 1905 Ursprungs
750 1843 810 1903 und
843 1843 899 1903 der
921 1840 1076 1900 Bildung
1104 1839 1154 1899 der
1177 1837 1298 1897 Ueber¬

265 1897 372 1957 beine.
448 1894 573 1954 Dieser
596 1894 767 1954 Ursprung
802 1896 882 1956 wird
911 1894 967 1954 von
1008 1894 1059 1954 der
1088 1891 1281 1951 Verletzung

268 1948 319 2008 der
349 1948 498 2008 Scheide
534 1948 741 2008 hergeleitet,
765 1948 881 2008 welche
916 1945 961 2005 die
997 1948 1124 2008 Sehne
1148 1945 1291 2005 bedeckt,

268 2001 325 2061 und
355 1999 524 2059 nachmals
553 1999 611 2059 aus
641 2002 728 2062 ihrer
752 1999 903 2059 Oefnung
938 1999 1101 2059 diejenige
1119 1996 1293 2056 Feuchtig¬

268 2049 329 2109 keit
347 2050 579 2110 hervorläßet,
608 2051 720 2111 welche
744 2049 795 2109 zur
824 2049 1095 2109 Schlüpfrigkeit
1118 2046 1169 2106 der
1192 2046 1288 2106 Seh¬

747 2097 1019 2157 Philosophische
1054 2096 1280 2156 Betrachtung

258 2100 303 2160 ne
333 2100 517 2160 bestimmet
552 2100 603 2160 ist.
667 2106 713 2166 5)

265 2148 347 2208 über
379 2149 461 2209 einen
503 2148 679 2208 besondern
722 2148 820 2208 Fall,
847 2148 877 2208 da
914 2147 960 2207 ein
997 2145 1116 2205 Knabe
1148 2142 1204 2202 von
1241 2141 1282 2201 12

275 2196 436 2256 Jahren,
458 2196 512 2256 dem
566 2195 609 2255 ein
642 2194 996 2254 Windmühlenflügel
1024 2193 1077 2253 den
1110 2187 1287 2247 Hirnschä¬

267 2246 320 2306 del
341 2243 605 2303 eingeschlagen,
632 2242 716 2302 einen
749 2240 966 2300 ansehnlichen
998 2240 1098 2300 Theil
1125 2237 1177 2297 vom
1220 2234 1288 2294 Ge¬

270 2300 341 2360 hirn
373 2294 548 2354 verloren,
580 2291 641 2351 und
673 2291 771 2351 nichts
808 2291 1035 2351 destoweniger
1066 2287 1278 2347 vollkommen

270 2348 406 2408 geheilet
423 2342 575 2402 worden,
597 2342 685 2402 ohne
707 2341 750 2401 die
772 2339 935 2399 geringste
958 2339 1165 2399 Unordnung
1193 2336 1290 2396 seiner

265 2398 557 2458 Gemüthskräfte
596 2390 635 2450 zu
685 2390 878 2450 verspüren.
945 2392 990 2452 6)
1023 2387 1277 2447 Bemerkungen

267 2446 344 2506 über
372 2446 422 2506 den
450 2443 593 2503 Schall,
627 2440 677 2500 die
699 2437 855 2497 Stimme
883 2437 943 2497 und
977 2437 1032 2497 den
1060 2437 1187 2497 Gesang
1227 2435 1276 2495 bey

276 2497 496 2557 Gelegenheit
519 2494 604 2554 einer
627 2491 761 2551 völligen
794 2488 1009 2548 Vernichtung
1042 2488 1090 2548 der
1112 2484 1290 2544 Stimme,

271 2544 334 2604 und
361 2547 419 2607 auf
440 2548 503 2608 was
531 2545 583 2605 für
605 2545 667 2605 Art
689 2542 757 2602 man
790 2539 827 2599 sie
848 2537 964 2597 wieder
991 2536 1149 2596 herstellen
1187 2536 1287 2596 kann.

271 2593 392 2653 Dieser
415 2596 571 2656 Aufsatz,
595 2596 646 2656 den
676 2593 727 2653 der
751 2590 820 2650 Hr.
838 2590 930 2650 Geh.
954 2590 1040 2650 Rath
1070 2589 1179 2649 ehedem
1231 2584 1283 2644 der

272 2643 443 2703 Akademie
483 2643 532 2703 der
566 2643 826 2703 Wissenschaften
871 2638 1087 2698 vorgelesen,
1127 2635 1281 2695 erscheint

265 2695 336 2755 hier
366 2694 419 2754 zum
467 2695 644 2755 erstenmal
669 2697 834 2757 gedruckt.
888 2691 941 2751 Er
971 2691 1101 2751 erzählt
1138 2688 1184 2748 die
1209 2685 1279 2745 Cur

1324 314 1409 374 eines
1448 312 1659 372 Menschen,
1692 314 1745 374 der
1778 315 1869 375 durch
1913 312 1983 372 eine
2017 315 2254 375 Verlähmung
2287 318 2340 378 der

1317 365 1450 425 Nerven
1482 363 1507 423 in
1544 363 1601 423 der
1622 362 1817 422 Luftröhre,
1855 366 1926 426 nach
1968 365 2055 425 einer
2087 363 2200 423 starken
2232 366 2350 426 Erkäl¬

1313 413 1421 473 tung,
1447 413 1494 473 die
1515 412 1675 472 Stimme
1696 410 1841 470 verloren
1867 413 1976 473 hatte.
2028 411 2090 471 Ein
2127 413 2240 473 langer
2262 413 2344 473 Auf¬

1318 463 1446 523 enthalt
1467 461 1493 521 in
1529 459 1616 519 einem
1658 458 1802 518 Zimmer
1834 461 1962 521 brachte
1989 461 2039 521 ihn
2076 461 2194 521 endlich
2221 461 2339 521 wieder

1322 513 1464 573 zurecht,
1491 511 1622 571 welches
1654 507 1749 567 voller
1776 509 1912 569 Dampf
1939 512 2029 572 eines
2061 515 2245 575 stärkenden
2272 512 2345 572 De¬

1318 563 1392 623 cocts
1419 560 1515 620 war,
1542 560 1595 620 den
1633 557 1664 617 er
1692 557 1787 617 durch
1825 557 1883 617 das
1916 561 2134 621 Athemholen
2173 563 2337 623 beständig

1322 613 1354 673 an
1383 610 1432 670 sich
1455 612 1565 672 ziehen
1593 605 1720 665 mußte.
1765 605 1814 665 7)
1842 607 2085 667 Beschreibung
2119 613 2207 673 einer
2230 613 2346 673 einäu¬

1324 661 1409 721 gigen
1443 658 1649 718 Mißgeburt
1670 654 1869 714 männlichen
1896 658 2128 718 Geschlechts,
2157 664 2209 724 die
2230 664 2342 724 1755.

1323 709 1376 769 von
1407 706 1491 766 einer
1516 708 1666 768 geringen
1697 703 1781 763 Frau
1812 700 1835 760 in
1866 703 1980 763 Berlin
2017 708 2150 768 geboren
2187 714 2343 774 worden.

1319 758 1365 818 8)
1388 755 1654 815 Erfahrungen,
1684 754 1741 814 wie
1771 751 1828 811 das
1858 753 1944 813 Blut
1974 754 2031 814 und
2066 757 2182 817 andere
2211 763 2338 823 flüßige

1325 802 1448 862 Körper
1485 804 1567 864 viele
1598 802 1715 862 Jahre
1739 800 1815 860 lang
1846 800 1875 860 im
1923 805 2106 865 Luftleeren
2142 810 2236 870 Raum
2284 813 2336 873 für

1321 853 1462 913 Fäulniß
1500 851 1673 911 bewahret
1701 849 1825 909 werden
1858 852 2004 912 können.
2076 858 2118 918 9)
2157 856 2335 916 Auflösung

1325 903 1368 963 der
1397 900 1524 960 Frage,
1552 898 1680 958 welches
1708 897 1757 957 die
1780 900 1857 960 beste
1880 903 1946 963 Art
1964 906 2035 966 sey,
2064 906 2113 966 den
2141 909 2224 969 Weg
2247 909 2335 969 eines

1323 949 1470 1009 Schiffes
1509 948 1566 1008 zur
1598 945 1672 1005 See
1710 951 1968 1011 auszumessen,
2006 957 2100 1017 wenn
2143 960 2212 1020 man
2255 960 2338 1020 keine

1325 995 1585 1055 Astronomische
1609 998 1887 1058 Wahrnehmung
1917 1005 1945 1065 zu
1974 1005 2076 1065 Hülfe
2099 1009 2235 1069 nimmt.
2292 1007 2343 1067 Es

1326 1048 1357 1108 ist
1379 1044 1426 1104 die
1448 1046 1607 1106 Antwort
1629 1046 1682 1106 auf
1703 1049 1772 1109 eine
1794 1049 1852 1109 von
1889 1054 1942 1114 der
1964 1055 2139 1115 Akademie
2172 1058 2203 1118 zu
2230 1061 2346 1121 Bour¬

1325 1097 1418 1157 deaux
1441 1096 1662 1156 aufgegebene
1685 1100 1911 1160 Preisfrage,
1940 1103 1989 1163 die
2018 1106 2089 1166 aber
2123 1106 2206 1166 nicht
2234 1109 2344 1169 hinge¬

1322 1145 1425 1205 schickt
1447 1145 1602 1205 worden:
1629 1148 1691 1208 und
1718 1148 1754 1208 sie
1775 1151 1811 1211 ist
1838 1151 1910 1211 hier
1937 1154 2098 1214 ebenfalls
2130 1155 2187 1215 zum
2234 1157 2348 1217 ersten¬

1326 1195 1393 1255 mal
1419 1196 1585 1256 gedruckt.
1642 1196 1719 1256 Der
1751 1196 1822 1256 Hr.
1844 1196 2014 1256 Verfasser
2046 1201 2222 1261 beschreibt
2248 1204 2336 1264 darin

1326 1243 1392 1303 eine
1414 1243 1602 1303 Maschine,
1620 1245 1680 1305 die,
1692 1244 1724 1304 am
1764 1243 1869 1303 Schif
1886 1246 2046 1306 befestigt,
2064 1248 2113 1308 bis
2136 1250 2185 1310 ins
2214 1252 2340 1312 Wasser

1319 1296 1440 1356 reicht,
1468 1296 1529 1356 und
1569 1297 1640 1357 beym
1685 1297 1812 1357 Segeln
1852 1295 1912 1355 mit
1941 1297 2029 1357 ihrem
2079 1300 2190 1360 Zeiger
2219 1301 2346 1361 weiset,

1324 1346 1383 1406 wie
1405 1348 1485 1408 weit
1502 1348 1562 1408 das
1589 1348 1691 1408 Schif
1714 1348 1963 1408 fortgekommen
1996 1350 2066 1410 sey,
2094 1351 2180 1411 durch
2208 1354 2337 1414 welches

1324 1402 1448 1462 Mittel
1466 1402 1567 1462 denn,
1590 1402 1680 1462 nebst
1698 1402 1748 1462 der
1765 1401 1900 1461 übrigen
1929 1400 2121 1460 Anweisung
2150 1402 2200 1462 der
2223 1403 2341 1463 Schif¬

1319 1451 1365 1511 fer
1402 1449 1536 1509 allemal
1568 1449 1672 1509 wissen
1714 1452 1823 1512 kann,
1854 1449 1906 1509 wo
1943 1452 1973 1512 er
2010 1451 2067 1511 auf
2099 1452 2150 1512 der
2187 1454 2265 1514 See
2291 1455 2348 1515 ist.

1323 1499 1391 1559 10)
1418 1499 1518 1559 Neue
1545 1500 1782 1560 Erfahrungen
1815 1499 1894 1559 über
1921 1499 1978 1559 das
2016 1503 2216 1563 menschliche
2243 1504 2343 1564 Blut.

1322 1542 1579 1602 Verhoffentlich
1617 1545 1750 1605 erhellet
1772 1548 1905 1608 hieraus
1942 1548 1988 1608 die
2024 1554 2246 1614 weitläuftige
2278 1553 2344 1613 Ge¬

1326 1590 1532 1650 lehrsamkeit
1553 1591 1604 1651 des
1630 1593 1722 1653 Hrn.
1738 1590 1923 1650 Verfassers
1950 1599 2155 1659 zureichend.
2182 1599 2227 1659 Es
2254 1599 2336 1659 wird

1322 1639 1422 1699 daher
1448 1639 1553 1699 genug
1584 1637 1684 1697 seyn,
1709 1639 1764 1699 von
1800 1640 1856 1700 dem
1902 1640 2042 1700 zweyten
2073 1643 2173 1703 Theil
2199 1646 2259 1706 nur
2284 1646 2344 1706 fol¬

1769 1685 1817 1745 Er
1849 1685 1977 1745 besteht
2005 1691 2063 1751 aus
2096 1694 2159 1754 11.
2181 1694 2239 1754 mit
2262 1697 2330 1757 eben

1326 1687 1446 1747 gendes
1479 1685 1704 1745 anzuführen.

1330 1733 1379 1793 dem
1423 1735 1509 1795 Fleiß
1543 1736 1826 1796 ausgearbeiteten
1864 1739 2028 1799 Stücken.
2094 1742 2169 1802 Sie
2197 1745 2332 1805 handeln

1327 1785 1380 1845 von
1412 1784 1465 1844 den
1497 1787 1714 1847 Elementen,
1752 1787 1810 1847 von
1837 1790 2033 1850 Erzeugung
2065 1793 2118 1853 der
2140 1794 2267 1854 Steine
2294 1796 2320 1856 im

1318 1834 1541 1894 menschlichen
1575 1837 1727 1897 Körper,
1755 1840 1814 1900 von
1842 1840 1890 1900 der
1913 1843 2027 1903 Natur
2055 1843 2114 1903 und
2142 1845 2191 1905 den
2224 1847 2343 1907 Eigen¬

1328 1888 1458 1948 schaften
1504 1890 1561 1950 des
1601 1888 1782 1948 Wassers,
1817 1891 1879 1951 von
1930 1893 1981 1953 der
2022 1897 2345 1957 Einbildungskraft

1322 1941 1539 2001 schwangerer
1561 1943 1682 2003 Frauen
1714 1942 1772 2002 auf
1794 1942 1841 2002 die
1858 1945 1995 2005 Frucht,
2022 1945 2080 2005 von
2107 1947 2160 2007 der
2182 1948 2329 2008 Bildung

1318 1993 1370 2053 der
1403 1993 1530 2053 Körper
1562 1993 1774 2053 überhaupt,
1817 1993 1875 2053 vom
1923 1993 2087 2053 Ursprung
2125 1996 2188 2056 und
2221 1999 2342 2059 Erzeu¬

1322 2043 1406 2103 gung
1433 2043 1480 2103 der
1507 2043 1666 2103 Metalle,
1694 2040 1751 2100 von
1778 2037 1831 2097 den
1863 2040 2128 2100 Begebenheiten
2155 2042 2208 2102 bey
2235 2043 2346 2103 Auflö¬

1325 2091 1400 2151 sung
1450 2088 1503 2148 der
1547 2088 1660 2148 Salze
1704 2085 1731 2145 im
1786 2082 1942 2142 Wasser,
1970 2087 2023 2147 von
2073 2088 2159 2148 einem
2214 2091 2332 2151 großen

1331 2136 1583 2196 schwammigten
1625 2133 1796 2193 Gewächs
1827 2133 1863 2193 an
1905 2136 1992 2196 einem
2050 2139 2230 2199 Kranken,
2262 2139 2318 2199 vom

1328 2182 1565 2242 Blasenstein,
1601 2181 1658 2241 der
1695 2181 1720 2241 in
1767 2181 1855 2241 einer
1891 2184 2062 2244 besondern
2109 2187 2201 2247 Haut
2238 2190 2346 2250 einge¬

1324 2231 1463 2291 schlossen
1492 2231 1552 2291 ist,
1581 2230 1648 2290 und
1682 2229 1737 2289 vom
1789 2234 2028 2294 vorgegebenen
2063 2237 2252 2297 schädlichen
2281 2240 2347 2300 Ge¬

1330 2282 1442 2342 brauch
1475 2281 1523 2341 der
1556 2282 1842 2342 Kupfergeschirre
1875 2285 1901 2345 in
1934 2285 1988 2345 den
2021 2288 2176 2348 Küchen,
2199 2291 2333 2351 welches

1332 2330 1495 2390 Vorgeben
1528 2332 1580 2392 der
1602 2330 1670 2390 Hr.
1686 2332 1855 2392 Verfasser
1882 2336 1972 2396 unter
2010 2339 2125 2399 andern
2163 2342 2268 2402 damit
2290 2344 2342 2404 be¬

1325 2381 1469 2441 streitet,
1497 2380 1552 2440 daß
1581 2381 1686 2441 GOtt
1709 2381 1736 2441 im
1781 2384 1869 2444 Alten
1898 2389 2092 2449 Testament
2115 2393 2147 2453 zu
2181 2393 2231 2453 dem
2276 2396 2342 2456 Ko=

1319 2432 1392 2492 chen
1420 2432 1471 2492 des
1494 2432 1742 2492 Opferfleisches
1765 2437 1918 2497 kupferne
1935 2440 2104 2500 Geschirre
2127 2440 2341 2500 anbefohlen,

1324 2482 1454 2542 welches
1488 2482 1572 2542 nicht
1596 2482 1759 2542 geschehen
1793 2487 1912 2547 wäre,
1941 2490 2031 2550 wenn
2065 2491 2104 2551 sie
2133 2492 2268 2552 wirklich
2303 2493 2330 2553 so

1325 2533 1468 2593 schädlich
1502 2530 1634 2590 waren.
1679 2533 1756 2593 Der
1784 2536 1855 2596 Hr.
1878 2537 2077 2597 Uebersetzer
2105 2541 2165 2601 hat
2188 2542 2243 2602 hin
2271 2542 2326 2602 und

1323 2581 1444 2641 wieder
1472 2584 1551 2644 ganz
1578 2584 1684 2644 artige
1717 2588 1971 2648 Anmerkungen
2009 2588 2200 2648 beygefügt.
2274 2593 2348 2653 Ko¬

1322 2637 1374 2697 stet
1403 2635 1432 2695 in
1473 2635 1709 2695 vorbemeldten
1750 2641 1964 2701 Kanterschen
2011 2641 2317 2701 Buchhandlungen

1324 2689 1339 2749 4
1378 2685 1416 2745 fl.
