2479 3508
195 342 277 402 scher
307 340 318 400 —
390 344 448 404 und
485 342 507 402 in
538 345 755 405 Deutschland
792 343 909 403 können
945 342 985 402 sie
1010 345 1092 405 mein
1116 342 1222 402 Wör=
1258 342 1405 402 Diöcöse
1435 341 1517 401 stellt
1547 342 1593 402 die
1618 342 1730 402 Kirche
1760 345 1847 405 vor,
1872 345 1930 405 und
1960 345 2007 405 ein
2037 345 2125 405 jeder
2155 345 2284 405 glaubt,

194 394 318 454 terbuch
346 392 401 452 zur
423 394 493 454 Zeit
516 395 586 455 noch
614 392 695 452 nicht
718 395 903 455 brauchen,
936 395 1029 455 indem
1078 395 1116 455 sie
1144 392 1214 452 noch

199 443 404 503 ansehnliche
427 442 555 502 Bücher
578 443 682 503 genug
706 443 838 503 haben,
867 446 911 506 die
939 443 994 503 der
1017 444 1095 504 alten
1129 446 1200 506 evan

207 491 353 551 gelischen
382 491 563 551 Wahrheit
586 494 648 554 treu
671 494 755 554 sind.
806 494 891 554 Aber
914 494 925 554 —
976 497 1004 557 ja
1033 494 1122 554 aber,
1140 494 1224 554 frey¬

200 540 251 600 lich
281 541 333 601 zum
374 542 570 602 Uebersetzen
606 542 646 602 ist
670 545 739 605 doch
775 545 820 605 ein
856 545 971 605 solches
995 545 1087 605 Buch
1123 545 1215 605 lange

202 593 263 653 gut
287 592 411 652 genug.
457 592 559 652 Denn
605 590 644 650 ist
679 594 775 654 wohl
799 595 872 655 noch
906 595 934 655 je
963 595 1008 655 ein
1043 593 1212 653 gefährlich

198 639 294 699 Buch
321 640 374 700 von
407 643 465 703 uns
493 644 690 704 geschrieben
717 643 877 703 worden,
904 642 1037 702 welches
1070 643 1113 703 sie
1140 643 1225 703 nicht

206 691 281 751 noch
303 691 384 751 recht
406 691 493 751 warm
531 694 590 754 und
618 694 731 754 frisch,
759 694 845 754 ohne
873 693 921 753 die
948 691 1084 751 gesunde
1111 694 1224 754 Stim¬

200 739 250 799 me
274 739 324 799 der
348 739 455 799 Kritik
479 745 621 805 darüber
645 744 673 804 zu
708 742 832 802 hören,
856 742 953 802 gleich
982 741 1129 801 übersetzt
1153 742 1226 802 hät¬

196 787 279 847 ten?
313 789 390 849 Wir
408 792 625 852 Engelländer
648 792 787 852 arbeiten
815 790 904 850 ihren
938 789 1083 849 fleißigen
1111 792 1228 852 Ueber¬

208 837 316 897 setzern
343 840 462 900 immer
484 843 505 903 in
538 841 581 901 die
603 840 749 900 Hände;
782 839 846 899 und
874 840 916 900 ich
949 837 992 897 bin
1025 840 1138 900 sicher,
1166 841 1219 901 daß

207 888 239 948 so
273 891 372 951 lange
395 891 433 951 sie
461 891 521 951 nur
555 891 626 951 noch
660 891 727 951 eine
755 888 893 948 gesunde
927 888 1025 948 Hand
1059 888 1119 948 mit
1148 888 1197 948 fün

207 939 350 999 Fingern
378 939 505 999 haben;
533 940 561 1000 so
589 939 694 999 werde
711 937 749 997 ich
777 936 832 996 nie
860 936 1092 996 abgeschmackt
1115 939 1214 999 genug

207 990 360 1050 schreiben
395 990 536 1050 können,
560 990 616 1050 daß
639 989 678 1049 ich
707 986 792 1046 nicht
809 986 860 1046 bey
889 984 985 1044 ihnen
1014 987 1155 1047 Beyfall
1173 987 1234 1047 fin¬

201 1038 253 1098 den
297 1040 403 1100 sollte.
430 1039 440 1099 —
506 1039 638 1099 Damit
671 1034 708 1094 sie
741 1034 821 1094 aber
853 1034 943 1094 ihren
988 1037 1222 1097 Landesleuten

201 1088 284 1148 recht
324 1088 418 1148 zeitig
452 1085 524 1145 nach
564 1088 691 1148 meinem
748 1083 970 1143 Wörterbuch
1010 1083 1059 1143 den
1105 1087 1221 1147 Mund

204 1139 334 1199 wäßrig
356 1136 480 1196 machen
513 1136 654 1196 mögen:
681 1133 708 1193 so
742 1133 812 1193 will
829 1132 871 1192 ich
899 1133 991 1193 ihnen
1029 1135 1088 1195 nur
1121 1136 1224 1196 einige

209 1188 338 1248 Artikel
366 1184 468 1244 davon
513 1184 539 1244 in
577 1184 707 1244 größter
740 1184 848 1244 Kürze
881 1181 1086 1241 mittheilen.

1147 1184 1224 1244 Ich

208 1237 287 1297 gebe
309 1236 382 1296 mich
409 1233 462 1293 zum
505 1234 642 1294 Bürgen
674 1231 769 1291 dafür
796 1231 859 1291 an,
891 1231 944 1291 daß
976 1231 1013 1291 ich
1045 1231 1145 1291 ihnen
1183 1229 1230 1289 die

206 1285 376 1345 Verfasser
403 1283 525 1343 nennen
558 1284 647 1344 will,
674 1282 722 1342 die
744 1282 839 1342 diesen
877 1282 1132 1342 "allerneuesten
1164 1278 1238 1338 Ge¬

203 1333 344 1393 „brauch
370 1336 598 1396 theologischer
623 1336 876 1396 Redensarten"
920 1336 944 1396 in
976 1336 1061 1396 ihren
1093 1335 1235 1395 Schrif=

202 1387 247 1447 ten
281 1387 483 1447 behauptet.

569 1440 871 1500 Aberglaube.

249 1487 336 1547 Hieß
365 1488 522 1548 vorzeiten
552 1488 656 1548 alles,
680 1488 749 1548 was
779 1488 970 1548 Abgötterey
1006 1482 1023 1542 —
1087 1487 1232 1547 thörich¬

205 1539 234 1599 te
254 1538 538 1598 Zeichendeutung
573 1531 583 1591 —
647 1534 710 1594 und
750 1536 906 1596 unnützes
941 1533 1127 1593 Vertrauen
1167 1533 1221 1593 des

208 1584 340 1644 Pöbels
367 1587 424 1647 auf
451 1584 498 1644 die
520 1581 720 1641 Wirkungen
758 1581 984 1641 unbekannter
1006 1579 1127 1639 Kräfte
1154 1578 1217 1638 seyn

198 1632 342 1692 möchte.
391 1629 524 1689 Anjetzt
557 1628 593 1688 ist
626 1625 791 1685 derjenige
824 1625 1070 1685 abergläubig,
1097 1625 1150 1685 der
1182 1625 1230 1685 die

207 1679 439 1739 Geheimnisse
461 1676 514 1736 der
537 1676 660 1736 christl.
672 1676 822 1736 Religion
850 1676 909 1736 und
937 1676 1120 1736 überhaupt
1148 1676 1223 1736 alles

205 1731 349 1791 glaubt,
376 1727 478 1787 worin
510 1726 535 1786 er
567 1724 592 1784 in
629 1724 680 1784 der
707 1724 882 1784 Vernunft
913 1724 996 1784 keine
1022 1724 1228 1784 zureichende

206 1775 413 1835 Entdeckung
450 1775 569 1835 findet.
626 1769 698 1829 Alle
731 1772 963 1832 unschuldige,
990 1774 1051 1834 und
1089 1772 1140 1832 oft
1172 1774 1228 1834 zur

201 1822 357 1882 Andacht
391 1819 629 1879 ermunternde
662 1819 1020 1879 Kirchengebräuche,

1105 1817 1222 1877 dahin

196 1876 336 1936 gehören
371 1873 441 1933 auch
471 1872 547 1932 die,
571 1870 617 1930 die
641 1870 675 1930 da
699 1870 874 1930 glauben,
898 1870 956 1930 daß
987 1870 1027 1930 sie
1051 1867 1144 1927 durch
1180 1869 1231 1929 die

209 1926 321 1986 Taufe
345 1924 417 1984 selig
440 1921 598 1981 werden,
621 1921 693 1981 oder
728 1921 784 1981 daß
818 1921 862 1981 die
891 1921 1043 1981 besondre
1066 1920 1229 1980 Strafge¬

199 1977 293 2037 richte
316 1978 343 2038 in
372 1977 421 2037 der
450 1975 544 2035 Welt
561 1973 594 2033 um
639 1972 689 2032 der
712 1971 845 2031 Süͤnde
868 1972 968 2032 willen
1002 1972 1074 2032 über
1097 1972 1157 2032 uns
1186 1972 1230 2032 er¬

202 2028 332 2088 gehen:
356 2028 415 2088 das
452 2028 558 2088 alles,
588 2027 647 2087 und
683 2025 896 2085 tausendmal
927 2024 1022 2084 mehr
1052 2025 1093 2085 ist
1123 2025 1229 2085 Aber¬

206 2079 374 2139 glauben!

537 2125 876 2185 Evangelium.

267 2172 324 2232 Ist
342 2174 434 2234 jetzt,
457 2172 508 2232 die
538 2172 687 2232 ehemals
728 2170 785 2230 von
821 2172 924 2232 Plato
953 2172 1016 2232 und
1051 2172 1218 2232 Sokrates

206 2223 428 2283 vorgetragne
455 2222 513 2282 und
540 2220 677 2280 nachher
698 2220 757 2280 von
789 2218 942 2278 Christo,
969 2220 1058 2280 einem
1101 2220 1233 2280 ehema¬

194 2273 277 2333 ligen
306 2270 468 2330 frommen
497 2269 653 2329 jüdischen
688 2267 794 2327 Mann
823 2268 996 2328 bestätigte
1019 2267 1232 2327 Tugendleh¬

203 2321 244 2381 re
269 2324 328 2384 und
353 2321 551 2381 bürgerliche
576 2318 750 2378 Artigkeit.
799 2320 858 2380 S.
883 2320 1232 2380 Christenthum,

198 2377 533 2437 Sittenlehre,
558 2369 905 2429 Gerechtigkeit.

630 2417 807 2477 Kirche.

258 2469 429 2529 Bedeutet
447 2471 559 2531 anjetzt
583 2470 671 2530 eines
695 2468 777 2528 jeden
802 2467 960 2527 Prälaten
991 2465 1002 2525 —
1050 2467 1226 2527 Bischofs,

200 2521 388 2581 Magisters
428 2523 488 2583 und
517 2521 740 2581 Dorspfarren
779 2518 873 2578 eigne
897 2518 1119 2578 Meynungen
1158 2518 1219 2578 und

198 2570 437 2630 eingebildetes
459 2572 628 2632 Ansehen.
683 2569 740 2629 So
767 2569 842 2629 bald
874 2569 911 2629 sie
938 2566 1033 2626 unter
1066 2566 1225 2626 einander

200 2618 455 2678 Streitigkeiten
485 2620 633 2680 führen,
668 2620 798 2680 berufen
833 2618 872 2678 sie
902 2617 953 2677 sich
988 2617 1135 2677 darauf,
1159 2617 1215 2677 daß

206 2667 243 2727 sie
266 2667 314 2727 die
336 2665 530 2725 Reinigkeit
558 2669 617 2729 und
650 2669 703 2729 das
736 2668 860 2728 Ansehn
899 2667 947 2727 der
969 2665 1082 2725 Kirche
1115 2665 1212 2725 retten

199 2717 335 2777 wollen.
386 2715 550 2775 Ehemals
579 2715 635 2775 gab
670 2715 698 2775 es
732 2718 794 2778 nur
823 2718 891 2778 eine
925 2718 1049 2778 einzige
1073 2715 1220 2775 Kirche;
1260 2715 1486 2775 tereologische
1515 2718 1928 2778 Wetterbeobachtungen.

194 2766 332 2826 nämlich
370 2765 417 2825 die
450 2763 562 2823 erstern
600 2766 700 2826 reinen
739 2769 946 2829 Gemeinden
985 2766 1011 2826 in
1049 2766 1102 2826 der
1124 2763 1224 2823 Chri¬

194 2817 359 2877 stenheit.
405 2814 455 2874 In
484 2815 666 2875 Engelland
695 2816 854 2876 begnügte
889 2819 957 2879 man
997 2817 1048 2877 sich
1077 2816 1219 2876 nachher

199 2867 265 2927 mit
282 2864 404 2924 zween,
432 2864 482 2924 der
504 2864 737 2924 Bischöflichen
765 2865 826 2925 und
849 2867 1220 2927 Presbyterianischen.

200 2918 327 2978 Anjetzt
360 2921 423 2981 hat
450 2918 507 2978 sich
540 2918 590 2978 die
623 2918 745 2978 Kirche
778 2920 962 2980 vermehrt.
1028 2921 1117 2981 Eine
1150 2918 1219 2978 jede

1256 392 1288 452 er
1321 392 1385 452 lebe
1418 389 1445 449 in
1478 390 1531 450 der
1554 392 1813 452 rechtgläubigen
1846 395 1992 455 Kirche,
2025 394 2122 454 wann
2155 395 2187 455 er
2215 395 2274 455 das

1252 443 1396 503 glaubt,
1420 441 1492 501 was
1517 443 1546 503 er
1571 443 1625 503 sich
1649 440 1739 500 selbst
1764 441 1871 501 denkt.

1673 487 1862 547 Gnade.

1297 539 1387 599 Dies
1425 539 1534 599 Wort
1559 539 1620 599 hat
1645 539 1718 599 vier
1750 539 1810 599 und
1847 541 1987 601 zwanzig
2025 545 2269 605 Bedeutungen

1251 592 1317 652 und
1340 592 1407 652 eben
1441 592 1462 652 so
1485 592 1546 652 viel
1563 586 1736 646 Epitheta,
1753 586 1814 646 wie
1837 586 1914 646 schon
1948 589 2092 649 Swift
2115 592 2143 652 in
2171 593 2260 653 einem

1262 643 1361 703 seiner
1384 640 1505 700 Briefe
1527 641 1659 701 gewußt
1677 639 1753 699 hat.
1777 640 1942 700 Vormals
1965 640 2036 700 hieß
2064 642 2152 702 einem
2186 643 2285 703 Gna¬

1256 694 1293 754 de
1315 691 1548 751 wiederfahren
1581 691 1695 751 laßen,
1712 688 1831 748 soviel:
1858 688 1907 748 als
1935 688 2021 748 einem
2065 689 2276 749 Missethäter

1256 741 1315 801 das
1342 742 1434 802 Leben
1461 742 1629 802 schenken.
1700 740 1829 800 Anjetzt
1857 739 2009 799 beweisen
2042 742 2133 802 unsre
2156 739 2279 799 neueste

1254 792 1403 852 Lehrer,
1431 789 1486 849 daß
1520 792 1719 852 begnadigen
1753 789 1857 849 soviel
1880 789 1996 849 heißt,
2030 791 2079 851 als
2108 789 2273 849 jemanden

1255 840 1294 900 um
1340 840 1441 900 seiner
1461 840 1698 900 vollkommnen
1729 840 1819 900 guten
1850 841 1965 901 Sitten
1997 842 2117 902 willen,
2142 842 2193 902 die
2218 840 2288 900 ver¬

1256 891 1364 951 diente
1392 891 1642 951 Belohnungen
1681 890 1904 950 zuerkennen.

1637 936 1892 996 Verdienst.

1305 984 1379 1044 Vor
1403 987 1455 1047 dem
1497 990 1601 1050 hatten
1631 987 1676 1047 die
1700 987 1875 1047 Menschen
1904 990 1990 1050 keine
2009 990 2101 1050 eigne
2125 987 2287 1047 Verdien¬

1261 1035 1325 1095 ste:
1353 1034 1423 1094 jetzt
1440 1037 1498 1097 hat
1526 1037 1569 1097 ein
1602 1037 1710 1097 Mann
1748 1034 1775 1094 in
1813 1037 1899 1097 einem
1943 1040 2062 1100 reichen
2089 1036 2245 1096 Kleide-

1255 1079 1303 1139 ein
1335 1082 1500 1142 Mensch,
1527 1082 1580 1142 der
1612 1082 1830 1142 Wohlthaten
1862 1086 2048 1146 austheilt,
2081 1088 2138 1148 vor
2171 1088 2218 1148 die
2251 1083 2282 1143 er

1799 1129 1863 1189 und
1893 1134 1936 1194 ein
1966 1136 2049 1196 jeder
2075 1136 2197 1196 andre,
2227 1136 2276 1196 der

1263 1132 1315 1192 sich
1339 1130 1432 1190 selbst
1456 1130 1590 1190 belohnt
1608 1133 1713 1193 macht

1262 1179 1326 1239 nur
1348 1181 1407 1241 kein
1435 1178 1548 1238 Heyde
1570 1178 1607 1238 ist
1635 1177 1651 1237 —
1711 1176 1775 1236 viel
1798 1181 2008 1241 Verdienste.
2063 1184 2198 1244 Letzthin
2226 1187 2284 1247 hat

1262 1228 1333 1288 man
1367 1228 1455 1288 sogar
1477 1228 1532 1288 den
1560 1228 1715 1288 Glauben
1743 1228 1770 1288 zu
1804 1230 1886 1290 einem
1931 1231 2107 1291 Verdienst
2125 1236 2284 1296 gemacht.

1647 1279 1899 1339 Religion.

1310 1330 1593 1390 Christliche,
1619 1330 1656 1390 ist
1676 1330 1700 1390 so
1726 1333 1769 1393 alt
1789 1333 1839 1393 als
1865 1330 1915 1390 die
1934 1327 2041 1387 Welt,
2061 1329 2116 1389 und
2143 1327 2287 1387 begreift

1252 1384 1354 1444 nichts
1389 1384 1416 1444 in
1451 1384 1530 1444 sich,
1565 1383 1610 1443 als
1645 1384 1713 1444 was
1748 1384 1799 1444 die
1822 1384 1998 1444 Vernunft
2022 1381 2084 1441 und
2113 1382 2158 1442 ein
2193 1381 2278 1441 jeder

1256 1434 1439 1494 denkender
1472 1434 1579 1494 Mann
1618 1434 1720 1494 wissen
1759 1434 1855 1494 kann.
1883 1434 1899 1494 —
1964 1434 2126 1494 Religion
2159 1431 2282 1491 haben,

1259 1482 1355 1542 heißt
1377 1479 1501 1539 soviel:
1529 1482 1609 1542 als,
1631 1482 1684 1542 sich
1712 1483 1852 1543 schuldig
1886 1483 2025 1543 halten,
2048 1485 2133 1545 einen
2177 1480 2279 1540 GOtt

1255 1532 1289 1592 zu
1320 1527 1486 1587 glauben,
1512 1527 1552 1587 ein
1583 1527 1749 1587 Gewissen
1781 1530 1815 1590 zu
1846 1531 2063 1591 empfinden,
2089 1532 2149 1592 und
2180 1531 2280 1591 soviel

1263 1575 1424 1635 Pflichten
1457 1575 1679 1635 auszuüben,
1712 1578 1760 1638 als
1793 1578 1847 1638 zum
1896 1578 2047 1638 ehrlichen
2080 1578 2285 1638 Durchkom=

1262 1622 1331 1682 men
1359 1622 1385 1682 in
1419 1622 1472 1682 der
1494 1622 1586 1682 Welt
1614 1622 1727 1682 nöthig
1760 1623 1819 1683 ist?
1852 1625 1960 1685 Wenn
1993 1625 2063 1685 man
2102 1628 2160 1688 also
2193 1628 2285 1688 sagt:

1268 1672 1315 1732 der
1342 1673 1484 1733 Mann,
1511 1670 1559 1730 die
1580 1673 1696 1733 Dame
1717 1673 1775 1733 hat
1797 1673 1976 1733 Religion,
2008 1676 2040 1736 so
2067 1676 2219 1736 bedeutet
2246 1678 2277 1738 es

1261 1721 1387 1781 soviel:
1414 1718 1488 1778 Sie
1515 1721 1604 1781 reden
1642 1721 1694 1781 von
1737 1724 1821 1784 einem
1874 1724 2011 1784 höchsten
2043 1724 2185 1784 Wesen,
2212 1727 2275 1787 und

1261 1769 1374 1829 fahren
1412 1771 1563 1831 zuweilen
1596 1772 1622 1832 in
1661 1772 1709 1832 die
1736 1775 1909 1835 Predigt,
1942 1775 1979 1835 um
2023 1777 2077 1837 den
2110 1778 2276 1838 Sonntaa

1260 1817 1347 1877 nicht
1364 1817 1451 1877 allein
1477 1817 1497 1877 zu
1524 1819 1632 1879 Hause
1649 1819 1674 1879 zu
1700 1819 1788 1879 seyn,
1804 1821 1876 1881 oder
1897 1822 1922 1882 in
1954 1822 2005 1882 der
2027 1824 2285 1884 Nachbarschaft

1261 1870 1314 1930 der
1339 1870 1447 1930 Kirche
1472 1870 1544 1930 nach
1575 1870 1622 1930 der
1641 1869 1785 1929 Predigt
1810 1873 1888 1933 einen
1913 1876 2033 1936 Besuch
2064 1878 2257 1938 abzulegen.

1677 1923 1857 1983 Gebet.

1309 1972 1475 2032 Ehemals
1499 1975 1629 2035 glaubte
1653 1975 1759 2035 man,
1783 1975 1837 2035 daß
1867 1975 1955 2035 durch
1992 1973 2044 2033 das
2068 1975 2181 2035 Gebet
2199 1975 2275 2035 aller

1253 2025 1413 2085 geistliche
1446 2025 1509 2085 und
1553 2023 1696 2083 leibliche
1734 2022 1852 2082 Segen
1895 2020 1953 2080 von
1991 2019 2097 2079 GOtt
2131 2025 2285 2085 erreichet

1253 2071 1396 2131 würde,
1424 2069 1482 2129 und
1509 2069 1562 2129 daß
1595 2067 1695 2127 GOtt
1717 2067 1765 2127 sich
1798 2067 1908 2127 durchs
1936 2067 2047 2127 Gebet
2069 2070 2117 2130 dem
2160 2073 2282 2133 Beten=

1259 2121 1312 2181 den
1351 2118 1410 2178 mit
1438 2115 1492 2175 den
1525 2118 1730 2178 Wirkungen
1770 2118 1867 2178 seiner
1900 2120 2100 2180 Erkenntniß
2133 2123 2279 2183 bekannt

1256 2168 1386 2228 mache,
1408 2166 1484 2226 oder
1512 2169 1691 2229 vereinige.
1746 2169 1838 2229 Jetzt
1860 2169 1936 2229 aber
1964 2169 2024 2229 hat
2051 2172 2121 2232 man
2155 2175 2279 2235 gründ¬

1258 2217 1311 2277 lich
1338 2215 1518 2275 bewiesen,
1545 2216 1598 2276 daß
1630 2217 1730 2277 Beten
1763 2217 1858 2277 nichts
1885 2220 2006 2280 anders
2034 2222 2107 2282 sey,
2135 2223 2182 2283 als
2209 2223 2277 2283 eine

1257 2264 1445 2324 Erklärung
1479 2264 1539 2324 vor
1562 2264 1662 2324 GOtt
1685 2268 1795 2328 thun,
1829 2269 1895 2329 was
1929 2270 1979 2330 für
2002 2270 2162 2330 Pflichten
2196 2273 2268 2333 man

1262 2315 1290 2375 in
1331 2315 1406 2375 allen
1441 2315 1603 2375 Ständen
1638 2317 1689 2377 dem
1742 2321 1898 2381 Nächsten
1933 2321 2072 2381 schuldig
2101 2323 2175 2383 sey;
2211 2322 2274 2382 und

1259 2363 1350 2423 wenn
1384 2363 1453 2423 man
1492 2364 1540 2424 sich
1579 2366 1666 2426 durch
1699 2369 1758 2429 das
1786 2372 1954 2432 Andenken
1987 2372 2084 2432 seiner
2112 2373 2268 2433 Pflichten

1254 2414 1381 2474 stärkt,
1405 2414 1434 2474 so
1458 2414 1498 2474 sey
1527 2415 1591 2475 dies
1621 2417 1667 2477 die
1691 2417 1865 2477 Erhörung
1895 2420 1947 2480 des
1977 2423 2121 2483 Gebets.
2186 2426 2273 2486 Auch

1258 2466 1317 2526 hat
1345 2464 1415 2524 man
1448 2464 1508 2524 das
1541 2467 1763 2527 verdrüßliche
1791 2471 2046 2531 Sprüchwort:
2085 2470 2177 2530 Bete
2210 2473 2269 2533 und

1251 2515 1404 2575 arbeite,
1433 2515 1636 2575 abgeschaft;
1665 2518 1760 2578 daher
1784 2521 1811 2581 es
1840 2524 1908 2584 auch
1948 2524 2032 2584 einem
2073 2524 2264 2584 Geistlichen

1257 2566 1341 2626 nicht
1366 2566 1389 2626 so
1414 2566 1522 2626 nöthig
1547 2569 1607 2629 ist,
1632 2569 1661 2629 zu
1692 2570 1776 2630 beten
1801 2572 1861 2632 und
1886 2575 1916 2635 zu
1947 2573 2140 2633 meditiren.

1659 2617 1872 2677 Andacht.

1300 2659 1361 2719 S.
1387 2664 1692 2724 "Schwärmerey,
1718 2670 1873 2730 geistliche
1899 2673 2191 2733 Empfindungen,
2216 2672 2284 2732 me¬

1679 2766 1846 2826 Bibel.

1309 2816 1372 2876 Ist
1398 2814 1443 2874 ein
1469 2816 1591 2876 Buch,
1617 2817 1712 2877 worin
1759 2820 1796 2880 ein
1836 2820 1938 2880 Theil
1964 2823 2015 2883 die
2048 2823 2195 2883 Juden,
2222 2826 2266 2886 ein

1254 2864 1388 2924 anderer
1422 2864 1524 2924 Theil
1551 2866 1599 2926 die
1616 2870 1746 2930 Heyden
1779 2870 1930 2930 angeht,
1963 2870 2022 2930 und
2055 2870 2168 2930 wovon
2207 2875 2260 2935 das

1252 2918 1381 2978 meiste,
1406 2918 1512 2978 sobald
1536 2919 1571 2979 es
1595 2921 1708 2981 unsern
1738 2924 1880 2984 neuesten
1910 2921 2128 2981 Meynungen
2159 2924 2276 2984 wider¬

2136 2978 2277 3038 spricht,
