2479 3508
239 300 392 360 stellern,
416 298 501 358 seine
524 297 695 357 Kenntniß
724 297 774 357 der
804 297 900 357 besten
935 298 1048 358 Maler
1083 299 1145 359 und
1174 295 1265 355 ihrer

241 345 388 405 Werke,
410 348 475 408 und
514 348 595 408 seine
623 348 874 408 Beurtheilung
908 349 989 409 über
1017 348 1093 408 alles
1132 348 1197 408 was
1241 346 1268 406 er

245 396 408 456 gesehen,
435 398 462 458 so
484 398 646 458 gründlich
674 400 733 460 und
762 398 962 458 zutreffend,
990 398 1043 458 daß
1077 398 1141 458 man
1174 398 1260 458 einen

257 446 367 506 Mann
406 443 461 503 von
490 447 678 507 Profession
711 449 767 509 der
789 449 1077 509 Gelehrsamkeit,
1110 449 1160 509 der
1194 449 1276 509 Ma¬

248 496 330 556 lerey
357 497 419 557 und
445 497 714 557 Staatseinsicht
735 500 761 560 zu
792 497 864 557 lesen
896 500 1036 560 glaubt,
1067 499 1155 559 wenn
1192 497 1264 557 man

259 544 341 604 seine
364 545 480 605 Briefe
503 548 607 608 lieset.
658 545 708 605 Er
725 551 840 611 scheint
863 548 1035 608 besonders
1063 546 1118 606 auf
1136 547 1185 607 die
1202 545 1279 605 Bil¬

254 596 460 656 dergallerien
494 598 548 658 das
576 598 701 658 stärkste
723 598 935 658 Augenmerk
958 598 1121 658 geworfen
1155 598 1187 658 zu
1225 593 1274 653 ha¬

257 646 332 706 ben,
360 648 418 708 und
452 649 576 709 verråth
604 649 761 709 dadurch,
789 650 842 710 daß
870 647 924 707 zum
968 648 1081 708 Reisen
1115 646 1152 706 an
1180 643 1282 703 frem¬

255 691 288 751 de
311 697 396 757 Höfe
420 697 515 757 etwas
545 700 635 760 mehr
658 700 772 760 nöthig
801 700 863 760 ist,
892 700 937 760 als
972 699 1079 759 Augen
1120 697 1182 757 und
1205 694 1278 754 Oh=

256 747 335 807 ren,
362 749 536 809 Vernunft
553 748 615 808 und
642 751 700 811 alle
722 750 864 810 Glieder
886 748 917 808 zu
944 748 1071 808 haben,
1103 745 1176 805 oder
1203 744 1282 804 viel¬

255 795 374 855 mehr,
398 796 454 856 daß
483 798 546 858 man
581 798 637 858 erst
661 800 752 860 lange
781 801 895 861 Jahre
919 795 1021 855 einsam
1062 795 1124 855 seyn
1165 792 1278 852 muͤsse,

254 844 313 904 ehe
341 847 410 907 man
438 849 530 909 reisen
564 849 683 909 könne.
738 849 786 909 Ob
814 849 846 909 er
868 847 960 907 gleich
988 846 1031 906 ein
1064 843 1194 903 eifriger
1216 843 1286 903 Ka¬

260 894 361 954 tholik
390 897 451 957 ist:
492 897 519 957 so
554 897 627 957 thut
656 897 689 957 er
719 897 786 957 doch
821 897 871 957 den
911 899 1154 959 unfanatischen
1189 891 1284 951 Vor¬

251 948 381 1008 schlag,
408 948 467 1008 daß
495 948 565 1008 man
603 947 646 1007 die
679 948 895 1008 vortreflichen
928 947 1122 1007 Gemälde,
1161 942 1209 1002 die
1242 939 1268 999 in

252 996 402 1056 manchen
437 995 645 1055 katholischen
681 998 848 1058 Kirchen,
878 997 935 1057 dem
977 992 1167 1052 Schmutz,
1197 991 1254 1051 dem
1313 984 1347 1044 er
1365 984 1428 1044 mit
1452 984 1538 1044 einer
1562 990 1817 1050 melankolischen
1852 998 1991 1058 Miene.
2026 995 2234 1055 Jedermann
2269 995 2332 1055 war

259 1045 425 1105 Staube,
453 1046 514 1106 und
542 1046 591 1106 dem
631 1046 819 1106 schädlichen
847 1043 1002 1103 Dampfe
1025 1043 1113 1103 derer
1136 1039 1274 1099 Lampen

251 1102 282 1162 zu
310 1094 400 1154 ihrem
443 1094 597 1154 Schaden
624 1094 805 1154 ausgesetzt
827 1094 906 1154 sind,
933 1091 1029 1151 lieber
1056 1091 1109 1151 von
1141 1091 1173 1151 da
1200 1088 1290 1148 weg¬

249 1145 419 1205 nehmen,
447 1142 510 1202 und
538 1142 564 1202 in
591 1142 633 1202 ein
661 1144 864 1204 öffentliches
891 1139 1083 1199 Gebäude,
1105 1140 1159 1200 zur
1191 1136 1292 1196 allge¬

250 1193 375 1253 meinen
407 1190 516 1250 Zierde
543 1190 595 1250 des
621 1190 746 1250 Landes
773 1187 856 1247 setzen
888 1187 950 1247 und
977 1187 1071 1247 besser
1097 1184 1295 1244 aufbewah¬

248 1240 306 1300 ren
339 1240 482 1300 möchte.
531 1234 604 1294 Von
642 1236 690 1296 der
717 1234 914 1294 Bibliothek
941 1234 972 1294 zu
1010 1235 1180 1295 München
1218 1234 1287 1294 gibt

256 1288 309 1348 der
336 1288 405 1348 Hr.
422 1286 528 1346 Verf.
550 1285 639 1345 recht
661 1287 741 1347 neue
763 1285 1007 1345 Nachrichten,
1040 1285 1220 1345 besonders
1253 1282 1279 1342 in

257 1339 387 1399 Absicht
409 1339 501 1399 derer
529 1336 621 1396 raren
648 1335 784 1395 Bücher
817 1338 876 1398 und
904 1334 1192 1394 Manuscripten,
1220 1336 1279 1396 und

258 1390 329 1450 laßt
353 1390 424 1450 auch
448 1390 520 1450 hier
544 1390 621 1450 seine
645 1390 883 1450 antiquarische
902 1390 1079 1450 Einsichten
1111 1390 1294 1450 durchspie¬

254 1440 348 1500 geln.
399 1442 471 1502 Als
505 1442 633 1502 etwas,
662 1440 717 1500 von
762 1441 879 1501 andern
924 1440 1163 1500 Bibliotheken
1203 1440 1286 1500 nicht

262 1493 533 1553 gewöhnliches,
562 1491 694 1551 rechnen
728 1491 817 1551 wir,
840 1491 895 1551 daß
929 1491 1000 1551 nach
1034 1489 1089 1549 der
1117 1488 1294 1548 Inschrift

260 1542 299 1602 an
328 1542 378 1602 der
402 1544 497 1604 Thür
526 1541 577 1601 der
595 1540 793 1600 Bibliothek
816 1540 855 1600 ein
884 1539 969 1599 jeder
998 1539 1287 1599 katholischer

255 1637 343 1697 piren
379 1636 427 1696 sich
452 1637 693 1697 auszubitten,
719 1634 807 1694 wenn
842 1631 871 1691 er
907 1631 945 1691 sie
980 1631 1044 1691 nur
1074 1631 1290 1691 unbeschadet

259 1736 347 1796 sonst
381 1735 437 1795 von
476 1733 531 1793 den
565 1733 693 1793 meisten
727 1727 960 1787 Bibliotheken
994 1730 1082 1790 gilt,
1111 1728 1177 1788 was
1217 1726 1300 1786 Se¬

259 1787 361 1847 neca
395 1784 486 1844 sagt:
520 1781 584 1841 non
624 1780 650 1840 in
694 1778 862 1838 studium,
890 1778 933 1838 sed
978 1778 1004 1838 in
1043 1777 1292 1837 spectaculum!

265 1831 332 1891 Ein
366 1833 451 1893 paar
486 1828 632 1888 seltsame
667 1828 887 1888 Meynungen
933 1826 989 1886 des
1029 1828 1124 1888 Hrn.
1154 1824 1283 1884 Grafen

259 1887 378 1947 müssen
406 1882 470 1942 wir
493 1881 564 1941 noch
592 1880 793 1940 anmerken:
826 1878 875 1938 Er
908 1879 978 1939 will
1006 1879 1055 1939 die
1078 1879 1213 1939 Ursache
1235 1878 1295 1938 an¬

253 1936 379 1996 geben,
404 1936 518 1996 warum
561 1933 591 1993 in
622 1933 845 1993 Deutschland
876 1933 1051 1993 Todschlag
1088 1933 1148 1993 und
1173 1930 1281 1990 Stra=
1318 1927 1354 1987 de
1379 1930 1433 1990 das
1458 1930 1529 1990 erste
1554 1932 1784 1992 Grundgesetz
1797 1936 1917 1996 meines
1948 1937 2105 1997 Thrones
2130 1939 2190 1999 ist:
2215 1939 2244 1999 so
2269 1941 2335 2001 sehe

265 1987 408 2047 ßenraub
438 1987 518 2047 nicht
542 1984 564 2044 so
588 1984 703 2044 häufig
727 1986 801 2046 sey,
825 1984 870 2044 als
906 1984 934 2044 in
964 1984 1096 2044 Italien
1137 1983 1205 2043 oder
1235 1980 1269 2040 an

257 2085 344 2145 her,
368 2088 449 2148 weil
473 2085 501 2145 in
543 2085 764 2145 Deutschland
800 2085 887 2145 keine
911 2085 1173 2145 Müßiggänger
1203 2082 1289 2142 gelit.

256 2133 306 2193 ten
342 2133 499 2193 werden,
530 2134 662 2194 sondern
698 2133 743 2193 ein
780 2133 891 2193 jeder,
917 2133 1007 2193 wenn
1044 2133 1074 2193 er
1105 2133 1191 2193 nicht
1222 2129 1272 2189 ver

269 2184 417 2244 hungern
449 2181 539 2241 will,
566 2181 724 2241 durchaus
751 2181 888 2241 arbeiten
920 2181 1042 2241 müsse,
1069 2181 1126 2241 und
1153 2179 1211 2239 also
1238 2178 1285 2238 die

264 2233 419 2293 Straßen
447 2229 508 2289 rein
542 2226 685 2286 blieben.
730 2229 907 2289 Hiewider
930 2229 1013 2289 ließe
1036 2229 1085 2289 sich
1108 2229 1201 2289 wohl
1224 2225 1285 2285 viel

264 2282 486 2342 einwenden;
514 2276 541 2336 so
564 2276 624 2336 wie
647 2278 713 2338 auch
747 2276 792 2336 die
815 2276 1014 2336 Erfahrung
1037 2276 1136 2336 wider
1165 2274 1208 2334 die
1237 2271 1292 2331 hi¬

262 2334 409 2394 storische
432 2329 635 2389 Richtigkeit
652 2327 702 2387 der
726 2325 838 2385 ganzen
873 2327 985 2387 Sache
1003 2327 1138 2387 streitet.
1189 2321 1279 2381 Eben

260 2387 288 2447 so
318 2385 422 2445 seltsam
475 2381 515 2441 ist
545 2381 597 2441 der
621 2378 725 2438 andre
749 2375 899 2435 Einfall.
970 2374 1051 2434 Der
1086 2375 1155 2435 Hr.
1185 2375 1283 2435 Graf

264 2435 408 2495 glaubt,
441 2435 496 2495 daß
541 2431 585 2491 die
625 2429 768 2489 Sachsen
808 2426 841 2486 am
891 2426 1013 2486 meisten
1058 2426 1146 2486 unter
1180 2423 1273 2483 denen

252 2482 435 2542 Deutschen
475 2482 530 2542 zum
587 2476 826 2536 Selbstmorde
855 2473 994 2533 geneigt
1023 2475 1111 2535 sind;
1140 2473 1201 2533 und
1235 2471 1285 2531 er¬

270 2533 360 2593 zählt
378 2536 445 2596 eine
474 2533 569 2593 große
598 2530 728 2590 Anzahl
751 2524 988 2584 fürchterlicher
1011 2524 1287 2584 Selbstmordge=

270 2581 445 2641 schichten,
469 2584 514 2644 die
537 2584 564 2644 in
593 2582 695 2642 kurzer
724 2578 797 2638 Zeit
820 2578 848 2638 in
877 2575 1029 2635 Dresden
1064 2575 1284 2635 vorgefallen.

263 2629 345 2689 Wir
369 2632 504 2692 möchten
528 2632 575 2692 die
587 2632 722 2692 Ursache
746 2629 858 2689 hievon
888 2626 958 2686 eher
982 2626 1005 2686 in
1035 2626 1123 2686 denen
1147 2626 1264 2686 Drang

259 2682 336 2742 salen
370 2679 420 2739 des
448 2679 548 2739 letzten
576 2682 742 2742 Krieges,
771 2681 814 2741 als
849 2677 876 2737 in
910 2676 998 2736 einem
1038 2673 1282 2733 Nationalfeh¬

254 2731 297 2791 ler
319 2730 373 2790 der
396 2727 483 2787 guten
517 2727 663 2787 Sachsen
691 2730 817 2790 finden.
872 2727 964 2787 Doch
992 2727 1102 2787 wollen
1129 2724 1189 2784 wir
1211 2724 1271 2784 uns

257 2781 343 2841 nicht
365 2778 474 2838 weiter
497 2775 600 2835 hierin
633 2778 802 2838 einlaßen.
874 2778 987 2838 Kostet
1010 2778 1037 2838 in
1064 2778 1118 2838 der
1141 2775 1282 2835 Kanter¬

254 2832 340 2892 schen
367 2827 633 2887 Buchhandlung
661 2829 800 2889 allhier,
827 2832 886 2892 wie
907 2832 981 2892 auch
1008 2832 1034 2892 in
1061 2829 1180 2889 Elbing
1208 2829 1267 2889 und

258 2884 378 2944 Mitau
404 2882 442 2942 24
474 2882 525 2942 gr.

1418 305 1502 365 Der
1546 306 1795 366 unglückliche
1832 309 2201 369 Menschenfreund!

1578 383 1696 443 Eine
1739 388 2039 448 Erzählung.

1314 540 1367 600 Zu
1401 542 1446 602 der
1474 542 1559 602 Zeit,
1586 545 1639 605 als
1666 546 1731 606 noch
1759 545 1804 605 die
1832 548 2003 608 Menschen
2044 553 2096 613 von
2130 553 2222 613 denen
2243 548 2335 608 Göt=

1297 590 1364 650 tern
1401 591 1478 651 alles
1515 593 1696 653 erhielten,
1723 595 1795 655 was
1833 595 1868 655 sie
1900 598 2123 658 verlangten:
2160 603 2243 663 lebte
2280 600 2320 660 ein

1311 640 1448 700 König,
1471 643 1631 703 Namens
1660 646 1819 706 Candi,
1847 646 1896 706 der
1925 648 1951 708 in
1980 649 2079 709 seinem
2118 649 2184 709 sehr
2207 651 2328 711 kleinen

1307 688 1417 748 Lande
1439 689 1508 749 noch
1540 694 1630 754 lange
1657 697 1740 757 nicht
1763 697 1815 757 den
1842 697 2016 757 Ueberfluß
2049 699 2202 759 genießen
2239 700 2339 760 konn¬

1301 739 1362 799 te,
1391 739 1447 799 der
1476 740 1561 800 sonst
1590 744 1635 804 ein
1670 748 1834 808 Erbtheil
1857 748 1913 808 der
1942 748 2140 808 Majestäten
2181 750 2214 810 zu
2254 748 2321 808 seyn

1309 786 1446 846 pflegte.
1497 787 1541 847 Er
1575 793 1647 853 war
1675 795 1719 855 ein
1759 798 1863 858 armer
1892 795 2030 855 König:
2070 795 2141 855 aber
2170 795 2253 855 seine
2275 797 2341 857 Tu¬

1310 839 1389 899 gend
1414 834 1506 894 erhob
1538 838 1586 898 ihn
1618 844 1697 904 über
1723 846 1802 906 seine
1821 849 1987 909 Armuth.
2037 846 2085 906 An
2117 846 2203 906 einem
2246 844 2338 904 Neu¬

1311 885 1512 945 jahrstage,
1542 886 1594 946 als
1631 892 1689 952 alle
1720 896 1802 956 seine
1827 897 1986 957 Hofleute
2016 896 2075 956 und
2105 897 2335 957 Schmeichler

1317 938 1367 998 sich
1394 933 1676 993 versammleten,
1696 943 1746 1003 ihm
1792 948 1894 1008 Glück
1915 948 1946 1008 zu
1985 948 2177 1008 wünschen,
2204 945 2331 1005 erschien

1313 1032 1467 1092 bestürzt,
1492 1034 1560 1094 and
1585 1035 1628 1095 so,
1659 1040 1714 1100 wie
1740 1045 1887 1105 elektrisch
1919 1046 2017 1106 Feuer
2043 1046 2240 1106 geschwinde
2265 1043 2339 1103 wei¬

1306 1082 1355 1142 ter
1389 1079 1467 1139 eilt,
1501 1081 1561 1141 und
1590 1087 1673 1147 seine
1707 1091 1807 1151 Kraft
1836 1094 2019 1154 mittheilt:
2054 1094 2087 1154 so
2121 1097 2248 1157 wurden
2288 1094 2337 1154 die

1317 1130 1487 1190 Minister
1510 1133 1572 1193 und
1596 1136 1646 1196 die
1671 1139 1841 1199 Favoriten
1870 1145 1960 1205 gleich
1995 1146 2058 1206 mit
2076 1148 2343 1208 schwermüthig.

1316 1181 1393 1241 Der
1422 1181 1560 1241 König,
1589 1187 1627 1247 um
1678 1187 1716 1247 sie
1751 1187 1805 1247 von
1845 1190 1933 1250 ihrer
1956 1196 2345 1256 Niedergeschlagenheit

1322 1233 1349 1293 zu
1382 1231 1565 1291 befreyen,
1588 1234 1692 1294 redete
1715 1234 1742 1294 er
1765 1234 1803 1294 sie
1820 1239 1903 1299 ganz
1926 1240 2098 1300 freundlich
2126 1243 2192 1303 an:
2214 1243 2341 1303 Meine

1321 1282 1489 1342 Freunde,
1511 1282 1597 1342 sagte
1620 1285 1668 1345 er,
1696 1285 1848 1345 wundert
1865 1285 1934 1345 euch
1962 1288 2037 1348 über
2060 1289 2162 1349 meine
2185 1291 2341 1351 Schwer¬

1320 1333 1412 1393 muth
1441 1336 1493 1396 gar
1517 1336 1621 1396 nicht.
1668 1339 1766 1399 Mein
1795 1339 1888 1399 gutes
1912 1341 1998 1401 Herz
2017 1339 2056 1399 ist
2074 1339 2196 1399 Schuld
2226 1342 2346 1402 daran.

1316 1390 1395 1450 Ihr
1433 1387 1513 1447 habt
1545 1390 1612 1450 mir
1643 1390 1742 1450 heute
1773 1390 1970 1450 verschiedne
2009 1393 2082 1453 gute
2120 1395 2255 1455 Sachen
2293 1393 2348 1453 ge¬

1316 1437 1482 1497 wünscht.
1537 1440 1612 1500 Und
1640 1440 1714 1500 weil
1731 1440 1790 1500 wir
1812 1442 1996 1502 zusammen
2024 1442 2212 1502 vertraulich
2239 1443 2331 1503 reden

1319 1486 1473 1546 können;
1507 1488 1534 1548 so
1568 1488 1639 1548 darf
1662 1488 1706 1548 ich
1739 1489 1772 1549 es
1811 1491 1877 1551 euch
1911 1491 2004 1551 wohl
2027 1491 2148 1551 sagen,
2182 1494 2237 1554 daß
2271 1494 2331 1554 mir

1317 1533 1489 1593 Niemand
1520 1533 1612 1593 unter
1648 1535 1711 1595 euch
1751 1536 1923 1596 dasjenige
1954 1541 2135 1601 gewunscht
2161 1543 2244 1603 hat,
2269 1545 2342 1605 wel¬

264 1593 411 1653 Christ
436 1590 484 1650 die
510 1588 700 1648 Erlaubniß
732 1587 817 1647 hat,
849 1584 1112 1644 Manuscripte,
1138 1586 1193 1646 zum
1243 1583 1291 1643 co=
1323 1580 1396 1640 ches
1421 1578 1464 1638 ich
1502 1581 1562 1641 mir
1588 1581 1679 1641 selbst
1704 1584 1876 1644 wünsche,
1902 1585 1962 1645 und
1994 1588 2147 1648 worüber
2173 1590 2215 1650 ich
2246 1591 2338 1651 eben,

1315 1625 1399 1685 weil
1426 1626 1453 1686 es
1485 1628 1548 1688 mir
1580 1628 1628 1688 die
1650 1628 1766 1688 Götter
1798 1629 1887 1689 wohl
1915 1631 1967 1691 nie
1994 1636 2169 1696 gewähren
2202 1637 2344 1697 dörften,

258 1685 474 1745 wiedergibt.
529 1682 595 1742 Ein
632 1682 837 1742 rühmliches
874 1679 1061 1739 Beyspiel!
1104 1682 1217 1742 zumal
1248 1678 1278 1738 es
1328 1675 1399 1735 eine
1418 1676 1502 1736 recht
1521 1678 1743 1738 wehmüthige
1768 1679 1956 1739 Betrubniß
1986 1685 2167 1745 empfinde.
2210 1685 2342 1745 Wollet

1318 1718 1374 1778 ihr
1394 1725 1526 1785 wissen,
1539 1726 1608 1786 was
1634 1726 1664 1786 es
1690 1728 1766 1788 sey?
1792 1733 1854 1793 Ich
1886 1733 2030 1793 wünsche
2050 1734 2112 1794 mir
2138 1733 2201 1793 das
2233 1733 2346 1793 "Ver¬

1329 1773 1488 1833 mögen,
1512 1775 1690 1835 Menschen
1726 1781 1868 1841 glücklich
1904 1781 1933 1841 zu
1970 1784 2116 1844 machen.

2213 1787 2335 1847 Meine

1321 1822 1465 1882 Schätze
1484 1825 1544 1885 sind
1575 1828 1659 1888 nicht
1678 1831 1701 1891 so
1726 1828 1829 1888 groß,
1854 1831 1914 1891 daß
1939 1834 1980 1894 ich
2011 1836 2066 1896 das
2097 1837 2174 1897 thun
2212 1840 2338 1900 könnte,

1315 1876 1373 1936 und
1403 1878 1437 1938 ob
1461 1876 1555 1936 gleich
1585 1879 1655 1939 eine
1674 1881 1867 1941 Regierung
1897 1885 1960 1945 voll
1979 1888 2148 1948 Weisheit
2167 1889 2225 1949 und
2249 1890 2348 1950 Gna¬

1316 1978 1358 2038 ich
1381 1981 1456 2041 mich
1484 1984 1554 2044 doch
1581 1984 1663 2044 nicht
1691 1986 1788 2046 einzig
1815 1985 1874 2045 und
1897 1984 1983 2044 allein
2011 1987 2141 2047 dadurch
2168 1990 2189 2050 im
2228 1988 2341 2048 Stan=

258 2037 443 2097 derwärts.
501 2039 590 2099 Nach
628 2036 728 2096 seiner
761 2034 945 2094 Meynung
977 2034 1099 2094 komme
1131 2031 1199 2091 dies
1232 2031 1289 2091 da=
1316 2029 1379 2089 de,
1406 2031 1453 2091 die
1480 2031 1638 2091 Neigung
1671 2031 1755 2091 eines
1792 2027 1802 2087 —
1866 2034 2210 2094 Menschenfreundes
2231 2037 2262 2097 zu
2289 2037 2342 2097 be¬

1320 2081 1495 2141 friedigen.
1547 2079 1645 2139 Kaum
1686 2079 1774 2139 hatte
1795 2076 1820 2136 er
1847 2076 1914 2136 dies
1940 2082 2068 2142 gesagt:
2095 2083 2146 2143 als
2172 2084 2213 2144 ein
2234 2085 2337 2145 Ober¬

1314 2127 1449 2187 priester
1471 2126 1530 2186 aus
1558 2124 1606 2184 dem
1650 2127 1784 2187 Tempel
1807 2129 1898 2189 kam,
1926 2130 1990 2190 und
2018 2130 2066 2190 ihm
2110 2133 2158 2193 die
2181 2135 2332 2195 fröhliche

1316 2172 1503 2232 Nachricht
1521 2172 1673 2232 brachte:
1697 2175 1770 2235 Die
1788 2178 1912 2238 Götter
1936 2180 2031 2240 haben
2060 2181 2111 2241 den
2146 2184 2338 2244 Neujahrs¬

1312 2223 1436 2283 wunsch
1465 2222 1521 2282 des
1545 2223 1698 2283 Königes
1721 2227 1851 2287 erhört.
1927 2229 1977 2289 Er
2000 2231 2057 2291 soll
2075 2231 2250 2291 Weisheit
2274 2236 2330 2296 und

1320 2270 1487 2330 Ueberfluß
1517 2273 1661 2333 besitzen,
1684 2275 1730 2335 die
1760 2277 1932 2337 Menschen
1962 2282 2100 2342 glücklich
2130 2282 2158 2342 zu
2188 2285 2337 2345 machen.

1321 2319 1392 2379 Der
1426 2321 1564 2381 König,
1598 2322 1653 2382 von
1692 2324 1747 2384 der
1775 2327 1896 2387 Gnade
1925 2332 1979 2392 der
2008 2331 2134 2391 Götter
2163 2337 2334 2397 gerühret,

1319 2370 1378 2430 und
1405 2372 1486 2432 ganz
1508 2372 1785 2432 Wollusttrunken
1824 2378 1883 2438 von
1916 2383 2018 2443 seiner
2046 2386 2214 2446 erlangten
2242 2388 2339 2448 Voll¬

1316 2423 1564 2483 kommenheit,
1586 2426 1753 2486 beschloß,
1780 2428 1850 2488 noch
1878 2431 1909 2491 an
1943 2435 2115 2495 demselben
2148 2437 2234 2497 Tage
2261 2440 2326 2500 eine

1315 2469 1416 2529 Reise
1439 2473 1529 2533 durch
1553 2472 1609 2532 sein
1638 2476 1722 2536 Land
1746 2476 1773 2536 zu
1802 2481 1910 2541 thun;
1939 2483 1995 2543 und
2024 2486 2086 2546 alle
2110 2488 2330 2548 Unglückliche

1315 2521 1366 2581 die
1387 2521 1485 2581 etwas
1511 2521 1562 2581 von
1594 2522 1639 2582 ihm
1687 2529 1856 2589 verlangen
1893 2533 2052 2593 würden,
2079 2533 2109 2593 zu
2146 2536 2331 2596 beglücken.

1314 2572 1364 2632 Er
1387 2570 1494 2630 durfte
1512 2572 1596 2632 nicht
1613 2575 1709 2635 lange
1732 2579 1856 2639 reisen,
1885 2583 1918 2643 um
1958 2582 2178 2642 Unglückliche
2207 2584 2240 2644 zu
2269 2586 2330 2646 fin¬

1306 2621 1389 2681 den.
1437 2620 1483 2680 Er
1508 2622 1573 2682 traf
1597 2624 1632 2684 sie
1657 2626 1721 2686 sehr
1752 2629 1817 2689 bald
1847 2632 1906 2692 an.
1960 2635 2024 2695 Ein
2055 2632 2167 2692 junger
2192 2635 2327 2695 Mensch

1315 2673 1378 2733 von
1407 2673 1557 2733 Achtzehn
1587 2676 1714 2736 Jahren
1744 2679 1813 2739 war
1842 2679 1894 2739 der
1923 2680 2022 2740 erste,
2051 2681 2103 2741 den
2138 2681 2189 2741 der
2213 2685 2322 2745 König

1316 2721 1355 2781 am
1401 2724 1475 2784 Ufer
1503 2723 1587 2783 eines
1611 2727 1735 2787 Flusses
1758 2730 1820 2790 mit
1838 2730 2052 2790 aufgestüztem
2093 2733 2223 2793 Haupte
2246 2737 2324 2797 sitzen

1312 2772 1407 2832 sahe.
1468 2772 1558 2832 Was
1595 2778 1697 2838 fehlet
1728 2781 1823 2841 euch,
1848 2781 1968 2841 junger
1999 2780 2167 2840 Mensch,
2186 2786 2258 2846 frug
2295 2789 2324 2849 er

1315 2823 1408 2883 ihn!

1495 2826 1623 2886 Meine
1651 2828 1794 2888 Eltern,
1822 2829 2019 2889 antwortete
2046 2831 2104 2891 er,
2132 2834 2196 2894 sind
2234 2838 2329 2898 arm;

1317 2876 1376 2936 und
1402 2876 1444 2936 ich
1470 2876 1597 2936 dagegen
1632 2882 1793 2942 empfinde
1829 2882 1913 2942 einen
1948 2882 2185 2942 unersättlichen
2220 2885 2330 2945 Durst

2234 2936 2324 2996 nach
