2479 3508
653 1652 762 1712 22tes
800 1652 947 1712 Stück.
1007 1652 1214 1712 Montag,
1244 1655 1302 1715 den
1356 1652 1436 1712 18.
1466 1649 1614 1709 März,
1651 1649 1798 1709 1765.

606 1730 807 1790 Leipzig.

193 1788 337 1848 Von
367 1784 424 1844 der
447 1784 635 1844 Bibliothek
665 1787 707 1847 der
737 1787 860 1847 schönen
889 1787 1142 1847 Wissenschaften
1172 1787 1208 1847 ist
1246 1783 1339 1843 "voll
1355 1782 1542 1842 praktischer
1565 1781 1629 1841 und
1645 1778 1912 1838 enthusiastischer
1927 1772 2057 1832 Stellen
2087 1772 2144 1832 und
2174 1772 2238 1832 man

337 1834 410 1894 "das
437 1832 485 1892 2te
512 1836 617 1896 Stück
639 1834 691 1894 des
719 1836 808 1896 11ten
840 1837 978 1897 Bandes
1011 1837 1063 1897 auf
1084 1837 1121 1897 12
1148 1834 1216 1894 Bo=

181 1877 275 1937 gen
311 1879 341 1939 in
376 1882 441 1942 8vo
472 1882 562 1942 1764
597 1885 948 1945 herausgekommen."
1014 1879 1059 1939 Es
1089 1882 1209 1942 kommt

197 1930 292 1990 vor:
345 1930 397 1990 1)
419 1933 646 1993 Abhandlung
684 1931 762 1991 über
795 1930 852 1990 das
885 1931 1080 1991 Recitativ,
1112 1930 1206 1990 erster

198 1977 378 2037 Abschnitt.
441 1980 491 2040 2)
526 1982 728 2042 Fortsetzung
762 1978 818 2038 von
858 1978 1196 2038 Winkelmanns
1242 1975 1326 2035 einem
1372 1972 1484 2032 Hause
1518 1969 1653 2029 einerley
1682 1966 1884 2026 Anführung
1919 1965 1980 2025 und
2015 1963 2166 2023 Bildung
2201 1963 2251 2023 ge¬

194 2024 384 2084 Geschichte
411 2028 463 2088 der
496 2031 622 2091 Kunst.
680 2028 723 2088 3)
755 2028 961 2088 Marmontel
982 2028 1087 2088 Poesie
1120 2025 1209 2085 fran-

191 2073 313 2133 goise,
350 2076 399 2136 T.
418 2077 472 2137 II.
522 2082 570 2142 4)
596 2079 871 2139 Dithyramben.
921 2080 969 2140 5)
995 2078 1202 2138 Gedoppelte
1240 2072 1288 2132 dig
1320 2072 1374 2132 vor
1406 2069 1515 2129 Augen
1553 2066 1706 2126 gehabten
1737 2062 1822 2122 Fleiß
1860 2058 2086 2118 bekräftigen;
2117 2058 2178 2118 und
2203 2058 2239 2118 es

195 2124 314 2184 Probe
337 2126 422 2186 einer
445 2128 541 2188 neuen
570 2130 723 2190 Zeitung.
775 2132 819 2192 6)
848 2130 1012 2190 d'Orville
1035 2130 1126 2190 sicula
1149 2127 1211 2187 &c.

198 2169 240 2229 7)
268 2175 467 2235 Vermischte
489 2180 699 2240 Nachrichten
732 2181 786 2241 von
813 2182 910 2242 neuen
943 2181 1115 2241 Büchern,
1137 2181 1206 2241 Ku¬

188 2222 372 2282 pferstichen
411 2224 470 2284 und
498 2228 682 2288 Gemälden
721 2231 780 2291 aus
808 2231 986 2291 England,
1015 2231 1188 2291 Frankreid

193 2268 257 2328 und
296 2270 452 2330 Italien.
513 2272 588 2332 Die
621 2276 788 2336 Verfasser
817 2281 930 2341 fahren
968 2281 1114 2341 hienebst
1148 2279 1206 2339 mit

195 2318 399 2378 gleichsamen
430 2318 514 2378 Fleiß
538 2321 629 2381 fort,
653 2327 731 2387 alles
768 2328 834 2388 was
871 2330 1057 2390 interessant
1082 2330 1148 2390 ist,
1173 2330 1196 2390 zu
1239 2327 1293 2387 als
1318 2326 1383 2386 jetzt
1402 2324 1498 2384 nutzen
1529 2319 1649 2379 möchte

194 2366 379 2426 summlen,
406 2366 464 2426 und
491 2366 517 2426 in
544 2369 629 2429 ihren
661 2373 766 2433 eignen
799 2378 963 2438 Urtheilen
990 2381 1127 2441 herrscht
1159 2378 1212 2438 tie¬

193 2413 225 2473 fe
248 2413 413 2473 Einsicht,
436 2414 713 2474 Bescheidenheit
741 2424 801 2484 und
830 2426 912 2486 reife
929 2429 1056 2489 Kritik.
1129 2426 1206 2486 Wir

200 2461 317 2521 connen
350 2461 396 2521 bey
429 2458 522 2518 dieser
547 2464 766 2524 Gelegenheit
783 2473 869 2533 unsre
893 2478 1011 2538 Freude
1035 2479 1121 2539 nicht
1138 2476 1208 2536 ver=
1233 2473 1398 2533 mermehr
1422 2470 1634 2530 gekünstelten
1674 2470 1737 2530 und
1777 2461 2012 2521 wollüstelnden
2045 2453 2241 2513 Geschmack

195 2509 365 2569 läugnen,
394 2509 426 2569 da
449 2509 509 2569 wir
527 2511 680 2571 gefunden
714 2518 840 2578 haben,
869 2524 923 2584 daß
952 2527 984 2587 sie
1007 2527 1056 2587 dem
1101 2527 1183 2587 Herr

198 2559 370 2619 Professor
397 2560 742 2620 Willamovius,
770 2567 815 2627 dem
856 2573 1022 2633 Verfasser
1056 2575 1108 2635 der
1135 2575 1214 2635 Die
1241 2572 1300 2632 wir
1328 2572 1406 2632 nicht
1434 2569 1520 2629 jetzt,
1547 2569 1599 2629 dem
1640 2566 1779 2626 Verfall
1799 2558 1852 2618 der
1880 2551 2078 2611 gründlichen
2105 2551 2250 2611 Wissen¬

189 2611 450 2671 thyramben
486 2611 729 2671 Gerechtigkeit
747 2619 980 2679 wiederfahren
1009 2623 1125 2683 laßen,
1144 2626 1218 2686 wel¬

186 2658 259 2718 ches
294 2660 385 2720 selten
425 2658 511 2718 einem
563 2661 767 2721 preußischen
803 2667 945 2727 Dichter
980 2673 1213 2733 wiederfährt.

195 2701 267 2761 Sie
290 2709 378 2769 sagen
407 2709 468 2769 mit
491 2709 585 2769 vieler
613 2709 814 2769 Richtigkeit
831 2716 958 2776 davon:

191 2746 262 2806 „ter
287 2757 346 2817 hat
365 2759 413 2819 den
444 2757 509 2817 Ton
540 2760 587 2820 der
613 2760 853 2820 Dithyramben
884 2765 950 2825 sehr
974 2766 1065 2826 wohl
1090 2772 1209 2832 getrof=
1240 2772 1300 2832 lust
1319 2767 1348 2827 so
1373 2766 1439 2826 sehr
1464 2760 1608 2820 steigen,
1633 2757 1692 2817 wie
1717 2754 1752 2814 sie
1771 2754 1794 2814 in
1825 2754 1910 2814 jenen
1940 2757 2084 2817 Ländern
2109 2757 2139 2817 zu
2169 2757 2235 2817 eben

190 2799 294 2859 *fen,
332 2808 393 2868 und
424 2808 479 2868 der
504 2808 688 2868 Vorschrift
715 2811 769 2871 des
801 2814 942 2874 Horaz
973 2817 997 2877 in
1035 2821 1207 2881 Beschrei=
1239 2822 1288 2882 den
1325 2815 1460 2875 Verfall
1486 2811 1633 2871 gestiegen
1670 2807 1800 2867 waren.
1862 2808 1985 2868 Kostet
2010 2808 2034 2868 in
2072 2808 2126 2868 der
2158 2805 2250 2865 Kan¬

197 2855 341 2915 "bungen
378 2855 425 2915 der
444 2858 662 2918 pindarischen
693 2860 964 2920 Dithyramben,

344 2904 487 2964 Semper
504 2906 637 2966 audaces
660 2906 742 2966 nova
776 2912 1003 2972 dithyrambos

347 2954 439 3014 verba
475 2957 627 3017 devoluit
645 2960 854 3020 numerisque
879 2962 977 3022 fertur

1248 1732 1317 1792 der
1349 1733 1379 1793 er
1405 1730 1568 1790 gefolget,
1594 1728 1731 1788 ziemlich
1763 1724 1806 1784 ein
1838 1724 1963 1784 Gnüge
1995 1724 2139 1784 gethan,
2165 1721 2189 1781 er
2215 1718 2252 1778 ist

1266 1834 1363 1894 sieht,
1380 1831 1433 1891 daß
1461 1828 1493 1888 er
1515 1828 1563 1888 die
1586 1825 1661 1885 alten
1694 1825 1785 1885 wohl
1802 1822 1873 1882 inne
1895 1822 1981 1882 hat."
2041 1818 2100 1878 Da
2122 1819 2176 1879 der
2193 1818 2251 1878 Re¬

1232 1882 1361 1942 eensent
1393 1878 1444 1938 der
1470 1876 1543 1936 erste
1575 1873 1772 1933 jugendliche
1798 1870 1922 1930 Freund
1954 1868 2005 1928 des
2032 1869 2141 1929 Herrn
2167 1867 2260 1927 Pro¬

1237 1928 1348 1988 fessors
1380 1924 1549 1984 gewesen,
1571 1923 1633 1983 und
1666 1921 1771 1981 etliche
1798 1918 1908 1978 Jahre
1936 1916 2009 1976 lang
2041 1915 2104 1975 mit
2126 1915 2178 1975 ihm
2216 1915 2236 1975 in

1234 2023 1334 2083 nossen
1367 2020 1440 2080 hat:
1468 2017 1494 2077 so
1521 2018 1594 2078 kann
1627 2017 1658 2077 er
1680 2017 1737 2077 das
1754 2014 1886 2074 Urtheil
1902 2011 1960 2071 aus
1987 2008 2082 2068 seinem
2125 2011 2252 2071 bestän¬

1230 2121 1307 2181 wird
1336 2122 1436 2182 gewiß
1464 2121 1503 2181 ein
1532 2118 1631 2178 jeder,
1654 2114 1710 2174 der
1733 2112 1816 2172 seine
1839 2109 1972 2169 Stärke
1990 2109 2017 2169 in
2045 2109 2095 2169 der
2118 2109 2251 2169 griechi¬

1233 2175 1313 2235 schen
1349 2175 1528 2235 Sprache,
1564 2171 1592 2231 in
1633 2169 1679 2229 der
1709 2163 1830 2223 Poesie
1860 2160 1917 2220 und
1952 2160 2103 2220 Malerey
2139 2161 2254 2221 kennt,

1230 2226 1421 2286 wünschen,
1445 2224 1497 2284 daß
1526 2221 1683 2281 Preußen
1713 2217 1811 2277 diesen
1841 2217 1939 2277 seinen
1969 2214 2073 2274 Sohn
2097 2213 2155 2273 auf
2179 2211 2247 2271 eine

1235 2276 1331 2336 beßre
1360 2275 1444 2335 Art,
1473 2273 1535 2333 und
1564 2273 1591 2333 in
1626 2270 1715 2330 mehr
1744 2264 2015 2324 vortheilhaftern
2044 2264 2247 2324 Aussichten,

1885 2312 1958 2372 Die
1982 2312 2114 2372 übrigen
2138 2309 2246 2369 Nacht

1229 2375 1347 2435 richten
1384 2374 1435 2434 von
1472 2372 1523 2432 den
1560 2372 1700 2432 neuesten
1737 2366 1871 2426 Werken
1908 2363 1959 2423 der
1991 2360 2146 2420 Malerey
2178 2357 2239 2417 und

1234 2423 1521 2483 Bildhauerkunst
1541 2422 1601 2482 sind
1627 2420 1793 2480 abermals
1819 2411 1970 2471 Beweise
1995 2405 2051 2465 von
2087 2405 2141 2465 dem
2187 2404 2247 2464 im¬

1234 2522 1345 2582 unsrer
1377 2521 1503 2581 Zeiten.
1551 2518 1624 2578 Die
1652 2515 1830 2575 Nachwelt
1857 2508 1936 2568 wird
1963 2506 1994 2566 es
2026 2503 2158 2563 lehren,
2195 2503 2232 2563 ob

1240 2626 1364 2686 schaften
1392 2621 1451 2681 und
1479 2617 1527 2677 der
1549 2617 1679 2677 wahren
1707 2605 1978 2665 Glückseligkeit,
2011 2602 2070 2662 wie
2098 2605 2238 2665 ehemals

1242 2670 1478 2730 Griechenland
1508 2667 1567 2727 und
1585 2664 1655 2724 Rom
1692 2658 1839 2718 entgegen
1870 2652 1975 2712 eilen;
2000 2652 2082 2712 weil
2100 2655 2147 2715 die
2165 2657 2253 2717 sinn¬

1008 2720 1088 2780 Der
1112 2721 1210 2781 Dich=
1239 2721 1331 2781 lichen
1373 2718 1493 2778 Künste
1522 2712 1574 2772 zum
1627 2707 1748 2767 Dienst
1778 2706 1829 2766 der
1853 2703 1956 2763 Laster
1986 2705 2049 2765 und
2085 2705 2136 2765 der
2160 2706 2251 2766 Wol¬

1231 2870 1357 2930 terschen
1396 2861 1669 2921 Buchhandlung
1701 2858 1847 2918 allhier,
1866 2858 1929 2918 wie
1961 2860 2031 2920 auch
2069 2858 2094 2918 in
2127 2856 2240 2916 Elbing

1246 2921 1305 2981 und
1340 2917 1451 2977 Mitau
1487 2915 1503 2975 1
1539 2917 1581 2977 fl.
1599 2915 1615 2975 9
1650 2915 1701 2975 gr.

2105 2957 2254 3017 Augs¬
