2479 3508
228 309 304 369 Und
348 312 440 372 wenn
490 310 555 370 dich
599 309 686 369 mein

731 312 859 372 Gesang
906 312 975 372 jetzt
1017 312 1238 372 Freundin

741 361 885 421 wen’ger
917 360 1034 420 rührt,

230 407 293 467 So
334 410 426 470 tadle
467 410 559 470 nicht
600 410 680 470 mein

728 411 850 471 Herz,
892 410 973 470 denk
1020 410 1101 470 mein
1155 410 1253 470 Apoll

739 458 905 518 kampirt.

291 528 338 588 An
375 533 593 593 Aemilien
636 536 714 596 über

749 536 800 596 die
830 536 975 596 Quellen
1016 536 1143 596 meines
1174 533 1265 593 Ver¬

243 582 420 642 gnügens,
449 583 551 643 Seite
575 586 614 646 1.

283 682 420 742 Kleist
450 683 515 743 war
552 685 689 745 einstens
725 682 791 742 dein
827 682 987 742 Freund,
1012 684 1065 744 der
1096 684 1167 744 fürs
1197 678 1268 738 Va¬

746 730 875 790 terland
909 730 1066 790 hinsank,

234 778 317 838 Von
362 782 417 842 der
451 784 689 844 Freundschaft
723 781 894 841 beweint,
934 784 994 844 und
1039 782 1094 842 den
1134 778 1250 838 Musen

748 831 929 891 betraurt:

239 879 350 939 Nimm
396 879 473 939 statt
502 881 602 941 seiner
637 882 709 942 mich
748 879 804 939 an,
832 882 904 942 mich
939 881 989 941 der
1023 882 1078 942 bey
1112 879 1246 939 gleichem

758 931 907 991 Geschick

245 976 363 1036 Seine
395 979 500 1039 Muse
525 981 574 1041 sich
612 983 773 1043 wünscht.

295 1050 410 1110 Schön
457 1057 548 1117 durch
584 1055 687 1115 Duft
722 1055 785 1115 und
826 1049 964 1109 Gestalt
1005 1049 1161 1109 schmückt
1202 1046 1253 1106 den

757 1100 885 1160 Garten
924 1100 972 1160 die
1005 1097 1112 1157 Rose,

755 1150 924 1210 stralenlos
967 1148 1072 1208 merkt
1115 1148 1157 1208 sie
1194 1142 1257 1202 kein

244 1148 468 1208 Nachtviolen
515 1151 615 1211 blühn
664 1151 727 1211 still

758 1196 865 1256 Aug:

785 1243 900 1303 Genie
934 1243 1022 1303 nicht
1055 1240 1110 1300 den
1149 1240 1254 1300 Busen

241 1244 352 1304 Wenn
388 1246 487 1306 gleich
523 1246 746 1306 Kleistens

762 1294 892 1354 erhitzt,

242 1342 363 1402 Denkt
395 1345 424 1405 er
456 1346 522 1406 doch
560 1346 700 1406 redlich,
725 1346 822 1406 gleich
854 1345 944 1405 ihm.

749 1422 848 1482 Seite
877 1420 943 1480 207
977 1415 993 1475 —
1061 1418 1150 1478 Eine
1178 1419 1267 1479 Obe,

299 1422 346 1482 An
389 1422 499 1482 Herrn
535 1423 721 1483 Leßing,

247 1473 300 1533 die
319 1475 500 1535 vorzüglich
538 1476 695 1536 anfängt,
720 1476 780 1536 und
817 1474 1047 1534 ausgemachte
1084 1473 1271 1533 Schönhei¬

242 1522 291 1582 ten
322 1524 452 1584 enthält
478 1522 492 1582 —

247 1616 347 1676 Mein
396 1619 483 1679 Lob,
511 1621 592 1681 mein
640 1622 769 1682 Stolz,
803 1620 884 1680 mein
925 1618 1067 1678 Wunsch
1102 1616 1169 1676 ist,
1203 1615 1257 1675 daß

755 1664 837 1724 einst
866 1664 977 1724 wenge
1007 1661 1132 1721 sagen:

247 1707 294 1767 Es
332 1710 401 1770 war
433 1714 485 1774 sein
523 1712 607 1772 Herz
640 1710 698 1770 wie
730 1709 889 1769 Kleists
926 1709 984 1769 und
1022 1706 1260 1766 Klopstocks

762 1757 854 1817 Lied.

311 1831 376 1891 Aus
405 1831 492 1891 einer
522 1831 594 1891 Ode
625 1828 653 1888 an
697 1828 747 1888 die
770 1830 857 1890 Frau
886 1828 944 1888 von
982 1828 1031 1888 C.
1054 1825 1163 1885 Seite
1185 1825 1271 1885 229,

241 1882 355 1942 welche
384 1884 560 1944 gleichfalls
595 1880 663 1940 sehr
693 1882 875 1942 vorzüglich
904 1881 1109 1941 ausgefallen
1144 1872 1155 1932 —
1219 1870 1235 1930 —

247 1936 325 1996 Wir
349 1936 445 1996 geben
474 1936 552 1996 diese
576 1936 774 1996 aufgestellte
803 1935 927 1995 Stücke
945 1935 1001 1995 auf
1024 1933 1177 1993 keinerley
1206 1930 1268 1990 Art

246 1991 298 2051 für
320 1987 362 2047 die
384 1987 537 2047 schönsten
564 1986 648 2046 aus,
660 1987 733 2047 denn
760 1984 850 2044 wenn
877 1984 935 2044 wir
962 1984 1041 2044 diese
1063 1984 1120 2044 aus
1147 1981 1200 2041 der
1222 1979 1269 2039 ge¬

251 2037 473 2097 genwärtigen
506 2037 717 2097 Sammlung
744 2037 902 2097 anführen
929 2034 1077 2094 wollten,
1104 2031 1130 2091 so
1157 2031 1267 2091 würde

252 2089 283 2149 es
311 2088 364 2148 zur
386 2085 672 2145 Partheylichkeit
695 2085 932 2145 ausschlagen,
965 2084 1056 2144 wenn
1095 2079 1153 2139 wir
1181 2081 1266 2141 nicht

252 2136 327 2196 auch
365 2136 467 2196 einige
506 2136 694 2196 schwächere
738 2134 905 2194 aufsuchen
949 2134 1056 2194 sollten
1079 2127 1094 2187 -

1183 2129 1266 2189 Wir

250 2181 417 2241 wünschen
447 2181 495 2241 dem
530 2182 629 2242 Herrn
654 2181 954 2241 Kammersecretär
969 2180 1028 2240 aus
1053 2175 1259 2235 aufrichtigen

251 2231 377 2291 Herzen
405 2229 431 2289 so
458 2229 521 2289 viel
543 2229 653 2289 Muße
670 2229 723 2289 als
744 2229 797 2289 ihm
845 2229 898 2289 der
919 2229 1020 2289 Krieg
1042 2224 1274 2284 zugestanden,

254 2279 291 2339 um
344 2276 428 2336 seine
455 2276 560 2336 jetzige
593 2276 745 2336 ruhigere
773 2276 951 2336 Situation
984 2276 1009 2336 in
1048 2273 1269 2333 Friedenslie¬

248 2329 316 2389 dern
349 2327 488 2387 besingen
521 2327 547 2387 zu
574 2327 719 2387 können.
774 2324 891 2384 Kostet
913 2326 939 2386 in
977 2324 1030 2384 der
1052 2321 1261 2381 Kanterschen

249 2380 522 2440 Buchhandlung
551 2378 693 2438 allhier,
716 2377 778 2437 wie
802 2375 870 2435 auch
899 2377 921 2437 in
950 2377 1069 2437 Elbing
1110 2375 1167 2435 und
1196 2375 1275 2435 Mi=

255 2432 306 2492 tau
346 2432 358 2492 2
385 2435 424 2495 fl.
444 2433 456 2493 6
483 2432 541 2492 gr.

663 2479 863 2539 Leipzig.

308 2533 556 2593 „Abbildüngen
593 2532 653 2592 und
684 2527 1078 2587 Lebensbeschreibungen
1115 2527 1272 2587 berühm¬

260 2578 321 2638 "ter
350 2586 547 2646 Gelehrten.
587 2581 683 2641 Erste
712 2578 949 2638 Sammlung,
972 2578 1028 2638 mit
1057 2578 1096 2638 12
1125 2578 1265 2638 Kupfer¬

1008 2624 1078 2684 Der
1111 2626 1267 2686 Heraus¬

274 2632 416 2692 stichen,
449 2635 461 2695 8
494 2635 610 2695 Bogen
643 2631 668 2691 in
708 2629 798 2689 8vo,
824 2629 940 2689 1764.

252 2679 348 2739 geber
371 2682 575 2742 entschuldigt
603 2682 656 2742 das
684 2679 954 2739 Unternehmen,
987 2676 1067 2736 diese
1089 2676 1267 2736 Lebensbe¬

253 2727 472 2787 schreibungen
507 2730 541 2790 zu
577 2733 715 2793 liefern,
739 2730 872 2790 damit,
902 2727 959 2787 daß
994 2727 1040 2787 ihm
1093 2724 1161 2784 eine
1185 2725 1260 2785 gute

253 2778 388 2838 Anzahl
413 2778 636 2838 Kupferstiche
661 2781 719 2841 von
755 2779 931 2839 Gelehrten
968 2778 1114 2838 geschickt
1133 2775 1262 2835 wären,

250 2830 299 2890 die
331 2829 404 2889 sehr
436 2829 534 2889 getreu
572 2832 690 2892 copiret
722 2834 814 2894 sind;
845 2833 957 2893 wobey
995 2832 1068 2892 man
1113 2828 1267 2888 verlangt

1285 312 1369 372 hat,
1393 312 1465 372 auch
1494 314 1702 374 Nachrichten
1742 315 1798 375 von
1838 315 1922 375 ihren
1957 315 2227 375 Begebenheiten
2267 321 2300 381 zu

1281 360 1384 420 lesen.
1433 362 1482 422 Es
1517 363 1659 423 kommen
1694 363 1722 423 in
1757 364 1855 424 dieser
1880 366 2095 426 Sammlung
2130 366 2228 426 unter
2258 369 2321 429 an¬

1287 410 1359 470 dern
1391 410 1442 470 die
1468 412 1639 472 berühmte
1665 413 1758 473 Leben
1795 413 1847 473 des
1878 415 2209 475 Savonarola,
2236 416 2313 476 Pa¬

1628 458 1696 518 Eck
1739 456 1754 516 —
1823 464 2091 524 Brentins,
2129 464 2307 524 George

1292 461 1495 521 racelsus

1298 509 1391 569 Fürst
1414 509 1464 569 von
1498 509 1636 569 Anhalt.
1665 505 1681 565 —
1742 512 2036 572 Campanella

2150 515 2319 575 Janse¬

1292 554 1392 614 nius
1428 554 1437 614 —
1498 557 1685 617 Boßuet
1711 554 1725 614 —
1791 557 1857 617 und
1893 563 2185 623 Bourdalque
2226 563 2311 623 vor;

1294 605 1342 665 die
1364 607 1391 667 in
1418 607 1504 667 einer
1527 606 1705 666 ziemlichen
1738 603 1830 663 guten
1858 610 2063 670 Schreibart
2086 613 2166 673 nicht
2188 613 2312 673 sowohl

1302 655 1368 715 nach
1400 658 1533 718 einzelen
1564 655 1774 715 Anekdoten,
1800 653 1851 713 als
1878 656 1944 716 nach
1985 660 2036 720 dem
2073 664 2175 724 Faden
2217 664 2303 724 eines

1299 706 1508 766 allgemeinen
1549 706 1650 766 Laufs
1685 703 1775 763 ihrer
1810 703 1957 763 Jahre,
1997 712 2319 772 Beschäftigungen,

1299 754 1361 814 und
1384 757 1610 817 Handlungen
1638 752 1830 812 beschrieben
1859 754 2005 814 werden.
2062 757 2107 817 Es
2141 760 2180 820 ist
2209 763 2316 823 billig,

1305 801 1355 861 daß
1388 802 1451 862 man
1483 804 1533 864 bey
1567 804 1617 864 den
1644 801 1918 861 Schwachheiten
1944 801 2039 861 dieser
2065 804 2180 864 großen
2206 813 2314 873 Män¬

1298 849 1380 909 ner,
1406 852 1576 912 dasjenige
1598 849 1913 909 Gedenksprüchlein
1945 852 2038 912 unter
2064 855 2125 915 alle
2152 855 2224 915 ihre
2251 860 2317 920 Ku¬

1306 895 1370 955 pfer
1393 899 1479 959 setzen
1512 903 1658 963 möchte,
1685 900 1755 960 was
1788 900 1841 960 der
1864 903 2026 963 Verfasser
2059 903 2085 963 im
2129 903 2220 963 Leben
2259 907 2307 967 des

1300 948 1478 1008 Flacius
1517 951 1718 1011 angebracht
1756 951 1843 1011 hat:
1903 952 2005 1012 "Der
2049 954 2212 1014 Gelehrte
2256 957 2320 1017 lebt

1300 991 1403 1051 „noch
1430 997 1517 1057 durch
1545 1001 1625 1061 seine
1648 998 1853 1058 Schriften,
1881 1001 1973 1061 wenn
2012 1004 2060 1064 der
2093 1007 2223 1067 Mensch
2256 1007 2320 1067 mit

1327 1045 1427 1105 seinen
1459 1046 1591 1106 Fehlern
1618 1049 1723 1109 längst
1745 1049 1903 1109 begraben
1930 1054 1982 1114 ist.
2052 1058 2321 1118 Savonaro¬

1299 1094 1367 1154 la,
1394 1093 1473 1153 wird
1495 1096 1542 1156 als
1569 1097 1610 1157 ein
1643 1100 1732 1160 guter
1754 1100 1881 1160 Christ,
1908 1103 1965 1163 und
1993 1103 2076 1163 nicht
2098 1106 2145 1166 als
2178 1108 2219 1168 ein
2241 1108 2320 1168 Zau¬

1305 1142 1413 1202 berer,
1440 1142 1549 1202 wofür
1570 1148 1637 1208 man
1664 1149 1715 1209 ihn
1747 1148 1871 1208 ehmals
1898 1151 2001 1211 halten
2028 1154 2152 1214 wollte,
2174 1157 2329 1217 beschrie¬

1304 1191 1383 1251 ben,
1408 1192 1467 1252 und
1497 1196 1695 1256 Paracelsus
1725 1198 1888 1258 bekommt
1908 1198 1977 1258 auch
2007 1201 2091 1261 einen
2116 1202 2230 1262 bessern
2260 1203 2328 1263 An¬

1303 1243 1413 1303 strich,
1439 1242 1488 1302 als
1509 1240 1599 1300 wenn
1625 1243 1655 1303 er
1681 1245 1740 1305 mit
1761 1244 1811 1304 dem
1852 1246 1952 1306 Stein
1983 1247 2033 1307 der
2059 1247 2209 1307 Weisen,
2240 1252 2310 1312 oder

1303 1291 1369 1351 mit
1392 1294 1475 1354 einer
1498 1293 1725 1353 Goldtinktur
1747 1294 1931 1354 gezeichnet
1948 1295 2058 1355 wäre.

2105 1298 2178 1358 Die
2201 1303 2319 1363 Nach=

1306 1345 1381 1405 welt
1409 1347 1478 1407 muß
1517 1347 1636 1407 immer
1669 1346 1717 1406 die
1745 1345 1956 1405 unbestochne
1989 1350 2157 1410 Richterin
2201 1351 2314 1411 großer

1307 1399 1437 1459 Geister
1473 1399 1573 1459 seyn,
1603 1399 1667 1459 und
1703 1399 1768 1459 dies
1804 1399 1845 1459 ist
1876 1399 1928 1459 der
1952 1401 2052 1461 Trost
2082 1400 2135 1460 für
2165 1402 2312 1462 wichtige

1306 1448 1485 1508 Männer,
1512 1448 1564 1508 die
1592 1446 1649 1506 von
1687 1449 1771 1509 ihren
1803 1449 2019 1509 Zeitgenossen
2051 1452 2215 1512 verkannt
2242 1452 2320 1512 wer¬

1305 1497 1392 1557 den,
1419 1497 1496 1557 daß,
1517 1497 1594 1557 falls
1626 1497 1677 1557 der
1698 1500 1847 1560 Himmel
1874 1500 1899 1560 in
1931 1500 1982 1560 den
2008 1500 2147 1560 nächsten
2179 1503 2318 1563 hundert

1306 1548 1436 1608 Jahren
1464 1547 1512 1607 die
1535 1545 1627 1605 Welt
1644 1548 1714 1608 noch
1737 1548 1824 1608 nicht
1841 1551 1895 1611 gar
1923 1551 2113 1611 untergehen
2146 1554 2227 1614 läßt,
2255 1553 2325 1613 der¬

1306 1595 1382 1655 einst
1399 1596 1470 1656 noch
1508 1596 1578 1656 ihre
1596 1596 1792 1656 Verdienste
1825 1596 1884 1656 aus
1918 1599 1967 1659 dem
2011 1601 2152 1661 Staube
2175 1602 2311 1662 gezogen

1304 1640 1428 1700 werden
1462 1643 1609 1703 können.
1682 1643 1762 1703 Nur
1796 1642 1854 1702 das
1888 1643 1959 1703 eine
1988 1646 2136 1706 beklagen
2180 1649 2241 1709 wir
2266 1650 2318 1710 da¬

1305 1685 1360 1745 bey
1396 1684 1410 1744 -

1463 1684 1524 1744 daß
1554 1685 1620 1745 man
1649 1688 1725 1748 denn
1759 1686 1850 1746 wohl
1870 1687 1922 1747 der
1946 1691 2113 1751 gefälligen
2142 1697 2319 1757 Nachwelt

1309 1730 1434 1790 zurufen
1465 1733 1606 1793 möchte:
1637 1732 1717 1792 Wer
1743 1731 1818 1791 wird
1844 1733 1894 1793 dir
1915 1733 1939 1793 in
1970 1733 2020 1793 der
2046 1737 2142 1797 Hölle
2163 1742 2313 1802 danken?

1307 1775 1381 1835 Die
1423 1781 1649 1841 Kupferstiche
1684 1783 1823 1843 scheinen
1875 1785 1950 1845 sehr
1992 1788 2090 1848 genau
2137 1792 2171 1852 zu
2229 1796 2321 1856 seyn.

1310 1825 1484 1885 Boßuet
1517 1831 1577 1891 und
1610 1831 1909 1891 Bourdaloue
1937 1836 2040 1896 haben
2079 1841 2138 1901 uns
2166 1843 2203 1903 am
2248 1846 2323 1906 mei¬

1305 1882 1361 1942 sten
1401 1882 1582 1942 vergnügt.
1628 1885 1707 1945 Der
1736 1885 1808 1945 erste
1838 1888 1894 1948 hat
1928 1891 2002 1951 allen
2036 1894 2324 1954 Weltgeschmack,

1307 1934 1367 1994 und
1401 1936 1451 1996 die
1479 1939 1624 1999 geheime
1653 1939 1842 1999 Intriguen
1876 1939 1898 1999 in
1938 1942 2037 2002 seinem
2078 1944 2227 2004 Gesicht,
2256 1945 2316 2005 und

1309 1987 1595 2047 Bourdaloue
1634 1990 1693 2050 sitzt
1720 1990 1785 2050 mit
1812 1989 2147 2049 niedergeschlagenen
2186 1996 2320 2056 Augen,

1301 2034 1347 2094 als
1379 2034 1467 2094 wenn
1498 2037 1539 2097 ein
1576 2039 1690 2099 Jesuit
1717 2037 1815 2097 seinen
1847 2037 2013 2097 betrubten
2050 2041 2309 2101 Beichttöchtern

1309 2085 1476 2145 Pönitenz
1493 2083 1634 2143 auflegt.
1694 2082 1780 2142 Auch
1814 2080 1873 2140 sind
1912 2082 1960 2142 die
1987 2087 2188 2147 Charaktere
2216 2091 2312 2151 dieser

1308 2130 1421 2190 beyden
1459 2127 1615 2187 Männer
1643 2128 1729 2188 schön
1762 2130 1967 2190 geschildert.
2011 2136 2308 2196 Bourdaloue

1305 2178 1380 2238 that
1408 2178 1456 2238 den
1494 2178 1613 2238 Armen
1652 2175 1716 2235 viel
1733 2178 1873 2238 Gutes:
1901 2178 1997 2238 diesen
2030 2182 2095 2242 Zug
2128 2184 2306 2244 empfehlen

1306 2227 1365 2287 wir
1388 2226 1501 2286 unsern
1534 2226 1647 2286 reichen
1685 2226 1777 2286 fetten
1810 2229 1934 2289 Herren
1962 2231 1988 2291 zu
2016 2232 2188 2292 beliebiger
2211 2237 2318 2297 Nach¬

1306 2276 1470 2336 ahmung,
1494 2276 1629 2336 schenken
1658 2276 1754 2336 ihnen
1783 2279 1850 2339 auch
1879 2279 1975 2339 dafür
1999 2281 2044 2341 die
2067 2287 2310 2347 Nachahmung

1308 2321 1334 2381 in
1367 2324 1421 2384 der
1443 2324 1691 2384 Beredsamkeit
1719 2327 1773 2387 des
1795 2330 1843 2390 P.
1865 2330 1940 2390 B.,
1963 2330 2022 2390 von
2060 2333 2108 2393 der
2136 2339 2314 2399 geurtheilt

1306 2372 1413 2432 wird,
1448 2375 1504 2435 daß
1544 2375 1583 2435 sie
1612 2377 1713 2437 wenig
1748 2381 1872 2441 biblisch
1907 2381 1968 2441 und
1997 2387 2178 2447 christlich,
2218 2390 2314 2450 mehr

1306 2424 1538 2484 philosophisch
1568 2426 1701 2486 gewesen
1725 2429 1794 2489 sey.
1853 2434 1917 2494 Ein
1947 2435 2039 2495 reifes
2069 2437 2220 2497 Urtheil,
2250 2440 2295 2500 dem

1308 2471 1357 2531 der
1380 2473 1562 2533 Recensent
1585 2475 1635 2535 bey
1669 2478 1741 2538 allen
1774 2480 1885 2540 bisher
1908 2483 2018 2543 häufig
2041 2488 2101 2548 auf
2124 2487 2179 2547 den
2208 2488 2312 2548 Pater

1306 2524 1593 2584 Bourdaloue
1630 2533 1907 2593 verschwendeten
1950 2533 2163 2593 Lobsprüchen
2206 2539 2317 2599 längst

1296 2575 1496 2635 beygetreten
1519 2575 1573 2635 ist.
1619 2581 1830 2641 Boßuets
1864 2584 2008 2644 Ehrgeiz
2036 2581 2047 2641 —
2109 2584 2241 2644 Betrug
2264 2585 2280 2645 -

1299 2623 1324 2683 in
1356 2626 1453 2686 seinem
1496 2626 1723 2686 Catechismus
1760 2629 1770 2689 —
1833 2632 1946 2692 Unart
1963 2632 1988 2692 in
2025 2629 2081 2689 den
2108 2632 2227 2692 Streit
2258 2635 2320 2695 mit

1302 2673 1356 2733 dem
1400 2676 1615 2736 Fenelön,
1654 2682 1718 2742 und
1756 2681 1837 2741 seine
1875 2679 2026 2739 geheime
2064 2680 2215 2740 Heyrath
2248 2683 2312 2743 mit

1302 2722 1356 2782 der
1389 2724 1460 2784 des
1504 2727 1640 2787 Vieux
1684 2730 1803 2790 werden
1848 2729 1929 2789 ganz
1962 2727 2207 2787 unpartheyisch
2252 2735 2322 2795 ent¬

1299 2775 1393 2835 deckt.
1466 2777 1582 2837 Kostet
1610 2778 1638 2838 in
1678 2781 1916 2841 vorbemeldten
1950 2781 2167 2841 Kanterschen
2201 2787 2311 2847 Buch=

1307 2829 1508 2889 handlungen
1544 2832 1555 2892 1
1580 2832 1620 2892 fl.
