2479 3508
569 1578 685 1638 16tes
725 1584 873 1644 Stück.
936 1581 1139 1641 Montag,
1179 1584 1232 1644 den
1280 1587 1366 1647 25.
1398 1584 1593 1644 Februar,
1633 1587 1780 1647 1765.

561 1661 763 1721 Leipzig.

202 1716 297 1776 Der
317 1721 399 1781 Frau
432 1718 680 1778 Beaumont
706 1718 840 1778 nöthige
866 1721 1146 1781 Unterweisungen

156 1760 366 1820 für
402 1767 523 1827 junges
560 1766 857 1826 Frauenzimmer,
881 1769 1015 1829 welches
1051 1772 1079 1832 in
1115 1769 1166 1829 die

135 1809 257 1869 „Welt
286 1819 358 1879 tritt
386 1816 447 1876 und
481 1813 531 1873 sich
565 1817 821 1877 verheyrathet,
850 1814 899 1874 als
933 1817 983 1877 der
1017 1819 1150 1879 Verfolg

140 1857 221 1917 „des
254 1865 439 1925 Magazins
466 1861 514 1921 für
542 1861 634 1921 junge
657 1861 765 1921 Leute,
787 1861 939 1921 übersetzt
961 1861 1015 1921 von
1048 1864 1096 1924 J.
1113 1867 1161 1927 J.

150 1912 399 1972 „Schwabe.
471 1911 493 1971 4
543 1909 675 1969 Theile.
732 1909 747 1969 2
781 1909 930 1969 Alphab.
970 1906 986 1966 6
1025 1909 1141 1969 Bogen

137 1961 293 2021 „1764.”
353 1958 429 2018 Die
462 1954 548 2014 Frau
586 1957 840 2017 Beaumont
868 1954 943 2014 wird
977 1957 1008 2017 in
1047 1959 1149 2019 dieser
1193 1954 1236 2014 ein
1264 1954 1328 2014 sehr
1350 1954 1442 2014 ofnes
1470 1953 1713 2013 Bekänntniß,
1735 1952 1826 2012 naife
1849 1951 2000 2011 Zweifel,
2022 1954 2206 2014 Gelehrig¬

145 2014 349 2074 Fortsetzung
372 2013 460 2073 ihrer
482 2008 808 2068 Erziehungsarbeit
825 2008 940 2068 immer
969 2008 1156 2068 praktischer

140 2067 204 2127 und
227 2064 473 2124 interessanter.
506 2058 577 2118 Sie
605 2061 658 2121 hat
681 2061 741 2121 nun
769 2058 828 2118 mit
850 2058 937 2118 ihren
965 2058 1167 2118 Schülerin¬

148 2116 201 2176 nen
234 2115 293 2175 alle
310 2112 521 2172 Spielwerke
543 2112 798 2172 weggeworfen,
815 2109 874 2169 und
902 2109 977 2169 hebt
994 2110 1032 2170 sie
1054 2109 1167 2169 gleich¬

154 2168 201 2228 sam
249 2166 275 2226 in
307 2163 465 2223 diejenige
502 2163 750 2223 Situationen,
783 2162 814 2222 in
846 2162 978 2222 welchen
1015 2159 1051 2219 sie
1084 2160 1162 2220 einst

147 2216 300 2276 zärtliche
322 2211 442 2271 Frauen
475 2211 537 2271 und
559 2212 722 2272 gottselige
744 2214 875 2274 Mütter
902 2211 1023 2271 werden
1050 2210 1161 2270 sollen.

147 2261 242 2321 Weit
264 2258 406 2318 entfernt
433 2257 491 2317 von
523 2258 612 2318 einer
639 2258 808 2318 kindischen
840 2261 1163 2321 Schamhaftigkeit,

139 2312 191 2372 die
207 2309 347 2369 ohnedem
384 2306 472 2366 durch
499 2309 712 2369 Verbergung
733 2306 873 2366 gewisser
895 2312 1061 2372 zärtlicher
1082 2312 1165 2372 Ma¬

144 2359 244 2419 terien
281 2357 437 2417 vielleicht
473 2356 533 2416 nur
569 2357 650 2417 desto
681 2360 914 2420 gefährlichere
945 2360 1071 2420 Funken
1107 2360 1162 2420 der

147 2407 347 2467 Neugierde
379 2402 404 2462 in
436 2402 554 2462 jungen
590 2407 796 2467 Gemüthern
833 2411 1038 2471 zurückläßt:
1070 2408 1162 2468 redet

150 2457 188 2517 sie
210 2455 270 2515 von
299 2452 348 2512 den
376 2452 531 2512 Pflichten
559 2450 608 2510 des
631 2455 785 2515 ehelichen
814 2457 930 2517 Lebens
952 2458 1162 2518 offenherzig,

153 2504 212 2564 und
240 2503 304 2563 doch
332 2500 412 2560 ohne
441 2497 662 2557 Beleidigung
690 2503 739 2563 der
761 2506 939 2566 Unschuld.
999 2506 1075 2566 Sie
1097 2506 1167 2566 läßt

150 2557 236 2617 ihren
269 2551 512 2611 Schülerinnen
540 2551 739 2611 Charaktere
762 2556 961 2616 annehmen,
978 2556 1026 2616 die
1043 2557 1156 2617 immer

147 2605 336 2665 vorfallen,
363 2602 464 2662 bloß,
499 2600 532 2660 um
573 2599 640 2659 ihre
668 2602 878 2662 Aufführung
905 2605 999 2665 dabey
1027 2605 1162 2665 vorläu=
1189 2602 1277 2662 lich,
1298 2600 1378 2660 ohne
1406 2599 1452 2659 sich
1480 2598 1528 2658 als
1556 2598 1629 2658 eine
1650 2593 1758 2653 blinde
1786 2587 1961 2647 Anbeterin
1995 2594 2197 2654 natürlicher

145 2653 188 2713 sig
211 2652 244 2712 zu
266 2652 478 2712 bestimmen.
528 2647 600 2707 Sie
623 2646 661 2706 ist
678 2648 739 2708 nun
773 2651 833 2711 eine
856 2655 1073 2715 evangelische
1096 2654 1162 2714 Leh¬

144 2697 229 2757 rerin
265 2700 471 2760 geworden,
512 2697 572 2757 und
613 2697 698 2757 redet
734 2696 789 2756 von
825 2701 880 2761 den
911 2706 1071 2766 Pflichten
1107 2703 1157 2763 des

145 2750 416 2810 Christenthums
445 2748 467 2808 so
491 2748 609 2808 strenge
632 2745 694 2805 und
717 2748 909 2808 gründlich,
933 2754 983 2814 als
1006 2754 1164 2814 vielleicht

144 2791 200 2851 vor
227 2796 273 2856 ihr
294 2798 367 2858 noch
394 2798 455 2858 kein
482 2796 757 2856 Frauenzimmer
784 2799 913 2859 geredet
940 2802 1043 2862 haben
1075 2803 1163 2863 mag.

157 2842 237 2902 Man
265 2847 345 2907 wird
366 2849 460 2909 gleich
488 2849 615 2909 finden,
643 2845 703 2905 daß
731 2844 764 2904 sie
785 2847 885 2907 weder
913 2852 980 2912 eine
1008 2855 1081 2915 bloß
1109 2852 1162 2912 na=
1197 2849 1257 2909 wie
1285 2847 1372 2907 elend
1406 2847 1486 2907 sieht
1514 2841 1581 2901 doch
1616 2841 1662 2901 die
1690 2844 1878 2904 Erziehung
1913 2846 1959 2906 des
1994 2844 2202 2904 Frauenzim¬

1187 1664 1344 1724 türliche,
1369 1664 1444 1724 noch
1468 1664 1562 1724 eine,
1592 1663 1661 1723 nach
1697 1658 1837 1718 gewissen
1867 1661 2107 1721 Hofmanieren
2143 1658 2200 1718 und

1197 1718 1346 1778 galanter
1374 1715 1551 1775 geistlicher
1579 1712 1750 1772 Buhlerey
1785 1709 2006 1769 eingerichtete
2034 1709 2205 1769 christliche

1200 1766 1380 1826 Religien,
1412 1766 1545 1826 sondern
1577 1763 1635 1823 den
1667 1763 1831 1823 wahren,
1864 1760 1954 1820 durch
1991 1757 2049 1817 alle
2082 1757 2197 1817 Lehren

1213 1814 1288 1874 JEsu
1321 1814 1369 1874 sich
1391 1813 1629 1873 verbreitenden
1657 1809 1743 1869 Ge'st
1771 1808 1819 1868 der
1835 1808 2030 1868 Erkenntniß
2057 1808 2084 1868 in
2111 1808 2186 1868 allem

1196 1860 1264 1920 was
1291 1861 1343 1921 das
1370 1860 1466 1920 Neue
1493 1858 1677 1918 Testament
1700 1858 1874 1918 vorträgt,
1896 1855 2028 1915 besitze,
2055 1855 2113 1915 und
2145 1855 2208 1915 ein¬

1193 1909 1326 1969 schärfe.
1384 1909 1451 1969 Hin
1482 1908 1539 1968 und
1570 1903 1688 1963 wieder
1710 1903 1823 1963 äußern
1860 1903 1927 1963 ihre
1953 1903 2196 1963 Schülerinnen

1190 2002 1270 2062 keit,
1301 2002 1412 2062 Witz,
1448 2002 1507 2062 und
1544 1999 1609 2059 eine
1640 1999 1751 2059 wahre
1777 1999 2004 2059 Empfindung
2040 1999 2131 2059 eines
2161 1999 2206 2059 er¬

1188 2052 1315 2112 weckten
1343 2052 1509 2112 Herzens.
1576 2047 1648 2107 Und
1682 2046 1709 2106 in
1743 2044 1842 2104 diesem
1887 2043 1986 2103 letzten
2020 2047 2097 2107 Fall
2120 2048 2197 2108 sieht

1191 2103 1257 2163 man
1297 2103 1401 2163 wohl,
1442 2100 1502 2160 daß
1536 2097 1618 2157 Frau
1664 2097 1913 2157 Beaumont
1947 2093 1997 2153 die
2031 2097 2191 2157 Stellung

1194 2156 1280 2216 eines
1307 2154 1589 2214 Gewissensraths
1617 2151 1698 2211 ohne
1720 2146 1768 2206 die
1785 2148 1980 2208 Ordination
2013 2148 2094 2208 eines
2116 2150 2197 2210 Abts

1194 2208 1269 2268 oder
1291 2205 1459 2265 geistlichen
1492 2202 1720 2262 Beichtvaters
1747 2199 1888 2259 erhalten
1915 2199 1942 2259 zu
1970 2199 2094 2259 haben,
2111 2201 2202 2261 reich¬

1186 2256 1243 2316 lich
1267 2255 1383 2315 besitzt.
1441 2256 1516 2316 Ihr
1540 2252 1621 2312 Herz
1645 2252 1679 2312 ist
1697 2252 1824 2312 Feuer,
1854 2249 1929 2309 ihre
1947 2249 2062 2309 Lehren
2086 2247 2201 2307 Weis¬

1193 2307 1284 2367 heit,
1312 2306 1388 2366 ihre
1421 2303 1529 2363 Reden
1562 2303 1816 2363 Gelindigkeit,
1843 2300 1903 2360 und
1936 2295 1984 2355 ihr
2011 2294 2109 2354 Eifer
2131 2294 2206 2354 De¬

1187 2354 1296 2414 muth.
1359 2351 1447 2411 Was
1484 2352 1557 2412 will
1589 2351 1656 2411 man
1698 2350 1754 2410 von
1797 2348 1885 2408 einer
1917 2343 2192 2403 Schriftstellerin

1192 2405 1284 2465 mehr
1306 2402 1445 2462 fodern?
1477 2402 1564 2462 Man
1596 2402 1652 2462 hat
1668 2400 1719 2460 ihr
1741 2398 1792 2458 hin
1824 2396 1880 2456 und
1906 2393 2025 2453 wieder
2041 2393 2206 2453 Vorwür¬

1188 2454 1219 2514 fe
1241 2452 1341 2512 wegen
1374 2449 1426 2509 der
1448 2449 1654 2509 katholischen
1681 2448 1867 2508 Religion,
1894 2443 1941 2503 der
1973 2440 2010 2500 sie
2032 2442 2190 2502 zugethan

1190 2503 1251 2563 ist,
1273 2500 1438 2560 gemacht;
1469 2500 1681 2560 vermuthlich
1707 2496 1737 2556 um
1779 2493 1851 2553 ihre
1873 2488 2115 2548 Schüͤlerinnen
2147 2491 2203 2551 wi¬

1188 2552 1238 2612 der
1261 2553 1293 2613 sie
1316 2551 1577 2611 aufzubringen.
1606 2546 1705 2606 Allein
1734 2542 1766 2602 sie
1789 2539 1984 2599 vertheidigt
2007 2541 2050 2601 sich
2079 2543 2201 2603 gründ¬

1189 2652 1346 2712 Lehrsätze
1364 2647 1392 2707 zu
1422 2646 1556 2706 zeigen;
1592 2643 1656 2703 und
1680 2640 1760 2700 das,
1797 2638 1866 2698 was
1895 2638 1930 2698 sie
1954 2641 1977 2701 in
2007 2641 2052 2701 der
2083 2643 2204 2703 Vorre¬

1190 2700 1226 2760 de
1258 2697 1412 2757 hierüber
1444 2694 1537 2754 sagt,
1568 2689 1648 2749 wird
1686 2688 1772 2748 einen
1816 2685 1902 2745 jeden
1940 2690 2026 2750 Leser
2058 2694 2199 2754 rühren.

1197 2745 1273 2805 Wir
1293 2745 1407 2805 können
1441 2743 1504 2803 ihre
1530 2741 1658 2801 Bücher
1678 2736 1774 2796 unter
1794 2739 1882 2799 denen
1909 2742 1998 2802 besten
2025 2745 2190 2805 ascetischen

1199 2796 1424 2856 Bibliotheken
1454 2793 1561 2853 unsrer
1584 2790 1657 2850 Zeit
1675 2790 1709 2850 am
1749 2790 1839 2850 ersten
1868 2794 2055 2854 hinstellen.
2095 2793 2196 2853 Denn

2096 2893 2200 2953 meys
