2479 3508
635 1628 751 1688 17tes
791 1628 938 1688 Stück.
993 1627 1194 1687 Freytag,
1227 1622 1288 1682 den
1335 1618 1381 1678 1.
1413 1613 1560 1673 März,
1600 1613 1747 1673 1765.

588 1709 753 1769 Halle.

151 1814 420 1874 daselbst
441 1817 745 1877 herauskommen,
774 1814 1002 1874 Gelegenheit
1023 1811 1057 1871 zu
1092 1810 1168 1870 lesen
1210 1801 1292 1861 gens
1327 1799 1389 1859 und
1432 1794 1458 1854 in
1494 1792 1548 1852 der
1577 1786 1755 1846 Anleitung
1791 1781 1825 1841 zu
1868 1775 1950 1835 einer
1978 1769 2219 1829 vollkommnen

161 1864 297 1924 Haben:
324 1864 349 1924 so
376 1864 487 1924 wollen
527 1864 585 1924 wir
612 1864 689 1924 dann
729 1863 787 1923 und
821 1861 944 1921 wann,
971 1861 1023 1921 das
1063 1857 1180 1917 Merk=
1208 1847 1429 1907 Einrichtung
1456 1840 1560 1900 unsers
1593 1834 1710 1894 Thuns
1737 1829 1795 1889 und
1822 1824 1946 1884 Laßens
1973 1819 2076 1879 setzet.
2149 1814 2233 1874 Da¬

168 1913 344 1973 würdigste
365 1912 422 1972 aus
454 1912 506 1972 dem
548 1912 703 1972 gelehrten
735 1909 864 1969 Artikel
886 1906 1015 1966 unserer
1042 1904 1176 1964 Zeitung

170 1960 409 2020 einverleiben.
458 1957 542 2017 Wir
570 1960 670 2020 haben
703 1957 925 2017 gegenwärtig
958 1954 1005 2014 die
1038 1952 1053 2012 3
1086 1951 1176 2011 ersten

175 2011 303 2071 Stucke
328 2011 426 2071 dieses
451 2009 561 2069 Jahrs
586 2010 640 2070 vor
666 2008 745 2068 uns.
814 2002 868 2062 Im
912 2005 991 2065 1sten
1022 1999 1077 2059 und
1102 1999 1175 2059 2ten
1219 1991 1409 2051 angingen,
1434 1985 1482 2045 sich
1508 1984 1611 2044 lauter
1637 1978 1729 2038 solche
1748 1975 1821 2035 auch
1846 1972 1900 2032 bey
1926 1966 1986 2026 uns
2018 1963 2085 2023 jetzt
2110 1960 2226 2020 befind¬

167 2061 279 2121 liefert
305 2061 374 2121 Hr.
393 2062 437 2122 D.
456 2062 632 2122 Joachim
683 2055 883 2115 ”historische
909 2052 1166 2112 Erläuterungen
1211 2042 1285 2102 liche
1305 2033 1556 2093 Vorstellungen
1594 2025 1675 2085 "von
1701 2020 1858 2080 Christo,
1884 2015 1983 2075 seiner
2009 2008 2128 2068 Person
2160 2008 2222 2068 und

203 2109 306 2169 zwoer
329 2110 421 2170 rarer
439 2109 548 2169 Gold=
566 2110 622 2170 und
652 2109 956 2169 Silbermünzen."
1009 2107 1066 2167 Im
1107 2098 1175 2158 3ten

180 2161 290 2221 Stuck
311 2162 401 2222 fangt
428 2161 492 2221 Hr.
500 2162 545 2222 D.
565 2163 786 2223 Semmler
819 2159 929 2219 "einen
950 2154 1086 2214 Versuch
1113 2151 1190 2211 eini=
1218 2142 1282 2202 wir
1303 2140 1354 2200 den
1381 2136 1478 2196 Hrn.
1492 2133 1537 2193 D.
1557 2130 1654 2190 gerne
1675 2124 1811 2184 fragen,
1844 2113 1902 2173 wie
1929 2112 1987 2172 wir
2007 2110 2085 2170 denn
2112 2109 2144 2169 zu
2170 2109 2228 2169 un¬

177 2199 260 2259 „ger
283 2211 382 2271 neuen
416 2211 693 2271 Beobachtungen
733 2211 810 2271 über
838 2208 944 2268 einige
967 2207 1099 2267 Stellen
1133 2202 1182 2262 des

179 2251 346 2311 „Briefes
379 2256 411 2316 an
450 2256 498 2316 die
531 2258 710 2318 Galater,"
743 2258 808 2318 an.
863 2258 949 2318 Wir
977 2255 1090 2315 wollen
1128 2252 1182 2312 von

185 2304 284 2364 diesem
323 2306 423 2366 letzten
451 2305 583 2365 Stück,
617 2306 649 2366 ob
678 2306 739 2366 wir
761 2309 855 2369 gleich
883 2307 927 2367 die
956 2305 1105 2365 Absicht,
1127 2303 1188 2363 und

188 2352 259 2412 was
287 2354 448 2414 eigentlich
488 2351 542 2411 der
571 2351 637 2411 Hr.
666 2354 709 2414 D.
732 2356 843 2416 liefern
871 2357 982 2417 wird,
1015 2356 1087 2416 noch
1116 2351 1198 2411 nicht

194 2400 374 2460 einsehen,
407 2399 484 2459 weil
517 2399 563 2459 die
596 2402 800 2462 Fortsetzung
833 2408 965 2468 künftig
998 2405 1028 2465 zu
1077 2400 1194 2460 erwar=
1227 2393 1336 2453 Zeiten
1361 2387 1423 2447 und
1448 2384 1494 2444 die
1511 2381 1628 2441 übrige
1652 2373 1896 2433 Bemühungen
1929 2364 1975 2424 des
2000 2360 2085 2420 Hrn.
2102 2354 2148 2414 D.
2165 2354 2235 2414 ken¬

189 2447 239 2507 ten
265 2449 364 2509 steyt,
391 2446 490 2506 etwas
516 2449 658 2509 weniges
684 2452 869 2512 anführen.
912 2454 1003 2514 Das
1021 2449 1104 2509 erste
1121 2449 1187 2509 was
1230 2441 1322 2501 nen,
1348 2437 1473 2497 werden
1507 2432 1600 2492 wohl
1626 2426 1759 2486 wissen,
1793 2420 1918 2480 worauf
1953 2414 1985 2474 er
2012 2408 2103 2468 zielen
2137 2404 2237 2464 mag.

187 2497 251 2557 uns
274 2497 300 2557 in
328 2497 376 2557 die
399 2496 507 2556 Augen
535 2494 610 2554 siel,
638 2496 697 2556 und
730 2500 789 2560 uns
823 2503 882 2563 das
910 2503 990 2563 Lesen
1029 2500 1088 2560 und
1116 2497 1202 2557 Ver¬

191 2549 291 2609 stehen
323 2545 429 2605 schwer
455 2545 599 2605 gemacht
619 2543 687 2603 hat,
707 2548 769 2608 sind
794 2551 951 2611 Perioden
983 2552 1040 2612 von
1066 2549 1121 2609 21,
1141 2547 1190 2607 von

197 2599 236 2659 15
269 2600 324 2660 und
349 2599 444 2659 mehr
461 2594 589 2654 Reihen
614 2593 645 2653 in
678 2597 814 2657 kleinern
839 2602 967 2662 Druck.
1032 2599 1128 2659 Dies
1161 2595 1208 2655 ist
1241 2591 1328 2651 durch
1353 2587 1425 2647 auch
1458 2582 1545 2642 unter
1579 2579 1626 2639 den
1660 2574 1779 2634 Heyden
1820 2562 1875 2622 und
1908 2554 2236 2614 Muhammedanern

187 2647 242 2707 der
271 2649 426 2709 sonstigen
460 2645 698 2705 versänglichen
732 2647 937 2707 Schreibart
966 2648 1015 2708 des
1049 2647 1143 2707 Hrn.
1160 2643 1204 2703 D.

193 2700 409 2760 vollkommen
439 2698 562 2758 gleich,
587 2693 650 2753 und
680 2694 753 2754 man
788 2696 861 2756 muß
897 2697 1083 2757 bedauren,
1108 2694 1196 2754 wenn

195 2747 271 2807 man
297 2748 379 2808 seine
399 2748 539 2808 Mühe,
565 2742 712 2802 dreymal
731 2744 814 2804 einen
847 2745 1006 2805 Perioden
1045 2746 1069 2806 zu
1102 2745 1204 2805 lesen,
1236 2738 1312 2798 Wir
1339 2733 1440 2793 hätten
1466 2727 1561 2787 solche
1581 2721 1708 2781 Stellen
1741 2712 1824 2772 sehen
1863 2709 2002 2769 mögen:
2035 2708 2066 2768 es
2099 2706 2137 2766 ist
2163 2703 2239 2763 aber

195 2793 228 2853 am
279 2799 368 2859 Ende
402 2799 490 2859 selten
531 2793 669 2853 belohnt
692 2793 787 2853 sieht.
815 2790 826 2850 —
894 2793 943 2853 Jm
994 2794 1032 2854 1.
1050 2794 1083 2854 §.
1111 2793 1144 2853 ist
1173 2791 1205 2851 es

1201 1700 1352 1760 lischer
1385 1692 1599 1752 Wahrheiten
1639 1688 1650 1748 —
1721 1684 1751 1744 in
1791 1685 1840 1745 der
1866 1678 2068 1738 Bestrafung
2101 1668 2227 1728 unrich¬

223 1768 280 1828 Ja
314 1768 378 1828 wir
418 1766 469 1826 die
496 1765 807 1825 Wöchentliche
834 1763 1087 1823 Anzeigen,
1127 1757 1179 1817 die
1212 1754 1296 1814 tiger
1329 1745 1543 1805 Meynungen
1583 1739 1602 1799 —
1655 1734 1680 1794 in
1713 1733 1758 1793 der
1778 1728 2012 1788 Verbesserung
2039 1723 2083 1783 des
2104 1719 2226 1779 Betra¬

1206 1897 1264 1957 her
1286 1894 1328 1954 sey
1355 1894 1386 1954 es
1414 1889 1482 1949 auch
1509 1888 1593 1948 nicht
1610 1882 1742 1942 nöthig,
1769 1877 1827 1937 daß
1854 1876 1880 1936 in
1913 1873 2008 1933 denen
2035 1864 2231 1924 Schriften,

1215 1948 1241 2008 so
1269 1944 1338 2004 jene
1366 1939 1431 1999 alte
1459 1936 1572 1996 Leser,
1605 1931 1642 1991 an
1675 1927 1789 1987 welche
1816 1923 1864 1983 die
1893 1918 2027 1978 Apostel
2055 1912 2228 1972 schrieben,

1220 2088 1396 2148 "Absicht,"
1430 2083 1583 2143 antreffen
1612 2076 1697 2136 laßen
1732 2067 1834 2127 sollten
1874 2061 1885 2121 —
1942 2058 2067 2118 Hiebey
2090 2057 2226 2117 möchten

1222 2193 1281 2253 sern
1317 2190 1442 2250 jetzigen
1484 2181 1734 2241 Vorstellungen
1770 2171 1824 2231 von
1866 2165 1996 2225 Christo
2033 2160 2097 2220 und
2134 2160 2234 2220 seiner

1227 2243 1342 2303 Person
1375 2237 1480 2297 mögen
1513 2231 1693 2291 gekommen
1725 2226 1825 2286 seyn,
1852 2220 1941 2280 wenn
1974 2215 2000 2275 in
2032 2214 2122 2274 jenen
2160 2211 2233 2271 apo-

1222 2294 1371 2354 stolischen
1405 2287 1571 2347 Schriften
1605 2279 1699 2339 unsre
1722 2272 1971 2332 Vorstellungen
2005 2264 2093 2324 nicht
2116 2259 2238 2319 haupt¬

1228 2342 1346 2402 sächlich
1380 2339 1438 2399 und
1461 2335 1590 2395 überall
1612 2331 1639 2391 zu
1667 2329 1769 2389 finden
1797 2324 1878 2384 sind.
1932 2315 2046 2375 Leser,
2073 2309 2122 2369 die
2144 2306 2235 2366 unsre

1228 2490 1314 2550 Auch
1337 2488 1364 2548 im
1402 2486 1440 2546 2.
1457 2483 1489 2543 §.
1512 2480 1680 2540 versichert
1697 2475 1751 2535 er,
1773 2472 1828 2532 daß
1867 2464 1893 2524 er
1926 2458 2008 2518 viele
2036 2452 2150 2512 bisher
2189 2450 2248 2510 un¬

1231 2540 1338 2600 richtig
1365 2536 1495 2596 erklärte
1523 2530 1651 2590 Stellen
1679 2524 1733 2584 des
1760 2518 1814 2578 N.
1831 2514 1878 2574 T.
1895 2510 1998 2570 zeigen
2025 2503 2154 2563 könnte,
2176 2499 2240 2559 wo¬

1233 2641 1277 2701 ein
1305 2637 1416 2697 großer
1439 2630 1594 2690 Schaden
1623 2626 1678 2686 für
1701 2621 1750 2681 die
1773 2612 1878 2672 Bibel
1896 2605 2107 2665 entstanden,
2130 2605 2179 2665 der
2202 2603 2240 2663 sie

1238 2688 1436 2748 gehindert,
1470 2679 1522 2739 die
1563 2670 1755 2730 Christliche
1789 2659 1947 2719 Religion
1995 2655 2240 2715 anzunehmen.

1241 2789 1307 2849 sehr
1330 2784 1473 2844 künstlich
1501 2772 1689 2832 gehandelt,
1706 2764 1761 2824 daß
1789 2763 1855 2823 man
1889 2760 1916 2820 so
1938 2760 2109 2820 allgemein
2138 2754 2237 2814 davon

202 2847 369 2907 merklich,
399 2847 449 2907 daß
486 2847 536 2907 der
566 2844 638 2904 Hr.
661 2844 703 2904 D.
726 2842 783 2902 den
813 2841 1096 2901 Hauptendzweck
1126 2844 1198 2904 aller
1243 2838 1352 2898 redet.
1396 2830 1475 2890 Wir
1498 2822 1592 2882 hoffen
1622 2818 1686 2878 doch
1709 2814 1802 2874 aber,
1818 2814 1875 2874 daß
1905 2814 1970 2874 Hr.
1992 2811 2042 2871 S.
2065 2808 2144 2868 nicht
2167 2802 2239 2862 eben

206 2897 375 2957 Schriften
405 2900 456 2960 der
479 2897 590 2957 Bibel
613 2894 679 2954 bloß
709 2894 738 2954 in
776 2892 828 2952 der
851 2894 1042 2954 Belehrung
1073 2894 1191 2954 mora
1244 2891 1309 2951 das
1340 2882 1473 2942 meynen
1503 2875 1613 2935 wird,
1644 2870 1710 2930 was
1748 2870 1792 2930 ein
1822 2864 1970 2924 gewisser
2000 2863 2073 2923 noch
2104 2851 2251 2911 lebender

2153 2903 2255 2963 aria¬
