2479 3508
196 321 291 381 Buch
326 327 376 387 zum
428 324 643 384 Zeitvertreib
683 324 711 384 in
751 327 864 387 langen
904 324 1051 384 Abenden
1092 324 1221 384 suchen,

202 376 229 436 so
252 377 435 437 empfehlen
463 374 524 434 wir
552 374 646 434 ihnen
686 375 740 435 das
763 377 1035 437 gegenwärtige,
1080 376 1218 436 welches

453 533 641 593 Berlin,
679 542 733 602 den
770 544 837 604 19.
862 544 965 604 Febr.

245 578 289 638 Am
340 581 523 641 Sonntage
555 587 605 647 des
638 589 770 649 Abends
802 592 929 652 speisten
967 586 1043 646 Sr.
1069 589 1220 649 Durchl.

198 623 251 683 der
278 627 444 687 Erbprinz
484 637 544 697 von
571 640 717 700 Curland
758 640 810 700 bey
838 641 930 701 Ihro
964 637 1130 697 Majestát
1157 639 1210 699 der

195 676 375 736 Königin.

268 729 334 789 Aus
371 732 419 792 dem
476 739 861 799 Brandenburgischen,
886 737 940 797 den
965 736 1026 796 18.
1045 736 1142 796 Febr.

248 779 303 839 Da
331 782 386 842 das
409 786 619 846 Herzogthum
664 789 746 849 Oels
780 789 852 849 nach
880 787 930 847 dem
969 786 1057 846 Tode
1091 786 1146 846 des
1174 786 1218 846 re=

193 831 366 891 gierenden
399 837 550 897 Herzogs
583 837 680 897 dieses
713 840 902 900 Namens,
940 837 1032 897 wenn
1076 837 1210 897 derselbe

194 878 278 938 ohne
300 885 486 945 männliche
507 885 613 945 Erben
640 888 793 948 verstirbt
826 888 857 948 an
889 888 936 948 die
958 888 1069 948 Krone
1091 888 1218 948 zurück¬

199 932 292 992 fallt,
315 933 342 993 so
376 933 475 993 haben
509 934 580 994 Sr.
603 936 702 996 Maj.
725 939 774 999 der
797 939 907 999 König
935 939 990 999 auf
1013 936 1200 996 sothanenen

193 981 274 1041 Fall
302 983 470 1043 gedachtes
504 984 715 1044 Herzogthum
765 989 814 1049 dem
869 988 1015 1048 Prinzen
1049 987 1211 1047 Friedrich

198 1028 254 1088 von
286 1031 545 1091 Braunschweig
571 1034 602 1094 zu
633 1037 793 1097 verleihen
820 1037 975 1097 geruhet.

1038 1037 1116 1097 Von
1151 1037 1205 1097 der

192 1074 221 1134 in
252 1079 367 1139 Berlin
398 1082 427 1142 zu
459 1082 669 1142 errichtenden
700 1087 1042 1147 Assecuranzkammer
1078 1085 1128 1145 für
1153 1084 1208 1144 alle

199 1130 339 1190 Königl.
355 1130 545 1190 Provinzen
578 1130 604 1190 zu
643 1133 772 1193 welcher
794 1133 869 1193 Sr.
892 1136 988 1196 Maj.
1016 1136 1107 1196 uuter
1140 1136 1194 1196 dem

196 1178 301 1238 31sten
332 1178 381 1238 des
412 1178 608 1238 verwichnen
639 1181 790 1241 Monats
816 1181 906 1241 Dero
931 1184 1052 1244 Octroy
1093 1184 1148 1244 auf
1168 1184 1203 1244 30

198 1225 308 1285 Jahre
340 1225 398 1285 vom
441 1228 519 1288 1sten
551 1228 662 1288 Junii
689 1228 788 1288 dieses
820 1231 952 1291 Jahres
984 1231 1199 1291 anzurechnen

188 1271 338 1331 ertheilet
359 1273 488 1333 haben,
520 1276 696 1336 verspricht
718 1276 790 1336 man
827 1276 873 1336 sich
910 1276 1008 1336 große
1035 1276 1211 1336 Vortheile

193 1321 245 1381 für
269 1321 345 1381 diese
370 1321 474 1381 Lande
499 1320 584 1380 nicht
609 1321 694 1381 allein
724 1321 747 1381 in
781 1321 938 1381 Betracht
968 1318 1020 1378 der
1044 1321 1187 1381 Aufmun

179 1369 296 1429 terung
366 1366 483 1426 welche
521 1365 652 1425 dadurch
695 1363 746 1423 der
779 1363 1032 1423 Seehandlung
1060 1363 1196 1423 gegeben

192 1413 302 1473 wird,
327 1411 458 1471 sondern
489 1410 559 1470 auch
585 1410 609 1470 in
640 1410 841 1470 Ansehung,
877 1412 932 1472 daß
958 1410 1018 1470 nun
1049 1410 1204 1470 diejenige

193 1460 343 1520 Gelder,
376 1461 495 1521 welche
528 1461 738 1521 einländische
771 1461 949 1521 Kaufleute
977 1461 1063 1521 sonst
1091 1461 1117 1521 in
1150 1461 1204 1521 der

193 1512 328 1572 Fremde
356 1512 404 1572 der
432 1512 621 1572 Assecuranz
644 1514 757 1574 halber
780 1515 1013 1575 aufgewendet
1035 1514 1127 1574 haben
1166 1512 1192 1572 im

192 1566 294 1626 Lande
326 1563 444 1623 werden
481 1566 604 1626 bleiben
641 1566 790 1626 können,
816 1567 878 1627 und
914 1568 997 1628 diese
1028 1566 1203 1626 Kaufleute

190 1616 283 1676 selbst
311 1617 382 1677 auch
416 1615 443 1675 in
477 1615 532 1675 den
571 1618 692 1678 meisten
737 1619 847 1679 Fällen
892 1619 1051 1679 wenigere
1085 1616 1195 1676 Kosten

189 1667 312 1727 werden
344 1668 520 1728 anwenden
546 1670 681 1730 dürfen.
733 1670 790 1730 Da
816 1670 862 1730 die
893 1670 1121 1730 Assecuranzen
1148 1669 1214 1729 die¬

191 1722 236 1782 ser
259 1722 423 1782 Kammer
447 1721 525 1781 schon
555 1721 616 1781 mit
640 1724 690 1784 dem
736 1721 815 1781 1sten
855 1721 968 1781 Aprill
992 1724 1088 1784 dieses
1122 1724 1212 1784 Jah¬

189 1770 243 1830 res
265 1773 357 1833 ihren
384 1772 513 1832 Anfang
542 1772 704 1832 nehmen,
731 1774 758 1834 so
791 1772 909 1832 glaubt
937 1772 1039 1832 man,
1067 1774 1121 1834 daß
1159 1775 1207 1835 die

188 1822 276 1882 4000
311 1822 449 1882 Actien,
469 1821 533 1881 aus
558 1819 685 1879 welchen
716 1819 764 1879 der
789 1819 878 1879 Fond
913 1819 971 1879 von
1011 1819 1099 1879 einer
1125 1822 1212 1882 Mil¬

189 1872 252 1932 lion
290 1870 411 1930 Thaler
444 1867 581 1927 bestehen
618 1869 697 1929 soll,
725 1869 787 1929 so,
825 1867 882 1927 daß
915 1867 984 1927 jede
1011 1867 1100 1927 Actie
1132 1867 1195 1927 250

193 1918 317 1978 Thaler
340 1915 530 1975 Einschuß,
552 1915 611 1975 und
639 1915 725 1975 zwar
747 1915 774 1975 zu
802 1912 1078 1972 Friedrichsd'Or
1101 1915 1133 1975 zu
1161 1915 1203 1975 21

190 1972 313 2032 Karath
342 1969 357 2029 9
391 1966 483 2026 Grän
516 1965 574 2025 das
602 1965 732 2025 Stück,
765 1963 830 2023 und
863 1963 900 2023 35
934 1963 1036 2023 Stück
1070 1963 1124 2023 auf
1157 1963 1205 2023 die

191 2023 296 2083 Mark
323 2020 486 2080 gerechnet
508 2017 534 2077 zu
561 2017 660 2077 stehen
687 2014 834 2074 kommt,
861 2011 982 2071 ehstens
1020 2011 1188 2071 vergriffen

191 2073 254 2133 seyn
286 2073 429 2133 werden.
482 2070 604 2130 Dieser
631 2067 970 2127 Assecuranzkammer
992 2061 1203 2121 ohngeachtet

187 2127 244 2187 soll
261 2126 362 2186 jedoch
389 2121 468 2181 allen
496 2121 777 2181 Privatpersonen
810 2118 873 2178 frey
900 2115 1043 2175 bleiben,
1066 2113 1118 2173 vor
1140 2112 1203 2172 wie

187 2175 260 2235 nach
290 2175 319 2235 zu
349 2174 569 2234 assecuriren,
594 2172 658 2232 und
683 2169 751 2229 auch
781 2168 844 2228 da,
869 2168 918 2228 wo
943 2167 976 2227 sie
1002 2169 1030 2229 es
1056 2169 1089 2229 am
1134 2165 1207 2225 vor¬

190 2226 421 2286 theilhaftesten
454 2223 583 2283 finden,
611 2220 859 2280 verassecuriren
886 2220 918 2280 zu
951 2220 1059 2280 laßen.

446 2270 659 2330 Bremen,
691 2267 748 2327 den
785 2269 826 2329 7.
848 2267 951 2327 Febr.

237 2324 345 2384 Heute
367 2321 426 2381 hat
448 2318 512 2378 auch
545 2318 599 2378 das
626 2316 739 2376 hiesige
761 2318 971 2378 Gymnasium
1015 2318 1069 2378 das
1096 2318 1204 2378 Röm.

185 2374 334 2434 Königl.
361 2366 684 2426 Vermählungsfest
717 2366 881 2426 gefeyret.
946 2368 1105 2428 Nachdem
1153 2366 1200 2426 der

189 2423 257 2483 Hr.
285 2417 454 2477 Professor
487 2414 603 2474 Roller
641 2414 730 2474 durch
774 2415 816 2475 ein
853 2417 1082 2477 Programma
1125 2417 1198 2477 dazu

185 2470 376 2530 eingeladen
409 2464 526 2524 hatte;
553 2464 584 2524 so
617 2461 728 2521 betrat
760 2464 856 2524 dessen
899 2466 1064 2526 würdiger
1097 2465 1197 2525 Sohn

196 2523 331 2583 Johann
360 2515 524 2575 Nicolaus
547 2512 666 2572 Roller
689 2512 904 2572 Vormittags
939 2515 978 2575 um
1019 2517 1035 2577 9
1069 2515 1137 2575 Uhr
1166 2515 1193 2575 in

194 2573 239 2633 dem
292 2566 443 2626 größeren
473 2563 594 2623 Hörsal
624 2559 669 2619 die
699 2561 890 2621 Catheder,
914 2563 977 2623 und
1007 2563 1105 2623 hielte
1135 2563 1204 2623 eine

188 2623 408 2683 wohlgesetzte
440 2614 533 2674 Rede
572 2611 597 2671 in
641 2608 842 2668 lateinischen
880 2611 1031 2671 Versen,
1063 2613 1200 2673 welcher

189 2673 417 2733 Feyerlichkeit
442 2664 490 2724 der
515 2660 598 2720 Rath
630 2656 689 2716 und
714 2658 780 2718 eine
805 2658 901 2718 große
919 2661 1052 2721 Anzahl
1071 2661 1203 2721 anderer

188 2721 403 2781 angesehenen
435 2713 599 2773 Personen
625 2706 877 2766 beywohneten.
936 2709 1017 2769 Vor
1043 2712 1099 2772 und
1132 2712 1200 2772 nach

188 2770 238 2830 der
264 2771 352 2831 Rede
378 2769 459 2829 ward
491 2766 560 2826 eine
580 2760 749 2820 besonders
775 2757 850 2817 dazu
882 2757 1071 2817 versertigte
1091 2761 1197 2821 Musik

191 2820 405 2880 aufgeführt.

413 2862 703 2922 Maynstrom,
732 2855 783 2915 den
812 2855 852 2915 5.
876 2852 983 2912 Febr.

233 2918 309 2978 Wie
334 2918 404 2978 weit
428 2921 475 2981 die
499 2918 652 2978 Bosheit
677 2912 765 2972 durch
801 2909 847 2969 die
872 2906 1007 2966 Gewalt
1037 2909 1090 2969 der
1120 2911 1196 2971 wil=

1256 323 1398 383 erbaut,
1420 321 1509 381 indem
1552 321 1583 381 es
1610 324 1778 384 belustigt.
1827 321 1942 381 Kostet
1964 322 1990 382 in
2017 321 2254 381 vorbemeldten

1252 374 1479 434 Kanterschen
1513 374 1822 434 Buchhandlungen
1862 373 1872 433 3
1901 372 1939 432 fl.

1252 537 1301 597 den
1329 536 1578 596 Leidenschaften
1606 536 1766 596 getrieben
1794 536 1915 596 werden
1943 536 2064 596 könne,
2087 533 2186 593 zeiget
2209 529 2263 589 fol¬

1249 589 1346 649 gende
1363 588 1422 648 aus
1461 584 1509 644 der
1537 583 1742 643 Churfürstl.
1765 586 1987 646 Mainzischen
2020 583 2253 643 Amtskellerey

1247 636 1442 696 Hirschhorn
1474 634 1696 694 einberichtete
1717 634 1860 694 traurige
1887 634 2087 694 Geschichte.
2119 631 2166 691 Es
2193 631 2267 691 hat¬

1245 686 1275 746 te
1297 688 1435 748 nämlich
1477 685 1523 745 ein
1565 682 1833 742 verheyratheter
1865 682 2024 742 Schuster
2061 681 2122 741 mit
2154 682 2241 742 einem

1249 738 1360 798 jungen
1398 736 1675 796 Bauermädchen
1712 735 1791 795 beym
1840 733 2004 793 Anmessen
2042 732 2095 792 der
2123 730 2265 790 Schuhe

1252 786 1370 846 einigen
1398 786 1537 846 ziemlich
1565 786 1786 846 unschuldigen
1814 784 1943 844 Scherz
1965 783 2154 843 getrieben,
2187 781 2267 841 wel¬

1251 836 1314 896 cher
1336 837 1409 897 aber
1436 837 1488 897 von
1521 837 1609 897 dessen
1642 837 1720 897 Frau
1752 837 1810 897 mit
1832 836 1910 896 ganz
1932 834 2048 894 andern
2075 831 2179 891 Augen
2206 830 2264 890 an¬

1244 886 1373 946 gesehen
1410 885 1539 945 wurde.
1612 888 1705 948 Nach
1741 886 1865 946 einigen
1897 885 2010 945 Tagen
2047 882 2171 942 kommt
2198 881 2259 941 das

1249 936 1556 996 Bauermädchen,
1588 936 1630 996 um
1684 933 1731 993 die
1769 936 1885 996 Schuh
1923 933 2102 993 abzuholen
2140 928 2166 988 in
2209 929 2261 989 des

1251 984 1422 1044 Schusters
1452 986 1579 1046 Haus,
1604 984 1735 1044 welcher
1767 984 1842 1044 aber
1873 983 1943 1043 eben
1979 981 2145 1041 abwesend
2181 978 2266 1038 war.

1250 1034 1315 1094 Die
1349 1034 1569 1094 eisersüchtige
1603 1034 1685 1094 Frau
1719 1033 1857 1093 ergreift
1885 1031 1940 1091 das
1974 1028 2122 1088 Messer,
2145 1028 2266 1088 schnei¬

1250 1085 1297 1145 det
1324 1085 1376 1145 der
1398 1085 1645 1145 unglückseligen
1678 1085 1810 1145 Bäurin
1848 1081 1900 1141 die
1922 1079 2053 1139 Gurgel
2075 1078 2143 1138 ab,
2170 1078 2264 1138 trägt

1246 1136 1297 1196 den
1328 1133 1457 1193 Körper
1483 1136 1539 1196 auf
1555 1134 1606 1194 den
1638 1133 1782 1193 Boden,
1819 1130 1895 1190 löset
1927 1128 2024 1188 davon
2061 1127 2107 1187 die
2139 1127 2251 1187 beyden

1251 1184 1372 1244 Brüste
1394 1183 1456 1243 ab,
1484 1184 1546 1244 und
1573 1184 1705 1244 bereitet
1732 1184 1848 1244 daraus
1886 1181 1927 1241 ein
1960 1175 2044 1235 Essen
2081 1178 2134 1238 für
2161 1178 2250 1238 ihren

1247 1234 1384 1294 Mann.
1429 1231 1490 1291 Da
1518 1234 1567 1294 ihm
1612 1234 1690 1294 diese
1712 1234 1761 1294 ihm
1806 1231 2017 1291 unbekannte
2039 1227 2167 1287 Speise
2195 1225 2261 1285 sehr

1245 1279 1339 1339 wohl
1372 1279 1535 1339 schmeckt,
1578 1280 1609 1340 so
1646 1282 1741 1342 fragt
1784 1282 1842 1342 er;
1890 1279 2026 1339 woraus
2069 1276 2169 1336 dieses
2201 1273 2264 1333 ap¬

1239 1324 1401 1384 petitliche
1441 1324 1578 1384 Gericht
1613 1327 1760 1387 bestehe?
1805 1325 1879 1385 Die
1909 1325 2066 1385 Antwort
2101 1323 2154 1383 des
2204 1323 2267 1383 un¬

1244 1366 1463 1426 menschlichen
1492 1369 1631 1429 Weibes
1655 1369 1747 1429 war:
1776 1371 1967 1431 ”Ersättige
1986 1371 2042 1431 dich
2065 1371 2121 1431 nun
2145 1372 2265 1432 daran,

1258 1410 1297 1470 'es
1322 1412 1385 1472 sind
1410 1412 1460 1472 die
1480 1413 1607 1473 Brüste
1637 1413 1745 1473 deiner
1770 1416 2055 1476 Buhlschwester;
2090 1416 2183 1476 wenn
2218 1416 2252 1476 du

1257 1461 1313 1521 den
1350 1461 1535 1521 verfluchten
1567 1461 1696 1521 Körper
1717 1461 1789 1521 auch
1820 1464 1887 1524 noch
1914 1463 2063 1523 genießen
2095 1461 2208 1521 willst,
2229 1464 2254 1524 so

1258 1513 1375 1573 kannst
1402 1512 1433 1572 du
1460 1512 1508 1572 ihn
1540 1514 1598 1574 auf
1620 1512 1667 1572 dem
1710 1512 1806 1572 obern
1833 1515 1950 1575 Boden
1977 1513 2104 1573 finden.

2173 1509 2253 1569 Der

1242 1569 1323 1629 ganz
1351 1566 1502 1626 betäubte
1524 1564 1633 1624 Mann
1666 1567 1752 1627 folgt
1780 1566 1878 1626 seinem
1927 1566 2095 1626 wütenden
2129 1564 2269 1624 Eheteu=

1244 1620 1289 1680 fel
1306 1619 1368 1679 mit
1391 1618 1537 1678 Grausen
1572 1619 1695 1679 dahin.
1764 1619 1842 1679 Der
1877 1619 2102 1679 erschreckliche
2126 1616 2249 1676 Anblick

1242 1670 1350 1730 erregt
1373 1670 1421 1730 bey
1449 1670 1497 1730 ihm
1542 1670 1606 1730 eine
1629 1670 1726 1730 solche
1749 1671 1879 1731 Wuth,
1907 1672 1960 1732 daß
1989 1670 2021 1730 er
2043 1670 2091 1730 dem
2136 1669 2271 1729 grausa¬

1242 1724 1312 1784 men
1345 1721 1464 1781 Weibe
1492 1722 1551 1782 das
1584 1721 1676 1781 eigne
1698 1721 1844 1781 Messer,
1872 1721 1931 1781 das
1958 1721 2137 1781 Werkzeug
2171 1718 2256 1778 ihrer

1246 1775 1430 1835 Mordthat
1452 1772 1500 1832 ins
1528 1772 1609 1832 Herz
1632 1769 1750 1829 stößet,
1773 1770 1837 1830 und
1859 1772 1979 1832 darauf
2001 1770 2049 1830 sich
2077 1769 2190 1829 gerade
2207 1769 2255 1829 ins

1247 1822 1410 1882 Amthaus
1437 1819 1611 1879 verfüget,
1638 1818 1702 1878 und
1729 1817 1775 1877 sich
1802 1819 1976 1879 freywillig
2003 1821 2050 1881 der
2073 1819 2262 1879 Gerechtig=

1244 1870 1303 1930 keit
1325 1868 1373 1928 zur
1401 1867 1524 1927 billigen
1552 1868 1681 1928 Strafe
1698 1867 1886 1927 übergiebt.

1496 1915 1696 1975 Madrit,
1730 1918 1786 1978 den
1820 1920 1886 1980 16.
1915 1919 2009 1979 Jan.

1290 1960 1443 2020 Nachdem
1481 1963 1555 2023 Sr.
1577 1963 1671 2023 Maj.
1698 1963 1751 2023 der
1778 1966 1884 2026 König
1916 1966 1974 2026 das
2006 1966 2249 2026 gegenwärtige

1238 2008 1363 2068 System
1404 2008 1454 2068 der
1480 2010 1611 2070 Sachen
1641 2011 1666 2071 in
1697 2011 1823 2071 Italien
1859 2011 1889 2071 in
1919 2011 2075 2071 Betracht
2101 2014 2262 2074 gezogen,

1237 2060 1262 2120 so
1304 2059 1407 2119 haben
1444 2058 1681 2118 höchstdieselbe
1718 2059 1795 2119 neue
1826 2060 2079 2120 Instructionen
2122 2060 2157 2120 an
2194 2060 2245 2120 den

1239 2109 1550 2169 Neapolitanischen
1578 2110 1650 2170 Hof
1667 2110 1827 2170 geschickt,
1850 2109 1961 2169 wohin
1989 2112 2061 2172 auch
2089 2112 2250 2172 nächstens

1240 2163 1279 2223 ein
1319 2160 1536 2220 Kriegsschiff
1559 2160 1621 2220 mit
1644 2160 1729 2220 Geld
1770 2163 1832 2223 und
1867 2162 1986 2222 andern
2033 2163 2163 2223 Gütern
2204 2163 2254 2223 für

1240 2214 1332 2274 Dero
1356 2212 1454 2272 Sohn
1484 2214 1535 2274 den
1565 2214 1669 2274 König
1698 2216 1751 2276 der
1774 2214 1884 2274 beyden
1913 2217 2058 2277 Sicilien
2088 2217 2146 2277 von
2175 2216 2261 2276 Car=

1244 2266 1380 2326 thagena
1405 2261 1547 2321 abgehen
1572 2264 1642 2324 soll.

1456 2312 1707 2372 Warschau,
1744 2315 1797 2375 den
1833 2315 1899 2375 14.
1923 2313 2030 2373 Febr.

1297 2361 1341 2421 Am
1380 2363 1573 2423 verwichnen
1607 2364 1751 2424 Montag
1779 2363 1967 2423 divertirten
1995 2363 2044 2423 sich
2078 2361 2172 2421 Jhro
2189 2358 2255 2418 Kö=

1238 2414 1328 2474 nigl.
1344 2414 1444 2474 Maj.
1461 2414 1487 2474 in
1519 2412 1726 2472 Begleitung
1753 2414 1970 2474 verschiedner
1997 2411 2172 2471 Cavaliers
2194 2408 2256 2468 mit

1239 2463 1288 2523 der
1317 2461 1428 2521 Jagd.
1478 2461 1527 2521 Am
1567 2461 1728 2521 Dienstag
1757 2461 1850 2521 gaben
1884 2458 1956 2518 Se.
1985 2458 2129 2518 Königl.
2152 2457 2257 2517 Maj.

1237 2512 1290 2572 dem
1333 2509 1539 2569 Pabstlichen
1566 2512 1699 2572 Nuntio
1726 2512 1795 2572 eine
1817 2506 2098 2566 Privataudienz,
2125 2506 2257 2566 imglei¬

1243 2563 1308 2623 chen
1337 2560 1425 2620 hatte
1448 2560 1519 2620 auch
1547 2560 1596 2620 der
1619 2560 1735 2620 hiesige
1758 2557 1857 2617 Ruß.
1880 2554 2029 2614 Kaiserl.
2051 2554 2256 2614 Bothschaf=

1237 2612 1301 2672 ter,
1324 2611 1422 2671 Fürst
1444 2610 1498 2670 von
1532 2608 1684 2668 Repnin,
1712 2607 1776 2667 eine
1804 2605 2039 2665 gleichmäßige
2061 2608 2257 2668 Privatau¬

1247 2661 1354 2721 dienz.
1411 2655 1484 2715 Der
1513 2658 1581 2718 hier
1604 2658 1660 2718 von
1695 2655 1745 2715 der
1769 2652 1881 2712 Stadt
1905 2655 2041 2715 Danzig
2070 2658 2256 2718 abgeschick=

1235 2709 1263 2769 te
1292 2709 1382 2769 Herr
1406 2706 1598 2766 Rathmann
1627 2703 1825 2763 Leuschner,
1860 2703 1916 2763 hat
1956 2703 1984 2763 in
2019 2709 2069 2769 der
2104 2709 2245 2769 abgewi=

1240 2760 1349 2820 chenen
1390 2757 1517 2817 Woche
1552 2754 1592 2814 um
1644 2753 1713 2813 eine
1748 2754 1869 2814 gleiche
1904 2757 2054 2817 Audienz
2084 2758 2135 2818 bey
2170 2758 2250 2818 Sr.

1247 2810 1343 2870 Maj.
1366 2808 1394 2868 in
1428 2805 1570 2865 Affaires
1605 2800 1656 2860 der
1685 2802 1797 2862 Stadt
1827 2807 1997 2867 Danzig,
2037 2808 2252 2868 angehalten,

1238 2858 1354 2918 welche
1376 2855 1444 2915 aber
1471 2854 1523 2914 auf
1545 2852 1613 2912 eine
1635 2852 1750 2912 andere
1777 2857 1851 2917 Zeit
1878 2858 2062 2918 verschoben
2100 2855 2247 2915 worden.

1238 2911 1312 2971 Die
1330 2906 1647 2966 Schatzcommißion
1683 2906 1722 2966 ist
1746 2909 1803 2969 auf
1833 2912 1884 2972 das
1914 2909 2051 2969 emsigste
2087 2905 2254 2965 beschäfti=

2173 2960 2254 3020 get,
