2479 3508
429 333 627 393 Berlin,
659 330 714 390 den
752 330 789 390 5.
821 330 938 390 März.

235 388 312 448 Sr.
336 387 437 447 Maj.
461 381 561 441 haben
593 377 648 437 den
688 378 882 438 bisherigen
914 375 1178 435 Referendarium

177 440 229 500 bey
253 441 305 501 dem
347 435 481 495 hiesigen
517 428 598 488 Hof=
617 428 680 488 und
705 428 991 488 Kammergericht
1010 425 1097 485 Hrn.
1115 424 1202 484 Frie¬

175 490 250 550 drich
280 482 426 542 Wilhelm
468 477 561 537 Kelch
591 479 695 539 wegen
725 479 824 539 seiner
854 476 1128 536 Geschicklichkeit
1158 473 1187 533 zu

179 536 274 596 Dero
303 529 591 589 Hofgerichtsrath
637 529 670 589 zu
711 528 925 588 Königsberg
966 527 993 587 in
1033 524 1185 584 Preußen

177 584 410 644 allergnädigst
434 578 461 638 zu
496 580 639 640 bestellen
668 580 816 640 geruhet.
863 577 942 637 Bey
965 575 1016 635 der
1040 575 1193 635 gestrigen

177 634 279 694 20sten
308 629 456 689 Ziehung
491 628 542 688 der
577 628 719 688 Königl.
748 627 885 687 Lotterie
920 622 982 682 sind
1017 625 1062 685 die
1086 625 1199 685 Num¬

178 683 263 743 mern
301 676 364 736 75.
391 679 428 739 2.
455 680 518 740 45.
551 680 620 740 34.
653 679 716 739 71.
749 676 1083 736 herausgekommen.

272 727 521 787 Frankfurt
550 725 589 785 am
636 730 800 790 Mayn,
828 727 885 787 vom
931 724 992 784 18.
1011 724 1112 784 Febr.

230 780 318 840 Eine
341 778 545 838 unbekannte
563 775 656 835 Feder
679 778 761 838 giebt
784 775 933 835 folgende
962 775 1016 835 fast
1039 775 1199 835 unglaub¬

177 831 250 891 liche
279 829 467 889 Erfindung
502 825 535 885 an
576 825 621 885 die
656 826 895 886 hocherlauchte
924 824 1117 884 Societäten
1158 824 1192 884 zu

179 881 339 941 London,
362 879 500 939 Paris,
523 873 645 933 Berlin
684 876 728 936 rc.
745 876 772 936 in
801 876 967 936 folgendem
1012 873 1189 933 Schreiben

179 930 211 990 an
244 930 292 990 den
326 928 428 988 Tag,
456 924 516 984 und
549 921 641 981 bittet
664 924 712 984 die
740 924 892 984 Ursachen
931 924 990 984 und
1029 921 1208 981 Meynun¬

181 982 234 1042 gen
265 978 415 1038 hieruͤber
441 973 501 1033 von
526 974 634 1034 dorten
659 978 713 1038 her
732 978 822 1038 durch
847 977 888 1037 die
907 977 1088 1037 öͤffentliche
1107 975 1209 1035 Blät¬

175 1028 221 1088 ter
248 1030 279 1090 zu
317 1023 604 1083 communiciren.

358 1074 486 1134 Meine
505 1070 656 1130 Herren.

226 1120 440 1180 "Erstaunen
479 1122 545 1182 Sie
571 1121 631 1181 mit
657 1124 749 1184 mir,
774 1124 865 1184 wenn
897 1124 939 1184 ich
965 1127 1081 1187 Ihnen
1112 1121 1179 1181 sage

184 1167 263 1227 „daß
292 1174 337 1234 ein
372 1172 552 1232 Solvens,
576 1172 621 1232 ein
650 1172 763 1232 öligtes
792 1172 859 1232 sehr
882 1172 1041 1232 feueriges
1065 1172 1188 1232 Wasser

176 1213 262 1273 „alle
290 1222 421 1282 Körper
449 1221 470 1281 in
503 1219 552 1279 der
575 1216 667 1276 Welt
690 1219 771 1279 ohne
804 1219 957 1279 Brausen
990 1219 1066 1279 oder
1089 1219 1208 1279 gewal¬

176 1262 272 1322 „tige
301 1269 499 1329 Bewegung
529 1268 613 1328 nicht
642 1269 733 1329 allein
768 1270 949 1330 zerreisset,
972 1267 1108 1327 auflöset
1137 1264 1199 1324 und

191 1312 309 1372 "liquid
335 1315 483 1375 machet,
494 1315 551 1375 und
583 1315 633 1375 das
655 1315 793 1375 Unreine
819 1314 871 1374 vom
913 1312 1035 1372 Reinen
1062 1309 1200 1369 scheidet,

178 1357 337 1417 „sondern
369 1362 425 1422 das
457 1359 642 1419 Innerste,
668 1357 746 1417 oder
777 1354 823 1414 die
855 1354 1050 1414 verborgene
1082 1352 1205 1412 Eigen¬

174 1402 296 1462 schaft
314 1404 375 1464 und
403 1404 509 1464 Farbe
549 1403 632 1463 eines
661 1399 744 1459 jeden
773 1399 923 1459 Körpers
946 1399 1203 1459 herauskehret,

189 1452 415 1512 "umwendet,
431 1451 488 1511 und
515 1449 631 1509 endlich
653 1447 705 1507 das
737 1447 958 1507 Subjectum,
979 1446 1042 1506 was
1074 1446 1100 1506 es
1122 1446 1189 1506 auch

180 1495 255 1555 "für
285 1502 372 1562 eines
402 1500 454 1560 aus
485 1500 536 1560 dem
572 1500 689 1560 Reiche
713 1500 765 1560 der
789 1500 899 1560 Natur
918 1499 982 1559 seyn
1018 1497 1111 1557 mag,
1135 1497 1204 1557 ver¬

184 1549 347 1609 "bessert,
376 1554 431 1614 und
466 1553 527 1613 wie
545 1551 674 1611 gesagt,
703 1553 758 1613 das
782 1551 888 1611 Reine
923 1548 978 1608 vom
1024 1551 1187 1611 Unreinen

192 1605 400 1665 "abscheider.
447 1603 539 1663 Was
574 1603 695 1663 werden
725 1602 794 1662 Sie
824 1602 944 1662 sagen,
968 1602 1061 1662 wenn
1096 1602 1194 1662 dieses

180 1655 304 1715 "öligte
327 1655 446 1715 Wasser
470 1657 555 1717 einen
590 1657 754 1717 bereiteten
783 1655 960 1715 Goldkalch
989 1655 1017 1715 in
1046 1654 1187 1714 wenigen

174 1709 389 1769 "Stunden,
407 1709 466 1769 und
497 1709 550 1769 bey
581 1709 723 1769 gelinder
760 1709 903 1769 Wärme
927 1707 1010 1767 seine
1034 1706 1177 1766 Animam

194 1760 464 1820 "herauskehret,
476 1760 580 1820 welche
603 1760 751 1820 Anfangs
779 1760 944 1820 blutroth,
956 1760 1011 1820 und
1039 1759 1110 1819 nach
1133 1757 1193 1817 und

189 1855 294 1915 "gung
321 1857 346 1917 in
379 1858 447 1918 eine
469 1858 713 1918 dunkelbraune
740 1856 797 1916 und
824 1857 940 1917 endlich
967 1855 1025 1915 fast
1047 1855 1200 1915 schwarze

184 1954 356 2014 zinnober
385 1952 479 2012 völlig
507 1951 607 2011 weiß,
619 1951 646 2011 ob
674 1951 768 2011 gleich
803 1949 885 2009 seine
919 1949 1030 2009 Röthe
1053 1948 1203 2008 feuerbe¬

195 2002 339 2062 "ständig
363 2002 420 2062 ist;
450 2002 507 2062 und
537 2002 600 2062 was
636 1999 809 2059 Dieselben
839 1999 896 2059 mit
920 1999 983 2059 mir
1007 1999 1076 2059 noch
1105 1996 1191 2056 mehr

177 2040 229 2100 "in
264 2052 544 2112 Verwunderung
579 2049 666 2109 setzen
696 2052 794 2112 muß,
818 2052 847 2112 so
871 2051 934 2111 sind
964 2049 992 2109 es
1028 2046 1109 2106 nicht
1133 2046 1191 2106 nur

182 2093 266 2153 alle
290 2105 431 2165 Metalle
455 2106 517 2166 und
546 2103 773 2163 Mineralien,
802 2103 915 2163 welche
938 2100 966 2160 es
995 2100 1074 2160 ohne
1098 2097 1199 2157 Effer¬

177 2148 335 2208 svescenz
358 2157 522 2217 angreifet
540 2155 601 2215 und
619 2154 800 2214 radicaliter
823 2154 1038 2214 aufschliesset,
1062 2151 1186 2211 sonderr

183 2189 239 2249 "es
266 2202 342 2262 wird
369 2204 441 2264 auch
467 2204 528 2264 auf
545 2205 596 2265 den
632 2203 776 2263 Granat
803 2206 880 2266 oder
911 2205 1030 2265 andere
1061 2202 1190 2262 geringe

180 2245 336 2305 "Steine
354 2252 517 2312 gegossen,
547 2252 605 2312 und
634 2252 657 2312 in
687 2254 832 2314 weniger
856 2255 943 2315 Zeit,
973 2255 1065 2315 ihrer
1089 2252 1193 2312 Härte

179 2297 412 2357 "ungeachtet,
440 2300 571 2360 sogleich
604 2300 647 2360 die
664 2303 821 2363 darinnen
855 2306 1040 2366 befindliche
1068 2303 1198 2363 Tinctu¬

182 2331 242 2391 ra
270 2345 469 2405 Sulphuris
503 2348 613 2408 innata
636 2354 923 2414 herausgezogen,
935 2354 990 2414 und
1013 2354 1051 2414 ein
1074 2354 1189 2414 weisser

184 2383 280 2443 „hoch
308 2396 610 2456 aufgeschwollener
638 2398 800 2458 Schlamm
833 2405 1102 2465 zurückgelassen,
1125 2402 1200 2462 wel¬

194 2438 278 2498 „cher
310 2440 442 2500 hernach
474 2440 500 2500 in
532 2443 616 2503 einen
654 2445 733 2505 weit
760 2451 902 2511 härteren
939 2452 1002 2512 und
1029 2449 1087 2509 wie
1109 2451 1198 2511 Dia¬

192 2490 307 2550 "mant
330 2491 551 2551 schneidenden
591 2491 690 2551 Stein
724 2497 840 2557 figiret
862 2503 1012 2563 worden.
1068 2498 1189 2558 Dieses

213 2598 362 2658 stinktion
395 2593 453 2653 und
480 2591 570 2651 dessen
597 2590 780 2650 Gemalin,
806 2596 832 2656 in
865 2599 962 2659 grosse
989 2601 1196 2661 Verwunde¬

178 2641 288 2701 Prung
320 2646 467 2706 gesetzet.
512 2641 641 2701 Allein,
666 2639 727 2699 wir
759 2642 864 2702 kamen
901 2647 956 2707 zum
1000 2649 1184 2709 Erstaunen

178 2688 283 2748 süber
309 2697 358 2757 die
384 2697 551 2757 Wunder,
589 2688 700 2748 welche
726 2689 775 2749 der
801 2694 974 2754 Schöpfer
1000 2697 1024 2757 in
1050 2699 1099 2759 die
1124 2700 1198 2760 Na¬

188 2736 262 2796 "tur
286 2748 407 2808 geleget
425 2748 499 2808 hat,
523 2745 569 2805 als
592 2742 655 2802 wir
679 2739 783 2799 etliche
807 2741 899 2801 Gran
934 2748 1199 2808 Diamantsplit¬

190 2780 255 2840 "ter
275 2793 347 2853 oder
374 2796 472 2856 Pott,
499 2796 524 2856 so
551 2796 656 2856 klein,
690 2793 735 2853 als
762 2791 919 2851 möglich,
946 2796 1188 2856 pulverisirten,

186 2893 273 2953 Lauf
294 2895 416 2955 gossen,
444 2900 504 2960 und
532 2902 552 2962 in
586 2901 653 2961 Zeit
674 2897 735 2957 von
763 2894 884 2954 etlichen
912 2896 1068 2956 Minuten
1102 2900 1189 2960 einer

1237 325 1402 385 bruanen
1436 327 1534 387 etwas
1563 330 1672 390 trüben
1706 332 1871 392 Solution
1900 330 1982 390 ohne
2010 330 2164 390 Brausen
2204 327 2253 387 ge¬

1254 373 1352 433 wahr
1383 375 1533 435 wurden.
1559 374 1611 434 Es
1642 377 1678 437 ist
1705 378 1766 438 fast
1787 380 1979 440 jedermann
2010 376 2061 436 der
2088 377 2253 437 compacte

1228 425 1382 485 "Körper
1409 425 1467 485 und
1494 425 1541 485 die
1575 428 1920 488 Feuerbeständigkeit
1953 426 2005 486 des
2038 428 2244 488 Diamanten

1244 476 1419 536 "bekannt,
1445 475 1501 535 und
1527 474 1584 534 daß
1610 476 1672 536 kein
1703 479 1873 539 Corrosiv,
1899 476 1961 536 von
1998 476 2064 536 was
2096 477 2162 537 Art
2189 476 2250 536 und

1228 524 1367 584 „Natur
1394 524 1424 584 es
1451 524 1523 584 auch
1550 526 1617 586 sey,
1638 527 1762 587 jemals
1784 527 1835 587 den
1861 527 2037 587 Diamant
2054 525 2084 585 im
2126 527 2255 587 gering¬

1254 575 1320 635 'sten
1346 575 1577 635 anzugreifen,
1598 575 1670 635 noch
1696 575 1839 635 weniger
1866 576 1891 636 in
1932 575 2004 635 eine
2035 578 2173 638 Tinctur
2210 578 2240 638 zu

1224 621 1413 681 "bringen,
1436 624 1463 684 im
1508 622 1647 682 Stande
1675 623 1725 683 ist.
1776 619 1837 679 So
1859 622 1948 682 sehen
1977 622 2048 682 Sie
2071 625 2154 685 nun,
2177 628 2260 688 mei¬

1228 661 1291 721 "ne
1313 673 1436 733 Herren
1468 673 1526 733 und
1553 673 1712 733 erlauchte
1739 673 1909 733 Freunde,
1942 673 2080 733 hieraus
2112 676 2234 736 klärlich

1254 721 1317 781 daß
1349 721 1444 781 unser
1471 724 1624 784 Solvens
1661 721 1724 781 sive
1756 723 1962 783 Menstruum
2011 722 2084 782 aller
2106 724 2253 784 Körper,

1244 772 1343 832 "nicht
1365 772 1407 832 ein
1435 773 1588 833 Corrosiv
1615 772 1683 832 sey,
1704 772 1800 832 indem
1837 772 1868 832 es
1895 772 1922 832 in
1943 771 2017 831 Zeit
2033 769 2091 829 von
2118 772 2244 832 etlichen

1254 822 1423 882 Stunden
1460 822 1532 882 eine
1558 822 1795 882 dunkelrothe,
1821 821 1882 881 und
1914 819 2058 879 endliche
2089 822 2243 882 schwarze

1259 870 1405 930 Tinetur
1438 873 1491 933 aus
1530 873 1621 933 diesem
1665 873 1891 933 allervestesten
1924 872 2048 932 Körper
2070 873 2253 933 herausge¬

1255 918 1354 978 'zogen
1388 921 1460 981 hat.

1309 972 1512 1032 Schließlich
1541 972 1638 1032 bittet
1655 972 1723 1032 man
1758 972 1842 1032 Sie,
1860 972 1961 1032 meine
1985 972 2109 1032 Herren
2133 972 2195 1032 und
2212 970 2257 1030 er¬

1234 1019 1383 1079 „lauchte
1406 1023 1572 1083 Freunde,
1589 1019 1737 1079 hierüber
1766 1019 1837 1079 ihre
1860 1022 2125 1082 unpartheyische
2148 1020 2253 1080 Mey¬

1244 1070 1392 1130 "nungen
1424 1070 1450 1130 in
1487 1072 1683 1132 öffentlichen
1721 1070 1879 1130 Blättern
1917 1068 1985 1128 nach
2017 1068 2176 1128 Belieben
2213 1068 2244 1128 zu

1236 1118 1415 1178 „eröfnen,
1432 1119 1463 1179 ob
1501 1121 1558 1181 aus
1585 1119 1680 1179 diesem
1723 1118 1796 1178 allen
1828 1118 1907 1178 nicht
1934 1118 2034 1178 etwas
2056 1118 2240 1178 Nützliches

1254 1169 1311 1229 'der
1344 1169 1438 1229 Welt
1460 1172 1638 1232 zuwachsen
1670 1171 1823 1231 könnte?
1876 1169 1928 1229 Ob
1961 1170 2044 1230 nicht
2071 1169 2150 1229 etwa
2177 1169 2245 1229 eine

1251 1219 1359 1279 grosse
1386 1219 1531 1279 Medicin
1565 1219 1612 1279 für
1635 1219 1688 1279 den
1716 1219 1937 1279 menschlichen
1964 1217 2055 1277 Leib,
2088 1218 2163 1278 oder
2191 1218 2228 1278 an

1233 1263 1348 1323 „deres
1379 1267 1484 1327 Gutes
1520 1270 1802 1330 herausgekehret
1827 1267 1882 1327 und
1918 1267 2089 1327 verbessert
2120 1267 2240 1327 werden

1244 1312 1382 1372 "könte?
1434 1315 1584 1375 zumalen
1626 1315 1728 1375 dieses
1760 1316 1785 1376 so
1817 1318 1992 1378 gewaltige
2024 1315 2255 1375 Naturseuer,

1240 1351 1292 1411 "da
1321 1356 1349 1416 es
1374 1357 1435 1417 alle
1460 1357 1589 1417 Körper
1609 1360 1766 1420 zerreißet
1800 1362 1861 1422 und
1890 1360 1976 1420 ohne
1996 1363 2144 1423 Brausen
2182 1364 2254 1424 auf¬

1243 1402 1424 1462 "schliesset,
1440 1402 1572 1462 dennoch
1602 1402 1700 1462 weder
1720 1403 1764 1463 die
1784 1404 1980 1464 menschliche
2005 1404 2128 1464 äussere
2143 1409 2250 1469 Haut,

1254 1444 1328 1504 noch
1355 1447 1402 1507 die
1435 1449 1566 1509 Zunge,
1583 1449 1646 1509 und
1678 1449 1741 1509 also
1774 1449 1874 1509 nicht,
1901 1449 1964 1509 wie
1991 1453 2113 1513 andere
2145 1457 2250 1517 Men¬

1285 1491 1337 1551 rua
1364 1497 1549 1557 corrosiva,
1576 1498 1607 1558 im
1650 1500 1830 1560 geringsten
1862 1500 2041 1560 angreifet.

1312 1544 1359 1604 Jn
1395 1551 1595 1611 Erwartung
1620 1551 1714 1611 Dero
1738 1554 1939 1614 Gedanken,
1975 1554 2140 1614 wünschet
2159 1555 2252 1615 man,

1239 1602 1319 1662 "mit
1343 1605 1418 1665 aller
1448 1605 1831 1665 Respectsversicherung
1855 1607 1889 1667 zu
1918 1608 1976 1668 seyn
2006 1607 2046 1667 rc.

1464 1655 1691 1715 Coblenz,
1714 1658 1771 1718 vom
1822 1656 1884 1716 19.
1913 1658 2014 1718 Febr.

1280 1706 1355 1766 Der
1387 1707 1494 1767 Pater
1527 1709 1683 1769 Krains,
1709 1708 1772 1768 aus
1805 1706 1854 1766 der
1886 1708 2101 1768 Gesellschaft
2126 1706 2252 1766 JEsu,

1232 1757 1403 1817 Professor
1431 1757 1491 1817 und
1525 1760 1685 1820 Dechant
1713 1757 1762 1817 der
1802 1757 2050 1817 Theologischen
2095 1757 2250 1817 Facultät

191 1808 280 1868 "nach
312 1811 395 1871 ohne
422 1811 474 1871 das
507 1808 743 1868 allergeringste
765 1809 964 1869 Aufbrausen
997 1808 1064 1868 oder
1086 1805 1201 1865 Bewe=
1234 1808 1297 1868 auf
1318 1809 1365 1869 der
1387 1808 1591 1868 Universität
1613 1808 1639 1868 zu
1671 1808 1792 1868 Trier,
1819 1808 2034 1868 vertheidigte
2056 1805 2081 1865 im
2119 1805 2250 1865 Monat

1229 1855 1361 1915 August
1390 1855 1439 1915 des
1479 1857 1639 1917 1763sten
1673 1859 1833 1919 Jahres,
1861 1857 1888 1917 in
1934 1858 2016 1918 einer
2045 1858 2244 1918 öffentlichen

183 1903 311 1963 "Farbe
332 1904 527 1964 verändert;
553 1903 599 1963 ja,
615 1903 645 1963 es
666 1903 768 1963 macht
790 1903 835 1963 den
861 1903 1067 1963 Ungarischen
1093 1900 1201 1960 Berg=
1227 1902 1478 1962 Disputation,
1505 1902 1561 1962 den
1588 1906 1659 1966 auch
1690 1906 1715 1966 im
1757 1906 1870 1966 Druck
1896 1906 2106 1966 erschienenen
2138 1906 2245 1966 Satz:

1254 1947 1330 2007 Daß
1367 1950 1418 2010 die
1455 1951 1738 2011 merkwürdigsten
1786 1954 2003 2014 Spaltungen
2050 1953 2101 2013 der
2127 1954 2245 2014 Kirche

1224 1996 1272 2056 die
1294 1996 1489 2056 Griechische
1512 1998 1570 2058 und
1598 1999 1820 2059 Französische
1843 2000 1989 2060 wären."
2022 1998 2141 2058 Dieser
2164 2001 2250 2061 Satz

1220 2045 1322 2105 aber,
1345 2045 1374 2105 in
1408 2046 1436 2106 so
1465 2043 1557 2103 ferne
1592 2047 1723 2107 selbiger
1752 2046 1803 2106 die
1827 2046 2049 2106 Französische
2078 2047 2135 2107 für
2165 2049 2249 2109 schis¬

1229 2097 1350 2157 matisch
1378 2094 1539 2154 angiebt,
1561 2096 1599 2156 ist
1622 2097 1666 2157 als
1694 2097 1777 2157 falsch
1805 2097 1865 2157 und
1894 2097 2076 2157 frevelhaft
2094 2097 2242 2157 verdam¬

1221 2150 1310 2210 met,
1333 2150 1393 2210 und
1423 2148 1589 2208 gedachter
1612 2148 1718 2208 Pater
1747 2148 1909 2208 Krains,
1932 2151 2037 2211 wegen
2077 2148 2127 2208 des
2155 2149 2244 2209 hier¬

1230 2201 1321 2261 durch
1345 2202 1397 2262 der
1426 2199 1664 2259 Französischen
1693 2200 1808 2260 Kirche
1838 2202 2028 2262 zugefügten
2058 2201 2219 2261 Unbildes

1234 2252 1327 2312 seiner
1350 2252 1521 2312 Professur
1538 2252 1592 2312 und
1621 2252 1896 2312 Dechantenstelle
1919 2252 1968 2312 der
1985 2252 2228 2312 Theologischen

1229 2303 1383 2363 Facultät
1400 2303 1561 2363 entsetzet,
1578 2303 1638 2363 und
1661 2303 1760 2363 sofort
1777 2303 1915 2363 unfähig
1938 2300 2076 2360 erkläret
2093 2300 2242 2360 worden,

1221 2352 1280 2412 auf
1302 2351 1383 2411 einer
1411 2349 1536 2409 Schule
1558 2351 1585 2411 im
1629 2351 1677 2411 dem
1721 2352 1835 2412 ganzen
1868 2351 2020 2411 Erzstifte
2037 2350 2134 2410 Trier
2157 2348 2243 2408 eini¬

1215 2402 1258 2462 ge
1286 2400 1443 2460 Function
1482 2400 1514 2460 zu
1542 2402 1709 2462 versehen.
1759 2402 1872 2462 Nebst
1895 2399 1943 2459 dem
1987 2397 2101 2457 mußte
2129 2393 2161 2453 er
2183 2396 2231 2456 die

1229 2449 1331 2509 Lande
1353 2447 1402 2507 des
1429 2449 1765 2509 Churfürstenthums
1798 2449 1977 2509 verlassen,
2005 2445 2063 2505 und
2091 2443 2242 2503 gleicher¬

1223 2500 1334 2560 massen
1366 2497 1387 2557 im
1425 2497 1530 2557 Druck
1557 2500 1641 2560 einen
1674 2500 1853 2560 feyerlichen
1885 2494 2054 2554 Widerruf
2076 2491 2128 2551 des
2156 2491 2240 2551 Sa¬

195 2542 289 2602 "alles
313 2542 371 2602 hat
389 2541 483 2601 mich,
507 2540 595 2600 nebst
619 2539 701 2599 einer
725 2548 883 2608 gelehrten
907 2553 1024 2613 Person
1048 2551 1106 2611 von
1131 2550 1195 2610 Di-
1225 2551 1312 2611 tzes,
1337 2547 1359 2607 in
1390 2545 1418 2605 so
1437 2548 1524 2608 ferne
1543 2548 1571 2608 er
1596 2548 1648 2608 das
1672 2548 1883 2608 Französische
1902 2545 2048 2605 Schisma
2078 2542 2130 2602 zum
2166 2542 2236 2602 Ge¬

1222 2600 1392 2660 genstande
1422 2598 1504 2658 hat,
1528 2599 1686 2659 öffentlich
1722 2596 1815 2656 thun.

1471 2646 1669 2706 London,
1700 2643 1754 2703 den
1791 2643 1851 2703 12,
1876 2641 1978 2701 Febr.

1269 2694 1342 2754 Hr.
1363 2694 1565 2754 Whitefeld,
1600 2694 1653 2754 der
1681 2689 1896 2749 Methodisten
1931 2694 2052 2754 Haupt
2080 2697 2140 2757 und
2167 2694 2234 2754 Bi=

1224 2749 1330 2809 schof,
1354 2745 1514 2805 verlangt
1544 2741 1602 2801 aus
1638 2739 1792 2799 England
1840 2742 1946 2802 einige
1977 2748 2230 2808 methodistische

1228 2798 1389 2858 Prediger
1417 2794 1491 2854 nach
1526 2790 1735 2850 Neu=Yorck
1763 2790 1789 2850 zu
1823 2793 2006 2853 Missionen
2060 2796 2154 2856 unter
2182 2796 2228 2856 die

182 2827 239 2887 "in
268 2841 308 2901 ein
338 2845 452 2905 kleines
482 2847 567 2907 Glas
591 2844 729 2904 thaten,
753 2841 850 2901 dieses
874 2844 1075 2904 Menstruum
1122 2848 1191 2908 dar=
1220 2847 1375 2907 Heyden.
1456 2846 1507 2906 In
1543 2841 1854 2901 Westmünsterhall
1883 2845 2004 2905 werden
2039 2845 2131 2905 große
2160 2844 2234 2904 Ge¬

1216 2900 1306 2960 rüste
1326 2897 1509 2957 angebaut,
1536 2894 1613 2954 weil
1628 2893 1705 2953 Lord
1732 2896 1843 2956 Biron
1870 2897 1993 2957 ehstens
2020 2897 2151 2957 daselbst
2171 2891 2235 2951 we=

2158 2950 2216 3010 gen
