2479 3508
459 318 984 398 London, den 5. März.
252 395 1584 450 Was unsere einheimischen Geschäfte betrift, so ist erkannt worden.
214 443 1237 501 die Sache des Lords Byron gegenwärtig diejenige,
211 489 965 547 von welcher man am meisten spricht.
1017 493 1237 556 Er hat im
221 539 1234 595 Tower dasselbe Quartier, welches der berufene Hr.
214 584 1241 649 Wilkes gehabt hat. Bloß die Kosten des Gerüstes,
211 639 1242 692 welches seinetwegen für das Gericht in dem Westmüͤn¬
217 688 1237 745 ster Saal aufgebauet wird, werden itzt auf 7500 Pf.
211 741 1234 796 Sterl. berechnet. Von dem Parlemente ist nun für
206 791 1241 851 denjenigen, welcher die Meereslänge völlig richtig
211 841 1241 896 wird ausfindig machen, die erhöhete Summa von
214 891 1242 949 30000 Pf. Sterl. ausgesetzet worden, und wer Bey¬
206 939 1241 995 träge zur wichtigen Entdeckung liefert, soll, nach
214 987 1237 1042 Maaßgebung ihres Werths, ebenfalls belohnet wer¬
211 1042 1234 1088 den. Bey Stallbridge ist neulich ein Aufstand unter
211 1085 1237 1143 dem Volke gewesen, welches einige Mühlen und
211 1130 1242 1191 Häuser geplündert und geschleift, und dabey eine
214 1181 1141 1236 Menge Lebensmittel mit sich fortgeschleppet hat.
446 1227 1010 1291 Franeker, den 9. März.
270 1266 1239 1340 In dem benachbarten Dorfe Wiewerd hat man
206 1324 1234 1383 eine Leiche aufgegraben, von der man versichert zu
209 1380 1231 1445 seyn glaubt, daß sie ver Körper der im Jahr 1678
206 1432 1234 1488 daselbst begrabenen gelehrten Anne Marie Schurman¬
207 1483 1229 1534 nin sey. Ihre Gliedmaßen wurden ganz biegsam be¬
207 1531 1237 1582 funden, wie an einem lebendigen Menschen, und
202 1579 1234 1632 ihre Kleidung sah aus, wie Flittergold; welches letz¬
207 1624 1239 1687 tere man einem gewissen, dem Senf ähnlichen Gesä¬
206 1674 1242 1727 me, womit der Sarg angefüllt war, zuschreibt. Diese
211 1723 1242 1778 gelehrte Jungfer war im Jahr 1607, aus einer an¬
214 1767 1237 1826 sehnlichen Familie, zu Cöln geboren, und sprach nicht
207 1813 1239 1874 nur Französisch, Italiänisch und Englisch mit der
217 1864 1244 1927 gröͤßten Fertigkeit, sondern verstand auch die lateini=
221 1922 1234 1979 sche, griechische und hebräische Sprachen, und hatte
206 1972 1234 2034 keine geringe Kenntniß in der Geographie, Weltweis¬
214 2025 1234 2083 heit, Geschichte, Mathematik, Theologie, Malerey,
207 2075 1239 2125 Bildhauerkunst und Musik. Sie unterhielt mit den
207 2123 1242 2176 gelehrtesten Männern ihrer Zeit einen starken Brief¬
206 2171 1234 2228 wechsel. Es hätte nur an ihr gelegen, die Gemah¬
206 2221 1232 2276 lin des Raths=Pensionarius, Jacob Cats, zu werden;
214 2266 1237 2327 aber ihre Liebe zu den Wissenschaften vertrieb die
211 2311 1232 2374 Neigung zum Ehestand. In ihren letzten Jahren
199 2364 1234 2422 wurde sie eine Anhängerin des Labadie, den sie auf
217 2415 1239 2483 seinen Reisen begleitete. Nach seinem Absterben begab
217 2468 1211 2528 sie sich nach Wiewerd, wo sie am 5. May 1678 starb.
504 2510 969 2584 Rom, den 16. Febr.
259 2546 1232 2618 Se. Kayserl. Maj. haben den hiesigen Buchdru¬
199 2611 1234 2667 cker Komareck, wegen des, bey Gelegenheit der Rö¬
206 2662 1229 2722 mischen Königswahl, von ihm herausgegebenen Bu¬
211 2714 1237 2783 ches, Arcadia betittelt, mit einer goldenen Medaille
206 2755 866 2840 40 Scudi am Werth, begnadigt.
479 2810 979 2883 Genua, den 20. Febr.
252 2843 1237 2923 Der Holländische Consul bey dieser Republik, Herr
199 2914 1237 2976 du Moulin, ist von des Königs von Preußen Maj.
197 2976 1239 3047 ebenfalls zu Dero Agenten und Consul allhier bestellt,
1266 325 2297 406 und in dieser Qualität von der hiesigen Regierung
1397 440 2299 499 Die Folgen des strengen Winters von
1267 489 2299 549 1762 = 1763, der allen Arten Getraide und allen
1267 542 2294 595 niedrigen Erdgewächsen am gauzen Mittelländischen
1271 591 2297 644 Meere so schadlich gewesen ist, und eine so große
1267 645 2297 698 Theurung in allen umliegenden Gegenden dieses Mee¬
1267 698 2287 756 res, weil kein Schnee gefallen war, verursachet hat,
1274 743 2299 798 zeigen sich nun auch auf eine sehr merkliche Art bey
1271 781 2297 854 den Bäumen und Baumfrüchten. Hauptsächlich ist
1274 839 2301 907 dieses bey dem Mandelbaume, und insonderheit bey
1267 884 2299 947 dem Olivenbaume, als dem zartesten unter allen,
1269 941 2299 990 zu ersehen. Denn, obgleich im vorigen Jahr eine
1267 990 2299 1048 ziemliche Erndte von itztgedachten Bäumen gewesen
1274 1038 2294 1095 ist, welches jederzeit zu geschehen pfleget, wenn die
1281 1086 2299 1141 zarten Wurzeln der starken Baͤume durch heftige Kal¬
1266 1138 2296 1203 te oder durch andere Ursachen, geschwächet worden,
1279 1181 2299 1237 so sind doch erstere nachhero größtentheils ausgegan¬
1267 1239 2299 1291 gen, so, daß man nicht allein dieses Jahr, sondern
1267 1284 2297 1335 auch auf verschiedene folgende Jahre, sich wenige
1277 1332 2299 1390 Erndte wird versprechen können, destomehr, weil
1267 1378 2287 1441 der noch vorhandene Olivenbaum nicht treiben will,
1267 1432 2294 1491 und keine Blüthknospen mehr zeiget, daher zu be¬
1277 1485 2297 1539 fürchten ist, daß ein großer Theil dieser, dem ersten
1267 1531 2294 1584 Ansehen nach gutgebliebenen Baume ebenfalls erster¬
1267 1584 2297 1636 ben dürfte. Wegen dieser Umstände, und weil im
1267 1634 2291 1689 Jahr 1763 ein Mißwachs in vielen Gewächsen, und
1267 1685 2294 1733 besonders in den Oliven gewesen ist, auch der Land¬
1267 1722 2287 1781 mann fürerst kein Oel verkaufen will, steigen die
1279 1767 2294 1828 Preise des Oels täglich, und die Mandeln dürften in
1266 1821 2291 1893 kurzer Zeit ebenfalls zu einem so hohen Preise gelan¬
1271 1864 1995 1936 gen, als sie lange nicht gewesen sind.
1523 1926 2032 1992 Wilda, den 15. März.
1314 1981 2287 2042 Sr. Durchl. der Fürst Potkomarsi Radziwil sind
1266 2022 2284 2087 dieser Tagen in unserer Residenz angelanget, und
1267 2077 2286 2138 nachdem sich Dieselben in Ihren eigenen Affairen eine
1267 2120 2287 2175 kurze Zeit hieselbst aufgehalten haben, so reiseten
1274 2171 2294 2223 Sie gestern wieder von hier ab. Der Preis des Ge¬
1266 2219 2291 2271 traides ist gegenwärtig dieser. Die Tonne Gerste
1271 2269 2294 2334 gilt 17 fl. der Roggen 15 fl. 6 gr. der Haber 11 fl.
1266 2319 2292 2379 12 gr. Die letzte Königsbergische Post ist wegen
1269 2369 2284 2428 des schlimmen Weges noch nicht angekommen. Die
1266 2417 2292 2475 Kriegescommission in Grodno hat in Abwesenheit de¬
1272 2473 2292 2535 rer Feldherrn noch immer ihren Fortgang unter der
1261 2508 1816 2578 Aufsicht unseres Woywoden.
1269 2546 2281 2661 Wechsel-Cours & Species d. 28. Mart. 1765.
1267 2636 1788 2707 Amsterdam 41 Tage 309 gr.
1869 2637 2219 2724 71 Tage 3074gr.
1272 2684 1738 2772 Hamburg 3 W. 1334 gr.
1859 2681 2127 2759 6 W. 132gr.
1261 2734 1398 2800 Berlin
1777 2735 2185 2795 Dantzig 25 pr. Cto.
1262 2775 1702 2871 Ducaten neue 9 fl. 5 gr.
1831 2785 2248 2858 Alberts Taler 129 gr.
1261 2827 1577 2914 Rubel 1134 gr.
1752 2833 2284 2893 Alt Polnisch Geld 12 pr. Cto.
1271 2888 2291 2954 Diese Gelehrte und Politische Zeitung wird des Montag=
1375 2939 2186 3006 und Freytags Vormittags um 10 Uhr in dem
1453 2977 2107 3062 Kanterschen Buchladen ausgegeben.
