2479 3508
240 343 293 403 des
330 343 403 403 4ten
440 342 634 402 Trabanten
671 339 725 399 des
756 342 962 402 Jupiters,
1000 342 1266 402 Observätionen

248 392 355 452 wegen
394 389 442 449 der
464 389 788 449 Sonnenfinsterniß
827 389 881 449 vom
924 392 1005 452 1sten
1038 390 1146 450 Aprill
1168 393 1276 453 1764.

243 441 313 501 eine
346 437 493 497 Theorie
521 437 575 497 des
614 440 847 500 Mercurius,
881 441 929 501 ein
962 442 1174 502 Verzeichniß
1213 440 1267 500 von

244 491 297 551 den
334 488 434 548 besten
471 488 739 548 astronomischen
775 491 930 551 Büchern
967 492 1025 552 und
1074 494 1276 554 verschiedne

245 541 347 601 andre
372 539 517 599 wichtige
548 539 699 599 Artickel.

513 589 717 649 London,
754 589 808 649 den
851 589 893 649 8.
918 591 1020 651 Febr.

295 636 372 696 Sr.
399 635 495 695 Maj.
522 637 645 697 werden
684 640 917 700 unverzüglich
944 639 1074 699 Befehl
1107 640 1261 700 ertheilen

245 688 282 748 um
327 685 380 745 vor
408 688 462 748 dem
501 688 696 748 Oberhause
730 688 784 748 den
823 688 947 748 Proceß
981 688 1062 748 über
1095 688 1143 748 die
1171 689 1274 749 wider
1308 694 1410 754 rettet
1427 694 1579 754 worden.

251 737 304 797 den
343 736 424 796 Lord
458 738 572 798 Biron
616 739 844 799 eingebrachte
873 739 1182 799 Beschuldigung,
1221 739 1275 799 den

249 787 345 847 Hrn.
363 786 551 846 Chawort,
581 788 665 848 einen
701 788 831 848 Herrn,
856 786 912 846 der
936 787 975 847 ein
1005 789 1181 849 jährliches
1205 781 1290 841 Ein¬

251 835 397 895 kommen
430 835 490 895 von
523 834 615 894 3000
649 835 719 895 Pf.
747 834 871 894 Sterl.
899 837 1019 897 besaß,
1057 838 1117 898 vor
1150 839 1274 899 einigen

256 887 366 947 Tagen
400 885 422 945 in
451 885 539 945 einem
579 882 690 942 Duell
713 885 856 945 getödtet
885 885 912 945 zu
946 888 1079 948 haben,
1108 888 1291 948 vorzuneh¬

254 936 350 996 men.
396 936 475 996 Der
504 934 612 994 König
636 933 720 993 will,
738 936 794 996 daß
824 936 886 996 mit
903 939 1068 999 gedachtem
1109 937 1182 997 Lord
1211 936 1279 996 nach

253 985 306 1045 den
339 987 474 1047 Rechten
507 987 680 1047 verfahren
713 985 842 1045 werde,
870 987 929 1047 und
962 987 1010 1047 die
1043 987 1194 1047 Freunde
1222 984 1275 1044 des
1315 984 1411 1044 unser
1439 987 1709 1047 allergnädigster
1732 990 1839 1050 König
1872 990 1931 1050 und
1954 990 2056 1050 Herr,
2073 990 2099 1050 in
2127 990 2175 1050 die
2197 990 2332 1050 Kapelle

253 1036 440 1096 Entleibten
480 1034 591 1094 wollen
624 1037 696 1097 auch
735 1036 784 1096 den
824 1037 901 1097 Lord
935 1037 1001 1097 nach
1040 1037 1089 1097 den
1129 1034 1272 1094 Gesetzen
1317 1031 1456 1091 begeben
1489 1035 1550 1095 und
1584 1038 1633 1098 die
1661 1040 1744 1100 heil.
1772 1040 1877 1100 Messe
1905 1040 2093 1100 angehöret
2122 1040 2248 1100 hatten,
2271 1037 2326 1097 ver

253 1086 319 1146 mit
342 1085 392 1145 der
415 1085 581 1145 äußersten
615 1086 765 1146 Strenge
788 1087 977 1147 verfolgen.
1028 1082 1289 1142 Jetzt'befindet

265 1136 317 1196 sich
344 1136 412 1196 hier
440 1133 487 1193 der
514 1134 683 1194 berühmte
710 1134 847 1194 deutsche
874 1133 1027 1193 Virtuose
1059 1134 1122 1194 und
1149 1130 1291 1190 Compo¬

258 1184 344 1244 nist,
367 1181 551 1241 Wolfgang
579 1178 737 1238 Bozart,
776 1181 819 1241 ein
852 1181 967 1241 Knabe
995 1181 1054 1241 von
1087 1182 1103 1242 8
1136 1178 1288 1238 Jahren.

263 1228 312 1288 Er
333 1228 388 1288 hat
408 1228 559 1288 dreymal
580 1226 624 1286 die
650 1225 740 1285 Ehre
761 1228 886 1288 gehabt
907 1228 962 1288 vor
993 1227 1048 1287 dem
1089 1226 1194 1286 König
1224 1225 1284 1285 und

256 1279 311 1339 der
334 1278 479 1338 Königin
513 1276 540 1336 zu
569 1276 720 1336 spielen,
743 1276 803 1336 und
832 1275 882 1335 der
911 1276 1055 1336 Königin
1084 1276 1100 1336 6
1134 1276 1195 1336 von
1224 1273 1273 1333 ihm

264 1327 474 1387 componirte
502 1327 661 1387 Sonaten
695 1324 750 1384 für
784 1326 838 1386 das
861 1326 999 1386 Clavier
1027 1327 1115 1387 nebst
1143 1327 1198 1387 dem
1237 1324 1281 1384 Ac

255 1378 532 1438 compagnement
554 1376 639 1436 einer
667 1378 805 1438 Violine
832 1379 896 1439 und
923 1381 1008 1441 eines
1035 1381 1227 1441 Violoncels
1254 1381 1286 1441 zu

255 1431 491 1491 überreichen,
516 1431 564 1491 die
589 1431 679 1491 Ihro
716 1431 819 1491 Maj.
838 1433 922 1493 nicht
941 1434 1031 1494 allein
1062 1434 1134 1494 sehr
1159 1431 1280 1491 gnädig
1317 1434 1493 1494 versehen.

251 1482 529 1542 aufgenommen,
554 1482 688 1542 sondern
724 1482 792 1542 auch
823 1482 877 1542 von
908 1485 962 1545 dem
1002 1484 1121 1544 jungen
1151 1482 1294 1542 Compo¬

250 1530 351 1590 nisten
394 1533 575 1593 executiren
608 1531 773 1591 gehöret,
805 1532 869 1592 und
902 1533 965 1593 mit
987 1536 1077 1596 Dero
1110 1535 1285 1595 besondern

257 1584 406 1644 Königl.
424 1581 669 1641 Wohlgefallen
700 1581 896 1641 begnadiget
921 1581 1045 1641 haben.

471 1628 561 1688 St.
588 1628 774 1688 James,
801 1628 854 1688 den
892 1628 955 1688 16.
982 1628 1082 1688 Febr.

316 1672 509 1732 Ehegestern
537 1673 774 1733 Nachmittage
808 1670 918 1730 mußte
946 1673 995 1733 der
1024 1673 1095 1733 Hr,
1112 1673 1283 1733 Williams

262 1723 375 1783 wegen
417 1721 468 1781 der
494 1721 592 1781 Nro.
613 1721 679 1781 45.
711 1718 767 1778 des
805 1718 1062 1778 Northbriton,
1093 1721 1150 1781 den
1192 1721 1222 1781 er
1248 1721 1284 1781 ge

269 1771 374 1831 druckt
396 1769 506 1829 hatte,
540 1766 611 1826 eine
634 1766 777 1826 Stunde
795 1766 867 1826 lang
895 1767 1055 1827 öffentlich
1083 1769 1115 1829 an
1149 1766 1198 1826 der
1227 1766 1298 1826 Pi¬

265 1820 338 1880 jory
376 1819 406 1879 zu
443 1817 689 1877 Westmünster
715 1817 843 1877 stehen.
918 1819 997 1879 Der
1023 1819 1293 1879 Miethswagen,

259 1870 396 1930 welcher
420 1870 473 1930 ihn
517 1867 611 1927 dahin
648 1867 785 1927 führte,
816 1870 904 1930 hatte
941 1873 1072 1933 dieselbe
1109 1873 1293 1933 Nummer.

266 1922 328 1982 Als
357 1921 385 1981 er
414 1921 504 1981 dahin
533 1921 629 1981 kam,
658 1921 777 1981 grüßte
800 1924 828 1984 er
851 1922 902 1982 das
931 1924 1032 1984 Volk,
1056 1927 1192 1987 welches
1215 1924 1288 1984 man

267 1974 380 2034 10000
415 1975 528 2035 Mann
564 1973 642 2033 stark
672 1972 814 2032 schätzte.
889 1975 1014 2035 Dieses
1043 1978 1185 2038 bezeigte
1220 1978 1271 2038 ihm

266 2023 322 2083 sein
351 2025 561 2085 Mitleiden,
590 2025 652 2085 und
675 2025 760 2085 rufte
784 2026 971 2086 öffentlich:
994 2026 1044 2086 Es
1069 2029 1136 2089 lebe
1159 2031 1210 2091 der
1228 2028 1295 2088 Kö¬

253 2076 332 2136 nig,
362 2075 510 2135 Wilkes,
534 2073 716 2133 Williams
757 2074 819 2134 und
860 2076 911 2136 die
940 2079 1117 2139 Freyheit.
1187 2079 1278 2139 Man

262 2124 377 2184 krönte
408 2126 458 2186 ihn
499 2124 558 2184 mit
579 2124 664 2184 einem
705 2127 982 2187 Lorrbeerkranz,
1018 2130 1078 2190 und
1113 2127 1198 2187 einer
1224 2126 1279 2186 von

265 2172 365 2232 seiner
392 2175 545 2235 Parthey
578 2175 673 2235 hielte
706 2175 901 2235 währender
928 2178 1002 2238 Zeit
1035 2175 1092 2235 für
1130 2174 1182 2234 ihn
1220 2175 1262 2235 ein

267 2220 405 2280 Collecte
430 2220 526 2280 unter
545 2220 597 2280 dem
637 2220 747 2280 Volk,
771 2220 920 2280 wodurch
949 2220 1011 2280 200
1045 2223 1199 2283 Guineen
1233 2223 1295 2283 ein=

263 2267 393 2327 kamen.
446 2267 514 2327 Auf
540 2267 592 2327 der
614 2267 733 2327 andern
765 2267 870 2327 Seite
897 2270 1132 2330 versammlete
1159 2270 1205 2330 sich
1237 2273 1289 2333 das

263 2318 357 2378 Volk
384 2318 421 2378 an
459 2315 543 2375 einem
592 2315 707 2375 andern
751 2317 846 2377 Ort,
878 2321 941 2381 und
979 2321 1042 2381 gab
1080 2321 1175 2381 gegen
1223 2324 1291 2384 eine

260 2374 393 2434 gewisse
424 2369 546 2429 Person
583 2364 643 2424 von
668 2366 759 2426 Hofe
790 2369 850 2429 alle
882 2369 942 2429 nur
973 2370 1130 2430 mögliche
1156 2374 1283 2434 Zeichen

266 2426 320 2486 des
346 2423 468 2483 Hasses
494 2420 523 2480 an
556 2414 610 2474 den
642 2416 733 2476 Tag.

542 2464 732 2524 Genua,
756 2467 813 2527 den
848 2467 911 2527 26.
941 2470 1032 2530 Jan.

318 2519 390 2579 Der
413 2521 501 2581 Herr
524 2515 584 2575 von
613 2515 818 2575 Marbocal,
841 2521 1091 2581 Commendant
1119 2521 1168 2581 der
1197 2522 1291 2582 fran¬

269 2572 413 2632 zösischen
447 2569 624 2629 Truppen,
641 2566 702 2626 hat
730 2566 780 2626 bey
808 2566 935 2626 unserer
963 2570 1158 2630 Regierung
1191 2572 1291 2632 ange¬

264 2620 371 2680 fragt,
395 2620 428 2680 ob
458 2621 508 2681 die
532 2620 702 2680 Republik
725 2617 810 2677 nicht
833 2617 884 2677 für
902 2617 964 2677 gut
982 2620 1123 2680 befinde,
1152 2622 1209 2682 daß
1238 2622 1283 2682 die

263 2664 469 2724 Einwohner
496 2668 553 2728 von
585 2670 703 2730 Bastia
729 2666 916 2726 entwafnet
932 2670 1087 2730 würden,
1114 2673 1206 2733 indem
1253 2671 1284 2731 er

264 2712 352 2772 nicht
370 2715 464 2775 dafür
492 2721 592 2781 halte,
604 2723 659 2783 daß
687 2721 754 2781 man
788 2719 882 2779 ihnen
911 2719 1022 2779 trauen
1050 2724 1161 2784 dürfe.
1184 2721 1272 2781 Hier

258 2766 319 2826 auf
342 2763 380 2823 ist
403 2764 525 2824 sogleich
553 2768 603 2828 der
626 2772 725 2832 große
748 2772 837 2832 Rath
860 2772 1183 2832 zusammenberufen
1206 2772 1289 2832 wor¬

272 2817 348 2877 den,
373 2814 455 2874 diese
479 2813 591 2873 Sache
609 2816 638 2876 in
662 2823 898 2883 Ueberlegung
922 2823 951 2883 zu
981 2823 1146 2883 nehmen.

496 2862 734 2922 Lissabon,
761 2870 812 2930 den
851 2874 922 2934 17.
948 2873 1044 2933 Jan.

300 2915 406 2975 Unter
433 2915 479 2975 den
513 2916 692 2976 Schiffen,
719 2920 765 2980 die
793 2922 845 2982 bey
886 2924 938 2984 dem
985 2927 1038 2987 seit
1066 2927 1191 2987 einiger
1218 2926 1291 2986 Zeit

1306 345 1465 405 gehabten
1501 345 1748 405 Sturmwinde
1779 348 1949 408 geblieben
1985 347 2073 407 sind,
2109 346 2256 406 befindet
2281 345 2327 405 sich

1305 395 1361 455 das
1396 395 1600 455 französische
1640 393 1759 453 Schiff
1788 397 1810 457 la
1839 395 1947 455 Reine
1976 397 2026 457 des
2055 393 2163 453 Anges
2192 395 2293 455 Capit
2311 393 2339 453 le

1301 443 1402 503 Sot,
1429 445 1562 505 welches
1595 443 1652 503 von
1685 443 1796 503 Havre
1824 445 1855 505 de
1882 449 1999 509 Grace
2026 447 2084 507 mit
2106 445 2329 505 Stückgütern

1310 494 1381 554 nach
1410 494 1514 554 Cadix
1531 494 1625 554 ging.
1676 491 1752 551 Die
1770 494 1897 554 Ladung
1925 497 2024 557 dieses
2052 497 2085 557 10
2119 494 2240 554 Meilen
2268 494 2323 554 von

1307 545 1378 605 hier
1401 542 1643 602 verunglückten
1671 541 1814 601 Schiffes
1842 544 1919 604 wird
1941 547 2001 607 auf
2024 548 2183 608 1200000
2217 545 2327 605 Livres

1305 592 1478 652 geschätzt,
1505 592 1564 652 und
1592 592 1651 652 sind
1679 589 1733 649 von
1766 592 1863 652 dieser
1885 594 2004 654 ganzen
2037 598 2166 658 Ladung
2194 595 2253 655 nur
2276 594 2335 654 un¬

1303 643 1418 703 gefähr
1449 642 1512 702 100
1547 643 1652 703 theils
1681 643 1798 703 große,
1821 643 1926 703 theils
1956 646 2060 706 kleine
2084 649 2252 709 Ballotten
2288 646 2339 706 ge¬

1549 741 1761 801 Ostende,
1803 738 1857 798 den
1893 739 1957 799 14.
1981 742 2081 802 Jan.

1361 792 1408 852 Jn
1439 792 1566 852 London
1597 792 1657 852 sind
1682 787 1803 847 letztere
1827 785 1942 845 Woche
1967 789 2051 849 3000
2088 793 2215 853 Weber
2234 799 2342 859 gezeh=

1313 837 1356 897 let
1379 838 1506 898 worden
1534 840 1583 900 die
1606 842 1689 902 keine
1712 837 1833 897 Arbeit
1851 837 1977 897 hatten.

1535 891 1796 951 Warschau,
1825 888 1883 948 den
1919 891 1982 951 21.
2012 888 2109 948 Febr.

1352 933 1510 993 Gestern,
1533 939 1578 999 als
1607 941 1641 1001 am
1681 939 1988 999 Aschermittwoch,
2005 938 2039 998 da
2068 939 2118 999 sich
2148 939 2221 999 Se.
2238 942 2340 1002 Maj.

1319 1079 1465 1139 richteten
1495 1085 1619 1145 darauf
1637 1087 1711 1147 Se.
1728 1088 1807 1148 Exc.
1826 1091 1882 1151 der
1905 1091 1972 1151 Hr.
1990 1091 2126 1151 Bischof
2150 1093 2206 1153 von
2241 1090 2342 1150 Cuja¬

1312 1127 1384 1187 vien
1423 1129 1472 1189 die
1501 1136 1689 1196 Ceremonie
1712 1139 1766 1199 des
1795 1142 1999 1202 Bestreuens
2022 1142 2083 1202 mit
2105 1142 2155 1202 der
2178 1142 2271 1202 Asche
2294 1142 2327 1202 an

1320 1176 1397 1236 Sr.
1416 1181 1582 1241 Majestät
1607 1187 1654 1247 dem
1697 1189 1845 1249 Könige.

1523 1234 1831 1294 Petersburg,
1859 1237 1912 1297 den
1951 1237 2015 1297 29.
2043 1237 2135 1297 Jan.

1360 1276 1460 1336 Ihro
1491 1278 1591 1338 Maj.
1616 1282 1716 1342 haben
1758 1282 1805 1342 die
1835 1282 1888 1342 von
1925 1282 1977 1342 der
2008 1284 2150 1344 hochsel.
2168 1283 2327 1343 Kayserin

1318 1328 1482 1388 Elisabeth
1528 1333 1692 1393 errichtete
1726 1333 1901 1393 Akademie
1937 1333 1993 1393 der
2027 1333 2214 1393 Malerey,
2243 1333 2344 1393 Bild¬

1315 1384 1515 1444 hauerkunst
1551 1386 1616 1446 und
1646 1387 1829 1447 Baukunst
1859 1387 1923 1447 mit
1953 1387 2035 1447 einem
2095 1387 2206 1447 reichen
2243 1385 2330 1445 Fond

1602 1486 1751 1546 Riga,
1776 1488 1830 1548 den
1866 1489 1931 1549 22.
1956 1488 2057 1548 Febr.

1367 1531 1533 1591 Vermöge
1562 1536 1650 1596 einer
1673 1536 1817 1596 Kaiserl.
1840 1537 1934 1597 Ukase
1951 1539 2006 1599 vom
2040 1536 2106 1596 6ten
2129 1536 2228 1596 April
2240 1536 2329 1596 1764

1315 1581 1494 1641 publiciret
1522 1581 1549 1641 in
1582 1583 1674 1643 Riga
1707 1584 1761 1644 den
1795 1584 1865 1644 4ten
1898 1584 2001 1644 Febr.
2029 1587 2143 1647 1765,
2177 1587 2214 1647 ist
2237 1584 2279 1644 die
2307 1584 2328 1644 in

1321 1623 1375 1683 den
1414 1628 1635 1688 conquetirten
1670 1628 1806 1688 schwed.
1831 1631 2022 1691 Provinzen
2062 1631 2174 1691 bisher
2204 1634 2258 1694 für
2288 1634 2336 1694 die

1324 1670 1524 1730 Ehebrecher
1550 1673 1610 1733 und
1636 1676 1746 1736 Hurer
1767 1676 1937 1736 angesetzte
1963 1679 2088 1739 Strafe
2114 1679 2164 1739 der
2185 1681 2340 1741 Kirchen¬

1327 1717 1411 1777 busse
1449 1720 1654 1780 abgeschaft,
1691 1724 1754 1784 und
1791 1724 1865 1784 statt
1902 1724 2060 1784 derselben
2108 1726 2176 1786 eine
2208 1729 2334 1789 gewisse

1332 1766 1458 1826 Strafe
1480 1769 1648 1829 festgesetzt
1665 1772 1817 1832 worden.
1866 1775 2065 1835 Bemittelte
2087 1778 2145 1838 und
2166 1778 2340 1838 Standes=

1325 1817 1477 1877 personen
1506 1822 1613 1882 zahlen
1642 1822 1698 1882 für
1721 1822 1772 1882 den
1801 1822 1970 1882 Ehebruch
1994 1827 2010 1887 4
2039 1828 2169 1888 Rubel,
2192 1830 2344 1890 geringe¬

1317 1870 1349 1930 re
1381 1870 1391 1930 2
1424 1873 1551 1933 Rubel,
1584 1876 1876 1936 unverheirathete
1909 1879 1999 1939 wenn
2037 1879 2073 1939 sie
2101 1881 2153 1941 vom
2197 1882 2334 1942 Stande

1323 1923 1411 1983 sind,
1435 1930 1541 1990 zahlen
1577 1928 1594 1988 1
1624 1930 1754 1990 Rubel,
1785 1933 1914 1993 geringe
1938 1933 2109 1993 Personen
2181 1936 2304 1996 Rubel.

1622 2025 2027 2085 AVERTISSEMENT.

1370 2071 1443 2131 Bey
1478 2073 1534 2133 dem
1580 2073 1738 2133 Verleger
1773 2076 1874 2136 dieser
1898 2076 2033 2136 Zeitung
2068 2078 2107 2138 ist
2136 2076 2169 2136 zu
2204 2076 2339 2136 haben:

1322 2123 1407 2183 Ant.
1427 2122 1552 2182 Fabers
1578 2121 1658 2181 neue
1684 2121 1885 2181 europäische
1911 2121 2212 2181 Staatscanzeley,
2238 2127 2333 2187 11ter

1326 2168 1438 2228 Theit,
1463 2168 1504 2228 8,
1529 2168 1587 2228 Ulm
1630 2169 1718 2229 764,
1743 2169 1761 2229 1
1785 2169 1820 2229 fl.
1844 2169 1879 2229 15
1910 2172 1963 2232 gr.
2035 2175 2130 2235 Joh.
2160 2175 2243 2235 Chr.
2268 2175 2344 2235 Hir=

1319 2217 1431 2277 schens
1458 2217 1669 2277 Sammlung
1695 2218 1927 2278 öconomischer
1948 2223 2185 2283 Nachrichten,
2212 2226 2268 2286 wie
2289 2226 2335 2286 der

1318 2264 1518 2324 Holzwuchs
1551 2267 1718 2327 befördert
1747 2270 1870 2330 werden
1909 2273 2039 2333 könne,
2088 2274 2142 2334 2te
2176 2276 2272 2336 Aufl.
2300 2279 2343 2339 8,

1324 2315 1450 2375 Brem.
1468 2318 1554 2378 764.
1584 2318 1601 2378 1
1630 2318 1664 2378 fl.
1688 2319 1745 2379 D.
1763 2321 1815 2381 S.
1833 2321 1937 2381 Basch
1966 2325 2185 2385 Sammlung
2215 2327 2336 2387 einiger

1325 2366 1507 2426 Predigten
1535 2366 1568 2426 am
1607 2366 1701 2426 Tage
1724 2369 1778 2429 des
1801 2372 1905 2432 Herrn
1934 2377 2105 2437 gehalten,
2128 2380 2166 2440 8,
2183 2378 2332 2438 Weimar

1325 2416 1415 2476 764,
1433 2417 1449 2477 1
1473 2417 1512 2477 fl.
1558 2419 1620 2479 D.
1637 2420 1818 2480 Hollazens
1847 2426 1999 2486 evangel.
2017 2429 2339 2489 Gnadenordnung,

1320 2471 1363 2531 8,
1390 2468 1491 2528 Bud.
1510 2470 1599 2530 764,
1612 2470 1630 2530 1
1656 2472 1694 2532 fl.
1707 2473 1719 2533 6
1752 2473 1808 2533 gr.

1326 2536 1667 2596 Wechsel-Cours
1688 2539 1706 2599 &
1766 2546 1922 2606 Species
1943 2548 1981 2608 d.
2002 2551 2039 2611 7.
2070 2548 2196 2608 Mart.
2216 2548 2333 2608 1765.

1326 2589 1512 2649 Amsterdam
1547 2593 1588 2653 41
1612 2593 1693 2653 Tage
1716 2599 1774 2659 311
1798 2601 1849 2661 gr.

1926 2594 1971 2654 71
1990 2599 2079 2659 Tage
2105 2602 2194 2662 3094
2214 2605 2271 2665 gr.

1322 2641 1496 2701 Hamburg
1531 2641 1537 2701 3
1567 2642 1621 2702 W.
1636 2648 1726 2708 1334
1748 2649 1789 2709 gr.

1915 2646 1926 2706 6
1962 2644 2015 2704 W.
2033 2649 2098 2709 133
2116 2646 2168 2706 gr.

1317 2688 1429 2748 Berlin

1831 2697 1979 2757 Dantzig
2021 2695 2056 2755 24
2086 2697 2139 2757 pr.
2152 2697 2234 2757 Cto.

1318 2742 1465 2802 Ducaten
1488 2742 1567 2802 neue
1584 2744 1595 2804 9
1624 2748 1657 2808 fl.
1669 2750 1680 2810 5
1703 2751 1753 2811 gr.

1884 2745 2019 2805 Alberts
2039 2745 2131 2805 Taler
2150 2747 2236 2807 1291
2268 2751 2317 2811 gr.

1317 2793 1438 2853 Rubel
1457 2796 1542 2856 113.
1555 2796 1616 2856 116
1647 2799 1701 2859 gr.

1805 2793 1862 2853 Alt
1874 2793 2016 2853 Polnisch
2045 2796 2113 2856 Geld
2142 2798 2176 2858 12
2200 2799 2245 2859 pr.
2262 2799 2336 2859 Cto.

1309 2852 1408 2912 Diese
1433 2852 1571 2912 Gelehrte
1595 2854 1648 2914 und
1672 2855 1833 2915 Politische
1857 2850 1980 2910 Zeitung
2004 2849 2080 2909 wird
2104 2852 2150 2912 des
2174 2858 2327 2918 Montag=

1427 2895 1484 2955 und
1514 2897 1663 2957 Freytags
1683 2897 1886 2957 Vormittags
1911 2893 1944 2953 um
1983 2893 2007 2953 10
2037 2894 2099 2954 Uhr
2119 2898 2138 2958 in
2168 2900 2210 2960 dem

1506 2942 1707 3002 Kanterschen
1735 2939 1914 2999 Buchladen
1943 2942 2149 3002 ausgegeben.
