2479 3508
238 346 479 406 nungskrone,
504 345 551 405 der
575 345 794 405 Reichsapfel
812 345 870 405 und
900 345 1048 405 Scepter
1066 345 1136 405 auch
1161 345 1266 405 getra¬

242 397 331 457 gen,
358 395 426 455 auch
459 395 521 455 noch
554 395 653 455 dabey
686 392 727 452 die
754 394 1086 454 Belehnungsfahne
1118 392 1171 452 für
1203 394 1255 454 den

241 440 432 500 Erbprinz,
463 443 579 503 welche
610 443 680 503 eben
722 443 767 503 die
798 443 893 503 war,
919 443 979 503 mit
1010 443 1142 503 welcher
1173 443 1258 503 schon

243 493 359 553 ehedem
404 491 453 551 der
476 492 597 552 Herzog
620 494 758 554 Johann
780 494 879 554 Ernst
897 494 985 554 durch
1013 494 1101 554 einen
1129 492 1273 552 Bevoll=

247 542 437 602 mächtigten
469 543 616 603 belehnet
638 545 786 605 worden,
813 545 870 605 und
903 545 997 605 daher
1019 545 1092 605 auch
1119 544 1187 604 noch
1214 542 1266 602 der

247 594 361 654 Name
387 589 444 649 von
475 592 605 652 August
632 592 678 652 dem
725 593 793 653 3ten
830 594 985 654 darinnen
1022 592 1188 652 befindlich
1219 592 1276 652 ist,

251 640 318 700 doch
349 640 380 700 an
411 642 463 702 der
489 644 607 704 Spitze
634 643 788 703 derselben
820 643 866 703 den
903 643 1032 703 Namen
1063 643 1140 703 Sr.
1156 641 1275 701 jetztre¬

251 694 421 754 gierenden
459 692 557 752 Maj.
578 694 609 754 im
656 694 744 754 Zuge
776 693 973 753 vorstellete.
1041 691 1166 751 Neben
1208 691 1259 751 dem

261 742 391 802 Throne
412 742 482 802 war
502 742 558 802 von
589 742 668 802 einer
694 742 800 802 Seite
820 742 861 802 ein
891 742 951 802 mit
972 739 1138 799 Sammet
1159 739 1279 799 behan¬

251 792 348 852 gener
380 791 499 851 Tisch,
525 789 587 849 auf
613 792 742 852 welchen
779 790 851 850 man
888 789 934 849 die
966 789 1178 849 vorgedachte
1209 788 1281 848 In¬

255 843 368 903 signien
402 842 488 902 nebst
511 842 559 902 den
592 840 717 900 Kissen,
744 840 803 900 auf
826 840 918 900 denen
951 837 988 897 sie
1011 840 1162 900 getragen
1196 839 1282 899 wur¬

254 894 338 954 den,
365 891 524 951 hinlegte.
572 888 651 948 Von
689 888 741 948 der
774 888 895 948 andern
927 888 1028 948 Seite
1055 888 1107 948 des
1135 888 1271 948 Throns

255 942 342 1002 stand
373 941 471 1001 etwas
508 939 723 999 hinterwaͤrts
755 941 884 1001 gerüͤckt
916 939 956 999 ein
993 939 1188 999 sammetner
1215 936 1281 996 Ta¬

255 992 487 1052 bouretstuhl,
514 991 573 1051 auf
602 990 731 1050 welchem
775 990 904 1050 hernach
943 989 991 1049 der
1013 987 1181 1047 Erbprinz
1208 987 1278 1047 saß.

251 1040 325 1100 Der
352 1040 458 1100 König
490 1040 569 1100 nahm
612 1038 659 1098 die
676 1040 1005 1100 Belehnungskrone
1027 1039 1084 1099 auf
1101 1037 1153 1097 den
1175 1037 1281 1097 Kopf,

254 1093 321 1153 und
347 1088 491 1148 Scepter
513 1086 575 1146 und
601 1088 823 1148 Reichsapfel
845 1088 870 1148 in
896 1088 942 1148 die
969 1088 1119 1148 Hände,
1145 1088 1201 1148 und
1233 1083 1279 1143 die

258 1141 453 1201 Senatores
481 1137 622 1197 nahmen
650 1134 720 1194 ihre
743 1135 856 1195 Plätze
879 1136 948 1196 ein.
1020 1136 1085 1196 Als
1118 1133 1172 1193 der
1200 1130 1286 1190 Erb¬

261 1190 351 1250 prinz
382 1186 412 1246 in
453 1186 508 1246 den
549 1184 827 1244 Senatorensaal
858 1182 944 1242 trat,
970 1184 1086 1244 gingen
1122 1183 1177 1243 ihm
1228 1181 1278 1241 der

260 1228 618 1288 Krongroßmarschall
654 1228 784 1288 dißmal
826 1228 914 1288 nebst
951 1228 1002 1288 dem
1060 1231 1277 1291 Lithauischen

264 1282 537 1342 Großmarschall
559 1279 739 1339 entgegen,
766 1279 905 1339 nahmen
942 1276 988 1336 ihn
1030 1277 1055 1337 in
1092 1279 1138 1339 die
1164 1279 1288 1339 Mitte,

266 1333 329 1393 und
351 1332 377 1392 so
414 1330 477 1390 wie
505 1329 557 1389 der
589 1329 689 1389 ganze
716 1327 838 1387 Senat
865 1327 922 1387 mit
955 1330 1108 1390 bedecktem
1151 1332 1288 1392 Haupte

265 1384 342 1444 saß,
366 1384 395 1444 so
419 1381 549 1441 führten
579 1381 626 1441 die
656 1381 839 1441 gleichfalls
870 1381 1006 1441 bedeckte
1030 1382 1154 1442 Herren
1190 1384 1290 1444 Mar¬

261 1433 368 1493 schälle
398 1431 448 1491 den
478 1431 683 1491 Erbprinzen
717 1432 779 1492 vor
808 1432 859 1492 den
900 1432 1042 1492 Königl.
1059 1437 1207 1497 Thron,
1231 1436 1281 1496 für

266 1486 392 1546 welchem
435 1485 503 1545 nach
535 1485 656 1545 einigen
683 1483 973 1543 Verbeugungen,
995 1484 1042 1544 die
1063 1485 1131 1545 Sr.
1148 1485 1290 1545 Königl.

269 1538 366 1598 Maj.
387 1534 449 1594 mit
470 1533 609 1593 Hebung
641 1533 687 1593 der
713 1530 826 1590 rechten
858 1531 951 1591 Hand
987 1532 1059 1592 nach
1090 1533 1147 1593 der
1173 1533 1286 1593 Krone

266 1584 506 1644 erwiederten,
530 1579 583 1639 der
608 1576 771 1636 Erbprinz
795 1578 853 1638 auf
878 1578 920 1638 ein
954 1578 1152 1638 sammetnes
1176 1579 1281 1639 Kissen

263 1628 509 1688 niederkniete,
534 1625 593 1685 und
623 1625 647 1685 in
678 1623 874 1683 lateinischer
899 1625 1057 1685 Sprache
1077 1625 1111 1685 um
1156 1625 1200 1685 die
1220 1622 1293 1682 Be¬

268 1679 411 1739 lehnung
445 1676 499 1736 für
528 1673 627 1733 seinen
661 1673 766 1733 Herrn
794 1670 899 1730 Vater
927 1670 988 1730 und
1022 1671 1071 1731 sich
1105 1675 1198 1735 selbst
1221 1673 1287 1733 bat.

263 1727 343 1787 Der
368 1721 675 1781 Krongroßkanzler
701 1718 917 1778 antwortete,
943 1718 1003 1778 wie
1034 1721 1064 1781 er
1094 1722 1164 1782 dazu
1205 1721 1290 1781 gela¬

267 1779 324 1839 ßen
352 1773 472 1833 werden
499 1772 610 1832 sollte,
637 1771 700 1831 und
727 1770 838 1830 wurde
865 1771 928 1831 also
960 1771 1018 1831 das
1045 1772 1145 1832 Kissen
1183 1769 1288 1829 näher

269 1829 320 1889 für
349 1823 422 1883 Sr.
440 1822 587 1882 Königl.
605 1820 706 1880 Maj.
724 1819 860 1879 geleget,
877 1821 934 1881 von
963 1819 1013 1879 dem
1059 1821 1110 1881 der
1122 1817 1286 1877 Erbprinz

272 1873 323 1933 die
344 1872 680 1932 Belehnungsfahne
706 1870 845 1930 erhielt,
872 1870 990 1930 darauf
1022 1870 1140 1930 wieder
1167 1870 1295 1930 nieder¬

268 1925 390 1985 kniete,
419 1924 480 1984 und
503 1921 570 1981 mit
587 1921 637 1981 der
660 1923 777 1983 Fahne
795 1921 822 1981 in
851 1921 906 1981 der
930 1921 1024 1981 Hand
1053 1923 1103 1983 den
1131 1924 1203 1984 Eyd
1238 1926 1282 1986 als

271 1977 471 2037 Lehnsfürst
489 1972 536 2032 für
560 1972 654 2032 seinen
678 1974 772 2034 Hrn.
790 1972 890 2032 Vater
914 1972 972 2032 und
997 1974 1049 2034 füͤr
1073 1975 1120 2035 sich
1150 1977 1273 2037 ablegte

267 2025 380 2085 wobey
408 2025 467 2085 alle
489 2025 533 2085 die
555 2024 706 2084 Häupter
729 2023 935 2083 entblößten,
962 2025 1011 2085 die
1033 2028 1147 2088 bisher
1169 2028 1293 2088 bedeckt

272 2079 404 2139 waren.
452 2073 525 2133 Der
553 2073 621 2133 Eyd
648 2073 716 2133 war
738 2075 812 2135 auch
839 2075 864 2135 in
897 2076 1092 2136 lateinischer
1119 2078 1293 2138 Sprache,

272 2125 333 2185 und
370 2126 426 2186 der
463 2123 534 2183 Hr.
566 2124 874 2184 Krongroßkanzler
906 2124 1008 2184 stabte
1039 2125 1173 2185 selbigen
1209 2124 1286 2184 vor.

274 2175 358 2235 Nach
386 2172 567 2232 abgelegtem
610 2169 699 2229 Eyde
727 2169 806 2229 nahm
855 2169 908 2229 der
935 2172 1164 2232 Curländische
1191 2172 1275 2232 Mar

269 2223 363 2283 schall
391 2223 457 2283 Hr.
486 2217 602 2277 Baron
636 2217 691 2277 von
731 2217 864 2277 Knigge
893 2217 942 2277 die
965 2219 1076 2279 Fahne
1104 2221 1154 2281 dem
1204 2217 1293 2277 Erb¬

275 2273 399 2333 prinzen
428 2269 491 2329 ab,
514 2266 576 2326 und
605 2267 685 2327 blieb
714 2264 827 2324 hinter
856 2264 907 2324 dem
948 2265 1153 2325 Erbprinzen
1187 2267 1295 2327 damit

274 2321 404 2381 stehen,
442 2318 497 2378 der
530 2316 676 2376 wieder,
716 2315 780 2375 wie
813 2315 845 2375 zu
884 2315 1063 2375 Anfange,
1103 2318 1200 2378 unten
1239 2318 1271 2378 am

268 2375 416 2435 Königl.
435 2366 570 2426 Throne
601 2366 725 2426 kniete,
755 2363 814 2423 und
850 2363 903 2423 die
927 2366 1152 2426 Danksagung
1189 2366 1212 2426 in
1248 2366 1295 2426 la¬

276 2423 440 2483 teinischer
463 2417 616 2477 Sprache
639 2414 832 2474 abstattete,
861 2413 923 2473 und
952 2415 1070 2475 wieder
1105 2417 1223 2477 darauf
1252 2417 1274 2477 im

275 2473 399 2533 Namen
429 2470 480 2530 des
509 2467 662 2527 Königes
686 2464 754 2524 eine
777 2463 936 2523 Antwort
966 2464 1022 2524 vom
1062 2464 1290 2524 Großkanzler

274 2524 414 2584 erhielt,
442 2521 495 2581 auf
517 2518 630 2578 welche
658 2514 706 2574 der
734 2510 901 2570 Erbprinz
929 2513 982 2573 vom
1026 2515 1301 2575 Krongroßmar¬

277 2572 367 2632 schall
391 2572 418 2632 im
459 2570 596 2630 Namen
630 2569 687 2629 des
717 2566 869 2626 Königes
905 2565 961 2625 zum
1013 2565 1127 2625 Sitzen
1162 2566 1292 2626 gebeten

272 2620 409 2680 wurde,
437 2620 494 2680 und
527 2618 579 2678 sich
617 2618 675 2678 auf
702 2617 913 2677 obgedachten
945 2617 1205 2677 Tabouretstuhl
1232 2617 1284 2677 nie

276 2667 442 2727 dersetzte,
470 2666 531 2726 und
553 2666 609 2726 den
637 2667 708 2727 Hut
726 2667 897 2727 aufsetzte,
926 2666 953 2726 da
982 2667 1031 2727 sich
1059 2667 1130 2727 auch
1154 2666 1214 2726 alle
1231 2661 1303 2721 Se¬

278 2718 410 2778 nateurs
435 2712 552 2772 wieder
577 2714 753 2774 bedeckten.
832 2716 925 2776 Kaum
969 2715 1096 2775 daurete
1121 2715 1219 2775 dieses
1244 2714 1287 2774 ein

279 2768 358 2828 paar
385 2763 564 2823 Minuten,
591 2760 638 2820 als
665 2763 713 2823 der
735 2766 861 2826 Herzog
888 2766 941 2826 den
973 2766 1046 2826 Hut
1063 2766 1121 2826 und
1148 2766 1210 2826 mit
1227 2763 1279 2823 ihm

272 2820 335 2880 alle
357 2814 553 2874 Senateurs
585 2811 797 2871 abnahmen,
824 2816 877 2876 zum
920 2817 1052 2877 Könige
1074 2817 1200 2877 hintrat
1227 2814 1290 2874 und

273 2870 323 2930 die
345 2864 445 2924 Hand
469 2861 590 2921 küßte,
613 2861 747 2921 worauf
770 2863 824 2923 alle
853 2864 936 2924 seine
959 2866 1193 2926 Hofcavaliers
1233 2864 1293 2924 und

282 2918 528 2978 gegenwärtige
547 2912 757 2972 Curländer,
788 2915 836 2975 die
866 2916 890 2976 in
927 2918 981 2978 den
1006 2918 1198 2978 Schranken
1234 2918 1288 2978 des

1310 348 1603 408 Senatorensaals
1638 346 1672 406 am
1718 347 1813 407 Ende
1842 345 1892 405 der
1927 345 2124 405 Ceremonie
2153 342 2333 402 beywohn¬

1305 397 1391 457 ten,
1413 398 1591 458 gleichfalls
1631 397 1684 457 zum
1728 398 1868 458 Königl.
1890 395 2048 455 Handkuß
2081 390 2210 450 gelaßen
2249 389 2334 449 wur¬

1310 445 1387 505 den.
1434 446 1585 506 Darauf
1617 446 1689 506 ging
1731 446 1782 506 der
1808 443 1974 503 Erbprinz
2011 443 2130 503 immer
2167 440 2229 500 mit
2266 440 2317 500 dem

1314 494 1444 554 Gesicht
1461 497 1553 557 gegen
1587 494 1657 554 Sr.
1679 496 1776 556 Maj.
1793 494 1847 554 dem
1886 494 2016 554 König,
2044 492 2163 552 wieder
2185 491 2239 551 von
2273 488 2326 548 den

1314 545 1400 605 zwey
1428 546 1590 606 gedachten
1623 545 1844 605 Marschällen
1872 542 2040 602 begleitet,
2056 545 2110 605 zum
2149 542 2246 602 Saal
2268 538 2337 598 hin¬

1312 592 1368 652 aus
1400 592 1461 652 und
1489 594 1555 654 jetzt
1577 595 1623 655 die
1650 594 1981 654 Belehnungsfahne
2014 590 2070 650 vor
2102 592 2195 652 ihm,
2222 590 2335 650 welche

1317 642 1388 702 auch
1415 643 1482 703 jetzt
1503 643 1559 703 vor
1580 646 1678 706 seinem
1725 643 1880 703 Wagen,
1907 640 1932 700 in
1958 640 2009 700 dem
2052 640 2164 700 wieder
2196 640 2247 700 den
2284 638 2340 698 vo¬

1319 691 1401 751 rigen
1441 692 1524 752 Weg
1558 697 1630 757 nach
1664 697 1714 757 dem
1764 693 1970 753 Sächsischen
2005 691 2132 751 Palais
2166 689 2327 749 gehenden

1314 742 1411 802 Zug,
1439 743 1470 803 zu
1503 747 1628 807 Pferde
1661 745 1877 805 vorgetragen
1916 742 2045 802 wurde.
2111 739 2191 799 Der
2219 739 2326 799 König

1319 789 1401 849 legte
1429 789 1545 849 darauf
1574 794 1651 854 seine
1679 795 1817 855 Krone,
1846 793 1994 853 Scepter
2023 792 2083 852 und
2117 787 2338 847 Reichsapfel

1319 839 1382 899 ab,
1405 837 1492 897 setzte
1516 840 1613 900 seinen
1643 845 1788 905 Königl.
1806 846 1881 906 Hut
1899 843 1956 903 auf
1980 843 2037 903 und
2067 841 2141 901 ging
2165 837 2188 897 im
2229 837 2344 897 vorer¬

1318 888 1464 948 wähnten
1497 888 1584 948 Zuge
1606 891 1725 951 wieder
1758 896 1828 956 nach
1862 894 1964 954 seinen
1997 892 2186 952 Zimmern.
2236 888 2338 948 Den¬

1322 939 1419 999 selben
1462 939 1597 999 Mittag
1652 942 1781 1002 wurden
1835 945 1889 1005 des
1933 942 2137 1002 Erbprinzen
2187 939 2337 999 Durchl.

1322 987 1377 1047 vom
1433 987 1533 1047 Fürst
1567 989 1711 1049 Primas
1757 992 1812 1052 bey
1862 994 1985 1054 großer
2030 993 2090 1053 und
2136 989 2341 1049 vornehmer

1321 1034 1538 1094 Gesellschaft
1566 1037 1738 1097 tractiret,
1792 1043 1824 1103 so
1865 1043 1924 1103 wie
1965 1043 2043 1103 Sie
2084 1041 2137 1101 vor
2171 1040 2216 1100 ein
2250 1037 2329 1097 paar

1326 1085 1433 1145 Tagen
1465 1085 1508 1145 die
1535 1085 1622 1145 Ehre
1642 1090 1786 1150 gehabt,
1819 1094 1893 1154 Sr.
1913 1096 2058 1156 Königl.
2077 1094 2178 1154 Maj.
2197 1091 2222 1151 zu
2254 1086 2335 1146 Mie

1318 1134 1364 1194 tag
1395 1136 1446 1196 bey
1476 1136 1529 1196 sich
1559 1138 1588 1198 zu
1618 1141 1817 1201 bewirthen.

1503 1234 1870 1294 Weichselstrom,
1892 1237 1947 1297 den
1981 1240 2048 1300 27.
2071 1239 2164 1299 Dec.

1376 1282 1447 1342 Se.
1470 1285 1568 1345 Maj.
1586 1288 1635 1348 der
1658 1285 1768 1345 König
1796 1288 1879 1348 sind,
1897 1287 1968 1347 nach
1996 1285 2134 1345 Briefen
2163 1288 2223 1348 aus
2240 1286 2345 1346 War¬

1325 1339 1430 1399 schau,
1464 1339 1541 1399 über
1575 1339 1625 1399 die
1654 1339 1686 1399 zu
1720 1339 1848 1399 London
1882 1338 2071 1398 geschlagne
2099 1336 2349 1396 Krönungsge¬

1322 1393 1599 1453 dächtnißmünze
1634 1393 1661 1453 so
1690 1392 1856 1452 zufrieden
1890 1387 2063 1447 gewesen,
2103 1387 2163 1447 daß
2197 1387 2236 1447 sie
2275 1384 2325 1444 dem

1323 1440 1428 1500 Herrn
1460 1441 1517 1501 von
1544 1442 1754 1502 Montagne,
1766 1440 1902 1500 Bruder
1924 1440 1970 1500 des
1992 1437 2328 1497 Großbritannischen

1323 1488 1514 1548 Residenten
1556 1489 1581 1549 zu
1618 1489 1782 1549 gedachtem
1830 1488 2025 1548 Warschau,
2057 1490 2165 1550 Herrn
2197 1487 2341 1547 Wroug¬

1323 1536 1397 1596 ton,
1423 1536 1484 1596 mit
1510 1536 1594 1596 einem
1645 1536 1736 1596 Ring
1772 1536 1832 1596 200
1873 1535 2029 1595 Guineen
2065 1536 2095 1596 an
2126 1536 2267 1596 Werth,
2292 1536 2347 1596 be¬

1325 1584 1475 1644 schenket,
1511 1582 1571 1642 und
1607 1582 1657 1642 ihm
1708 1584 1844 1644 zugleich
1880 1584 2086 1644 aufgetragen
2133 1584 2183 1644 den
2224 1584 2329 1644 Herrn

1333 1627 1435 1687 Piego
1457 1630 1508 1690 den
1540 1628 1731 1688 berühmten
1762 1629 1943 1689 Künstler,
1970 1629 2104 1689 welcher
2125 1628 2166 1688 sie
2188 1631 2347 1691 gepräget

1324 1679 1388 1739 mit
1405 1679 1464 1739 100
1497 1679 1649 1739 Guineen
1677 1679 1698 1739 im
1736 1679 1866 1739 Namen
1888 1680 1958 1740 Sr.
1975 1683 2073 1743 Maj.
2084 1685 2111 1745 zu
2138 1685 2344 1745 beschenken.

1635 1825 2041 1885 AVERTISSEMENT.

1382 1890 1454 1950 Bey
1485 1891 1536 1951 dem
1588 1891 1750 1951 Verleger
1780 1891 1876 1951 dieser
1906 1894 2045 1954 Zeitung
2076 1894 2119 1954 ist
2142 1894 2171 1954 zu
2209 1894 2341 1954 haben:

1328 1943 1485 2003 Triumph
1521 1945 1571 2005 vor
1600 1943 1650 2003 dem
1685 1945 1917 2005 Todtenbette,
1946 1945 2020 2005 Fol.
2037 1945 2246 2005 Hildburgh.
2258 1945 2342 2005 764.

1486 1994 1745 2054 Belustigungen
1788 1993 1839 2053 für
1881 1993 1938 2053 das
1970 1993 2057 2053 Herz
2090 1993 2152 2053 und
2183 1993 2235 2053 den
2272 1992 2344 2052 Ge¬

1326 1996 1337 2056 2
1370 2000 1414 2060 fl.

1328 2046 1471 2106 schmack,
1497 2043 1523 2103 in
1554 2042 1775 2102 auserlesenen
1806 2040 2073 2100 Schilderungen
2105 2040 2160 2100 von
2197 2043 2341 2103 Young,

1323 2099 1361 2159 8,
1383 2094 1508 2154 Leipzig
1536 2088 1623 2148 764,
1651 2088 1694 2148 21
1717 2085 1770 2145 gr.

1376 2136 1443 2196 Die
1466 2136 1602 2196 siebente
1620 2134 1824 2194 Fortsetzung
1853 2138 1903 2198 des
1938 2139 2096 2199 Catalogi
2125 2140 2204 2200 wird
2233 2145 2340 2205 grati=

1318 2187 1556 2247 ausgegeben.

1334 2312 1661 2372 Wechsel-Cours
1692 2312 1706 2372 &
1759 2315 1907 2375 Species
1931 2318 1975 2378 d.
1990 2322 2057 2382 17.
2080 2321 2183 2381 Jan.
2207 2323 2333 2383 1765.

1330 2377 1516 2437 Amsterdam
1553 2378 1594 2438 41
1619 2378 1703 2438 Tage
1728 2382 1781 2442 310
1806 2381 1860 2441 gr.
1915 2378 1956 2438 71
1981 2390 2173 2450 Tage3085
2192 2390 2240 2450 gr.

1331 2429 1504 2489 Hamburg
1535 2424 1546 2484 3
1577 2428 1624 2488 W.
1649 2432 1708 2492 134
1733 2433 1780 2493 gr.

1882 2431 1894 2491 6
1926 2432 1981 2492 W.
2001 2438 2088 2498 1332
2107 2438 2163 2498 gr.

1332 2476 1438 2536 Berlin

1835 2482 1983 2542 Dantzig
2023 2486 2063 2546 25
2098 2488 2148 2548 pr.
2167 2485 2246 2545 Cto.

1331 2527 1469 2587 Ducaten
1497 2525 1574 2585 neue
1591 2526 1602 2586 9
1631 2529 1663 2589 fl.
1675 2532 1685 2592 3
1708 2535 1763 2595 gr.

1898 2534 2029 2594 Alberts
2047 2536 2138 2596 Taler
2156 2539 2247 2599 1304
2271 2539 2322 2599 gr.

1333 2578 1446 2638 Rubel
1464 2579 1524 2639 112
1555 2582 1607 2642 gr.

1818 2579 1868 2639 Alt
1886 2584 2028 2644 Polnisch
2052 2587 2126 2647 Geld
2149 2587 2183 2647 13
2206 2590 2257 2650 pr.
2269 2587 2343 2647 Cto.

1375 2702 1472 2762 Diese
1488 2706 1653 2766 Zeitungen
1675 2703 1783 2763 werden
1815 2706 1964 2766 Montags
1990 2706 2047 2766 und
2068 2709 2218 2769 Freytags
2244 2711 2275 2771 um
2311 2712 2342 2772 10

1336 2745 1395 2805 Uhr
1416 2748 1617 2808 Vormittags
1643 2748 1667 2808 im
1703 2748 1899 2808 Kanterschen
1935 2748 2111 2808 Buchladen
2142 2754 2347 2814 ausgegeben.

1335 2790 1405 2850 Man
1426 2790 1547 2850 erbittet
1563 2790 1603 2850 sich
1624 2790 1669 2850 von
1695 2791 1740 2851 den
1761 2791 1877 2851 hiesigen
1897 2790 1953 2850 resp
1979 2790 2155 2850 Liebhebern
2176 2796 2216 2856 die
2227 2799 2348 2859 Pränu=

1335 2832 1480 2892 meration
1505 2832 1550 2892 auf
1566 2832 1620 2892 dies
1636 2835 1701 2895 erste
1716 2832 1852 2892 Qvartal
1863 2832 1917 2892 mit
1938 2833 1947 2893 2
1968 2835 2003 2895 fl.
2013 2835 2078 2895 weil
2094 2835 2199 2895 seldige
2224 2841 2274 2901 nur
2295 2841 2339 2901 bis

1335 2875 1354 2935 zu
1380 2873 1458 2933 Ende
1479 2873 1527 2933 des
1543 2876 1696 2936 Januarii
1706 2876 1919 2936 angenommen
1944 2877 2037 2937 werd,
2062 2879 2260 2939 Auswärtige
2280 2885 2348 2945 aber

1333 2919 1460 2979 belieben
1483 2918 1526 2978 sich
1549 2921 1593 2981 bey
1616 2923 1660 2983 dem
1683 2924 1821 2984 Postamt
1832 2921 1909 2981 ihres
1927 2921 2004 2981 Oets
2021 2924 2043 2984 zu
2066 2924 2192 2984 melden.
