2479 3508
627 1605 1742 1700 26tes Stück. Montag, den 1. April, 1765.
560 1698 759 1788 Lemgo.
188 1821 1171 1901 Sville, durch Holland, Oberdeutschland, der
155 1870 1179 1938 "Schweitz," und Italien, ist nunmehro auch die
165 1914 1176 1984 zwote Abtheilung des ersten Bandes auf 1. Alph.
160 1958 1182 2023 und 15 B. in 4to, durch den Herrn Prof. Köhler
152 1994 2219 2090 in Göttingen, aus dem Englischen übersetzt, heraus- tisirt bey Gelegenheit über alte Begebenheiten, wie
155 2064 379 2139 gekommen.
206 2079 1176 2196 Wir haben bey der Ersten Abtheilung versprochen,
155 2152 1176 2219 auch dieser zwoten Hälfte zu gedenken. Die Merk¬
152 2214 1169 2270 würdigkeiten von Augspurg, Costnitz, Ham
163 2265 1169 2322 burg, Zürch, Basel, Padua und Venedig
155 2312 1176 2371 zeichnen sich hierin vor andern mit besonderer Rei¬
163 2363 1179 2420 tzung für die Neubegierde heraus. Da wir haupt¬
165 2412 1182 2469 sächlich unser Augenmerk darauf gesetzet haben, zu
168 2466 1176 2523 forschen, was diese Reisebeschreibung vor andern ih
163 2500 2219 2565 res gleichen voraus habe: so finden wir, daß Blain= und strengen Regeln wider die Verschwender hervor¬
160 2546 2211 2616 ville, mit mehr Dreistigkeit, mit mehr ausgearbei- gezogen: von den Landvögten in Bern aber wird
165 2616 1176 2668 teter Critik über gewisse historische Begebenheiten,
160 2652 1179 2717 und mit Beifügung angenehmerer Anekdoten von
165 2701 1182 2768 Privatpersonen schreibt, als seine Vorgänger. Doch
168 2758 1179 2823 hätten wir vermuthet, er würde auch als ein Staats=
160 2807 1184 2869 mann sich über manche politische Aussichten solider
163 2859 1184 2913 erklären, als er es wirklich thut. Die Reichsstädte
1192 1685 2221 1765 wohnheiten zieht er wohl immer ein wenig spöttisch
191 1726 2227 1842 Von der "Reisebeschreibung des Herrn Blain= durch. Im Gegentheil ist er in Beschreibung der
1200 1803 2224 1873 Gebäude, Gemälde, Bibliotheken, und Gegenden
1207 1858 1427 1927 sehr genau.
1249 1863 2214 1958 Ein Beyspiel davon liefert seine Beschreibung des
1200 1945 2224 2007 so genannten Einlasses in Augspurg. Er kri¬
1197 2038 2219 2103 er denn gleich Anfangs von der gerühmten Enthalt¬
1205 2095 2224 2157 samkeit Alexanders des Großen, und des Scipio eben
1197 2147 2214 2208 kein günstig Urtheil fällt; wobey es uns neu vorge¬
1195 2188 2224 2258 kommen, daß er die Aufführung des Scipio gegen
1192 2237 2224 2304 die gefangene Carthagenensische Prinzeßin, aus einer
1205 2299 2219 2363 Stelle des Valerius Antias gar nicht für so
1195 2345 2134 2417 keusch ausgiebt, als man sie gemeinhin erzählet.
1256 2392 2214 2469 In dem angemerkten Carakter der Staaten wird
1197 2443 2221 2523 das Canton Zurch besonders wegen seiner Mäßigkeit,
1207 2590 2224 2663 eben ein solch Urtheil, als von dem Rath in Nürn¬
1205 2660 2224 2714 berg gefällt. Der Aberglaube der Catholiken wird
1205 2704 2227 2774 bey Gelegenheit ihrer Wunderbilder, Wallfarthen,
1205 2748 2221 2825 und Klöster immer ziemlich lebhaft entlarvet, und
1205 2802 2224 2861 manche bisher für heilig und wunderbar gehaltene
1213 2856 2224 2908 Dinge entdecket er, als grobe Lügen. Der V. er¬
160 2900 2229 2977 von Deutschland, ihre alte Gesetze, Moden und Ge= greift recht alle Gelegenheit, um keine lächerliche
2005 2946 2234 3034 Histörchen,
