2479 3508
241 353 406 413 "Andr.
427 348 627 408 Cramer,
648 347 793 407 Königl.
808 345 994 405 Dänischen
1021 345 1260 405 Hosprediger.

243 396 403 456 „Vierter
426 397 541 457 Theil.
570 395 586 455 1
604 397 707 457 Alph.
725 390 736 450 6
771 394 885 454 Bogen
914 395 936 455 in
966 395 1069 455 §vo."

1135 395 1252 455 Wenn

241 451 310 511 man
343 452 471 512 einmal
487 448 556 508 eine
578 446 701 506 gewisse
728 446 904 506 Mechanik
926 446 952 506 in
984 446 1037 506 der
1059 444 1171 504 Zunge
1198 443 1256 503 und

249 503 274 563 in
306 500 357 560 den
388 500 527 560 Fingern
559 497 677 557 erlernt
698 497 775 557 hat,
801 497 826 557 so
858 496 935 556 kann
976 497 1048 557 man
1085 495 1141 555 auf
1167 494 1254 554 einen

248 548 321 608 Ton
357 551 385 611 so
414 551 465 611 oft
489 551 551 611 und
581 554 781 614 grfe.

245 601 317 661 eher
340 601 434 661 müde
463 601 613 661 werden,
642 603 775 663 Bücher
798 601 825 661 zu
859 601 992 661 kaufen,
1015 604 1065 664 als
1094 603 1132 663 ein
1166 602 1272 662 fleißi¬

247 653 306 713 ger
329 652 431 712 Autor
453 652 550 712 müde
573 652 675 712 wird,
703 650 740 710 sie
763 654 789 714 zu
817 652 990 712 schreiben.
1066 653 1158 713 Man
1191 652 1266 712 darf

246 700 381 760 alsdenn
423 701 485 761 nur
517 701 573 761 das
616 703 740 763 einmal
773 703 975 763 aufgezogne
1007 700 1199 760 Triebwerk
1231 700 1257 760 in

246 751 442 811 Bewegung
470 754 639 814 erhalten,
666 751 692 811 so
719 754 868 814 schüttelt
895 751 964 811 man
1002 754 1065 814 aus
1097 751 1256 811 derselben

247 801 333 861 Form
383 799 415 859 so
448 799 518 859 viel
546 801 697 861 ähnliche
730 801 871 861 Figuren
909 801 1061 861 heraus,
1094 801 1148 861 daß
1186 801 1256 861 man

246 852 385 912 glauben
417 849 525 909 sollte,
552 849 671 909 immer
697 849 831 909 dasselbe
853 849 878 909 zu
910 849 1013 909 lesen,
1040 850 1102 910 und
1133 849 1164 909 zu
1195 849 1246 909 den

249 902 331 962 ken,
358 900 487 960 welches
513 900 580 960 man
607 900 663 960 zum
700 900 876 960 erstenmal
892 900 979 960 nicht
1001 897 1078 957 ohne
1105 897 1265 957 Eindruck

249 1001 373 1061 steller,
407 998 461 1058 die
495 998 548 1058 das
582 998 794 1058 Vorurtheil
822 998 1029 1058 vergöttert,
1067 997 1133 1057 fast
1166 995 1258 1055 bitten

242 1049 350 1109 muß,
372 1052 426 1112 zur
459 1049 687 1109 Vermeidung
720 1049 796 1109 aller
818 1046 1046 1106 Abgötterey,
1079 1046 1149 1106 ihre
1183 1043 1264 1103 liebe

244 1149 302 1209 gar
335 1148 366 1208 zu
404 1148 509 1208 hurtig
547 1145 595 1205 die
622 1145 785 1205 Wünsche
818 1142 902 1202 eines
930 1142 1014 1202 jeden
1052 1144 1253 1204 angeblichen

244 1196 446 1256 Liebhabers
473 1195 557 1255 ihrer
579 1191 749 1251 Schriften
776 1191 802 1251 zu
834 1190 988 1250 erhören.
1036 1191 1174 1251 Hiemit
1196 1189 1259 1249 wol

241 1243 287 1303 len
314 1243 376 1303 wir
398 1243 470 1303 eben
497 1240 585 1300 nicht
606 1238 726 1298 sagen,
763 1239 820 1299 daß
852 1240 924 1300 Hr.
946 1240 1123 1300 Cramer
1155 1237 1181 1297 in
1218 1237 1264 1297 die

242 1291 347 1351 Classe
376 1291 493 1351 solcher
521 1290 761 1350 Schriftsteller
789 1288 928 1348 gehört,
962 1288 1018 1348 von
1052 1288 1152 1348 denen
1186 1288 1257 1348 man

249 1340 312 1400 fast
329 1342 407 1402 alles
434 1341 550 1401 gelesen
577 1341 656 1401 hat,
683 1339 767 1399 wenn
799 1339 867 1399 man
900 1339 984 1399 einen
1011 1339 1111 1399 Band
1138 1342 1264 1402 einmal

242 1393 351 1453 lieset.
404 1393 496 1453 Doch
532 1393 606 1453 aber
642 1393 757 1453 müssen
793 1392 856 1452 wir
880 1393 931 1453 die
961 1393 1261 1453 Geschwindigkeit

242 1443 469 1503 bewundern,
498 1443 557 1503 mit
579 1445 709 1505 welcher
731 1443 758 1503 er
786 1443 872 1503 uns,
900 1445 926 1505 in
965 1443 1030 1503 noch
1069 1446 1150 1506 nicht
1178 1446 1247 1506 zehn

253 1494 376 1554 Jahren
406 1496 501 1556 mehr
525 1494 571 1554 als
596 1495 791 1555 vierzehn
821 1494 962 1554 ziemlich
986 1494 1080 1554 starke
1105 1494 1257 1554 Theile

911 1542 954 1602 Er
988 1543 1048 1603 hat
1071 1545 1097 1605 in
1142 1544 1234 1604 diesem

242 1545 339 1605 seiner
373 1545 553 1605 Predigten
586 1545 739 1605 geliefert
767 1546 842 1606 hat.

244 1594 354 1654 Stück
376 1595 476 1655 nichts
498 1593 550 1653 von
583 1591 635 1651 der
657 1593 762 1653 Härte
784 1592 926 1652 gewisser
942 1590 1106 1650 Prediger
1128 1590 1159 1650 an
1191 1590 1259 1650 sich,

235 1640 282 1700 die
307 1640 379 1700 man
409 1637 456 1697 oft
476 1639 539 1699 mit
558 1637 698 1697 hundert
718 1637 809 1697 süßen
839 1634 973 1694 Worten
1003 1637 1079 1697 kaum
1119 1636 1248 1696 bereden

239 1688 352 1748 kann,
378 1685 450 1745 eins
476 1685 563 1745 ihrer
584 1682 744 1742 Concepte
775 1682 826 1742 der
852 1682 965 1742 Presse
986 1682 1017 1742 zu
1053 1682 1254 1742 überlaßen;

239 1739 274 1799 da
301 1736 331 1796 er
358 1733 383 1793 im
425 1732 630 1792 Gegentheil
646 1730 857 1790 vermuthlich
883 1727 940 1787 sein
966 1730 1120 1790 Concept,
1136 1730 1161 1790 so
1183 1730 1249 1790 bald

236 1784 267 1844 er
295 1784 347 1844 von
379 1784 426 1844 der
453 1782 580 1842 Kanzel
597 1781 745 1841 kommt,
767 1779 824 1839 zur
846 1781 1021 1841 beliebigen
1048 1778 1248 1838 Fortsetzung

242 1836 341 1896 seiner
375 1832 607 1892 angefangnen
647 1831 863 1891 Sammlung
908 1830 935 1890 in
985 1828 1034 1888 die
1063 1831 1251 1891 Druckerey

231 1888 355 1948 schickt.
405 1882 525 1942 Sonst
552 1885 699 1945 erinnern
737 1882 796 1942 wir
825 1882 889 1942 uns
922 1882 1020 1942 auch,
1047 1884 1101 1944 daß
1140 1883 1259 1943 Sau¬

220 1937 286 1997 rin
323 1936 390 1996 und
421 1933 652 1993 Maßillon
690 1936 757 1996 sehr
794 1936 860 1996 viel
879 1935 952 1995 Zeit
977 1936 1038 1996 auf
1063 1936 1239 1996 Abfassung

224 1989 316 2049 einer
338 1989 485 2049 Predigt
508 1987 583 2047 habe
611 1987 786 2047 anwenden
819 1987 966 2047 müssen;
1000 1987 1060 2047 und
1093 1987 1141 2047 ihr
1169 1987 1250 2047 gan¬

229 2040 284 2100 zes
312 2037 411 2097 Leben
445 2040 500 2100 hat
528 2037 589 2097 nur
612 2038 667 2098 zur
689 2037 849 2097 Ausgabe
878 2037 905 2097 so
939 2037 1038 2097 vieler
1061 2037 1238 2097 Predigten

227 2089 454 2149 hingereicht,
482 2091 526 2151 als
554 2089 603 2149 der
626 2089 692 2149 Hr.
709 2088 930 2148 Hofprediger
959 2086 986 2146 in
1025 2088 1108 2148 einer
1136 2088 1241 2148 Reihe

225 2138 326 2198 seiner
355 2136 549 2196 Amtsjahre
572 2139 698 2199 drucken
727 2139 755 2199 zu
784 2136 875 2196 laßen
904 2136 994 2196 fähig
1023 2133 1160 2193 gewesen
1195 2136 1245 2196 ist.

223 2184 273 2244 Ob
304 2184 365 2244 also
385 2184 553 2244 Predigen
584 2184 634 2244 den
665 2184 731 2244 Leib
762 2184 858 2244 müde
889 2183 1021 2243 mache;
1052 2184 1117 2244 wie
1143 2180 1249 2240 Salo¬

220 2234 275 2294 mo
306 2233 397 2293 sagt,
428 2231 539 2291 dürfen
575 2229 635 2289 wir
671 2230 732 2290 aus
768 2230 869 2290 dieser
900 2230 1112 2290 Bemerkung
1148 2230 1224 2290 kaum

229 2282 445 2342 entscheiden.
510 2279 689 2339 Predigten
722 2279 846 2339 drucken
873 2276 905 2336 zu
933 2276 1018 2336 laßen
1047 2279 1149 2339 macht
1171 2276 1246 2336 aber

227 2334 334 2394 gewiß
362 2332 447 2392 nicht
464 2329 588 2389 müde,
610 2327 809 2387 wenigstens
837 2327 933 2387 haben
961 2327 1020 2387 wir
1047 2327 1117 2387 noch
1155 2327 1241 2387 keine

230 2381 347 2441 Presse
372 2384 447 2444 über
466 2381 542 2441 ihre
560 2378 760 2438 Müdigkeit
778 2378 895 2438 seufzen
926 2378 1054 2438 gehört.
1096 2378 1249 2438 Aufrich¬

220 2437 338 2497 tigkeit
362 2435 401 2495 ist
425 2435 481 2495 das
516 2432 692 2492 geheiligte
721 2428 880 2488 Salböl,
916 2429 1051 2489 welches
1087 2428 1143 2488 auf
1172 2428 1223 2488 dem

220 2485 355 2545 Haupte
382 2485 469 2545 eines
496 2482 579 2542 jeden
611 2479 824 2539 Recensenten
856 2478 1011 2538 rauchen,
1028 2477 1084 2537 und
1111 2477 1173 2537 aus
1200 2476 1251 2536 sei¬

223 2531 281 2591 ner
303 2536 403 2596 Feder
425 2536 530 2596 duften
557 2533 663 2593 muß;
695 2533 726 2593 so
759 2529 854 2589 lange
881 2527 912 2587 er
939 2527 1044 2587 keinen
1077 2527 1246 2587 Schleich¬

226 2584 355 2644 handel
377 2584 522 2644 führen,
550 2584 614 2644 und
647 2583 706 2643 das
744 2578 916 2638 Publikum
966 2578 1051 2638 nicht
1079 2578 1230 2638 betrügen

220 2631 308 2691 will.
361 2634 464 2694 Unsre
485 2635 569 2695 Leser
590 2635 715 2695 werden
752 2629 782 2689 es
809 2630 871 2690 uns
898 2629 960 2689 also
981 2629 1158 2689 erlauben,
1179 2629 1236 2689 daß

224 2678 289 2738 wir
311 2679 403 2739 unter
425 2679 490 2739 vier
518 2682 658 2742 Augen,
681 2682 773 2742 unsre
801 2677 942 2737 kritische
969 2679 1235 2739 Empfindungen

220 2730 297 2790 über
324 2727 376 2787 den
408 2730 704 2790 Rednercharakter
731 2733 782 2793 des
804 2730 902 2790 Hrn.
913 2730 1158 2790 Hospredigers
1179 2727 1246 2787 ent¬

224 2781 353 2841 decken.
403 2775 451 2835 Es
479 2775 516 2835 ist
533 2778 652 2838 wahr,
679 2784 722 2844 die
745 2781 1048 2841 Geschwindigkeir
1070 2781 1119 2841 der
1141 2778 1232 2838 guten

221 2832 381 2892 deutschen
415 2826 642 2886 Schreibart,
665 2829 758 2889 war,
798 2833 847 2893 als
875 2832 947 2892 Hr.
970 2832 1152 2892 Cramer
1180 2828 1218 2888 an

221 2880 317 2940 fing,
340 2876 521 2936 Predigten
556 2876 850 2936 herauszugeben,
885 2882 907 2942 so
941 2882 997 2942 neu
1032 2882 1094 2942 und
1129 2879 1235 2939 selten,

215 2934 274 2994 daß
310 2933 381 2993 man
423 2930 476 2990 ihr
512 2927 565 2987 die
595 2930 737 2990 Achtung
773 2936 861 2996 nicht
892 2933 1051 2993 entziehen
1105 2932 1235 2992 konnte.

1297 345 1509 405 Mosheim
1569 345 1705 405 verrieth
1753 348 1847 408 mehr
1889 345 2209 405 Schwerfälligkeit
2251 345 2309 405 und

1295 395 1440 455 Zwang.
1487 395 1559 455 Hr.
1586 397 1767 457 Cramer
1804 395 1876 455 aber
1903 398 2006 458 besitzt
2033 398 2120 458 einen
2157 398 2323 458 unglaub¬

1298 445 1398 505 lichen
1435 446 1636 506 natürlichen
1674 446 1874 506 Wortfluß,
1911 448 1974 508 und
2012 449 2085 509 eine
2123 446 2149 506 so
2181 446 2312 506 richtige

1300 494 1450 554 Mensur
1476 494 1501 554 in
1538 494 1636 554 denen
1673 494 1880 554 oratorischen
1922 497 2118 557 Perioden,
2150 495 2206 555 daß
2243 497 2310 557 man

1325 547 1372 607 .
1433 554 1559 614 Taient
1584 554 1631 614 als
1662 554 1764 614 seinen
1800 555 2101 615 charakteristischen
2138 554 2312 614 Hauptzug

1298 601 1438 661 ansehen
1465 604 1562 664 muß.
1611 601 1659 661 Er
1682 601 1767 661 redet
1784 601 1871 661 viel,
1899 604 1984 664 nett,
2018 607 2206 667 blümicht,
2228 607 2314 667 ohne

1299 652 1491 712 Schwulst,
1520 652 1576 712 und
1605 652 1718 712 immer
1742 649 1860 709 gleich,
1884 652 1968 712 ohne
1991 655 2207 715 Mattigkeit.
2258 652 2309 712 Es

1298 700 1381 760 wird
1415 702 1464 762 ihm
1509 702 1564 762 zur
1593 700 1831 760 Gewohnheit
1854 697 1881 757 in
1915 700 2058 760 gewissen
2093 706 2231 766 Figuren
2276 706 2303 766 zu

1301 751 1515 811 schimmern,
1542 751 1626 811 ohne
1646 747 1704 807 daß
1737 747 1762 807 er
1789 748 1834 808 sie
1861 748 1919 808 mit
1939 753 2186 813 Aengstlichkeit
2206 754 2310 814 sucht;

1295 798 1359 858 und
1386 798 1433 858 ein
1461 798 1652 858 Feuerwerk
1679 795 1726 855 der
1748 796 2073 856 Einbildungskraft
2100 801 2307 861 anzuzünden

1300 846 1398 906 kostet
1430 846 1487 906 ihm
1540 846 1602 906 nur
1639 846 1726 906 einen
1759 846 1872 906 irgend
1905 849 2113 909 aufgefaßten
2155 852 2310 912 einsamen

1300 894 1454 954 Funken.
1501 894 1650 954 Alsdenn
1682 894 1753 954 aber
1774 897 1923 957 geschicht
1944 897 1970 957 es
1996 898 2088 958 auch,
2099 897 2150 957 daß
2171 898 2196 958 er
2223 901 2305 961 einen

236 949 312 1009 las.
356 951 480 1011 Daher
508 950 643 1010 kömmts
670 949 767 1009 auch,
795 951 849 1011 daß
882 950 952 1010 man
990 951 1087 1011 solche
1110 945 1261 1005 Schrift=
1295 943 1441 1003 einzigen
1474 942 1685 1002 allgemeinen
1718 945 1897 1005 Gedanken
1935 947 2005 1007 sehr
2033 951 2108 1011 weit
2136 950 2320 1010 ausdehnt,

1301 990 1337 1050 um
1375 992 1406 1052 zu
1433 990 1564 1050 zeigen,
1591 990 1722 1050 wieviel
1744 993 1882 1053 Dienste
1903 997 1955 1057 ihm
1993 997 2040 1057 die
2067 1000 2220 1060 Sprache
2247 998 2320 1058 mit¬

1298 1040 1416 1100 theilt,
1444 1037 1616 1097 demselben
1654 1042 1848 1102 verschiedne
1881 1048 2156 1108 Wortstellungen
2195 1052 2221 1112 zu
2265 1052 2313 1112 ge¬

248 1098 381 1158 Sachen
414 1097 439 1157 in
465 1098 516 1158 den
548 1097 771 1157 Schreibpult
791 1098 816 1158 zu
849 1094 1078 1154 verschließen,
1092 1094 1149 1154 und
1175 1094 1264 1154 nicht
1297 1088 1380 1148 ben.
1425 1085 1508 1145 Der
1528 1088 1604 1148 Eine
1630 1094 1783 1154 Gedanke
1809 1097 1879 1157 geht
1899 1097 1949 1157 oft
1969 1100 2058 1160 durch
2084 1100 2147 1160 zwo
2174 1103 2314 1163 Seiten,

1297 1136 1364 1196 und
1385 1136 1508 1196 nimmt
1529 1139 1554 1199 so
1581 1141 1642 1201 viel
1663 1145 1761 1205 Raum
1803 1148 1880 1208 ein,
1906 1148 1952 1208 als
1978 1149 2029 1209 der
2056 1149 2205 1209 Reifrock
2226 1152 2308 1212 einer

1292 1187 1540 1247 altvaterischen
1568 1193 1757 1253 Hofdame.

1929 1194 2004 1254 Die
2027 1198 2135 1258 Wahl
2152 1198 2206 1258 der
2228 1201 2315 1261 Ma¬

1290 1237 1385 1297 terien
1421 1237 1477 1297 und
1503 1237 1548 1297 die
1569 1239 1726 1299 Themata
1752 1243 1812 1303 sind
1838 1243 2067 1303 ungekünstelt
2087 1246 2148 1306 und
2168 1249 2310 1309 niemals

1298 1288 1436 1348 spielend
1459 1288 1531 1348 oder
1559 1291 1759 1351 überflüßig.
1820 1291 1881 1351 Ein
1910 1291 2036 1351 wahrer
2059 1294 2231 1354 Lobspruch
2259 1297 2314 1357 für

1293 1340 1341 1400 die
1374 1340 1450 1400 gute
1478 1342 1607 1402 Absicht
1641 1345 1727 1405 eines
1755 1342 1934 1402 Redners,
1967 1342 2026 1402 daß
2065 1343 2092 1403 er
2125 1345 2222 1405 lieber
2250 1345 2314 1405 Er¬

1293 1393 1420 1453 bauung
1449 1393 1504 1453 für
1521 1396 1649 1456 andre,
1677 1396 1726 1456 als
1755 1396 2016 1456 Bewunderung
2050 1396 2105 1456 für
2134 1396 2183 1456 sich
2223 1393 2311 1453 selbst

1293 1443 1444 1503 erwecken
1472 1443 1558 1503 will.
1586 1442 1601 1502 —
1667 1445 1742 1505 Die
1765 1446 1965 1506 Disposition
1993 1446 2057 1506 und
2085 1443 2133 1503 die
2156 1448 2236 1508 Lage
2259 1446 2312 1506 sei¬

1287 1493 1346 1553 ner
1374 1494 1656 1554 Hauptgedanken
1695 1494 1755 1554 sind
1788 1497 1863 1557 nach
1897 1497 1950 1557 der
1984 1497 2212 1557 französischen
2250 1499 2315 1559 Art

1292 1539 1392 1599 etwas
1424 1542 1591 1602 versteckt,
1617 1542 1683 1602 doch
1709 1542 1794 1602 nicht
1816 1547 2059 1607 unerforschbar

2223 1545 2309 1605 Die

1290 1587 1356 1647 Art
1393 1587 1424 1647 zu
1460 1587 1631 1647 Beweisen
1667 1587 1703 1647 ist
1729 1590 1848 1650 simpel
1874 1593 1931 1653 und
1962 1596 2081 1656 gerade
2112 1599 2200 1659 aus,
2221 1599 2308 1659 ohne

1296 1634 1549 1694 Krümmungen
1579 1634 1637 1694 und
1657 1637 1838 1697 Pralerey.
1907 1640 2028 1700 Jedoch
2058 1642 2131 1702 wird
2160 1643 2228 1703 man
2258 1643 2311 1703 sel¬

1291 1679 1340 1739 ten
1370 1681 1433 1741 eine
1463 1682 1580 1742 andere
1606 1685 1827 1745 Ausführung
1862 1685 1935 1745 oder
1960 1687 2156 1747 Beweisart
2187 1691 2313 1751 finden,

1290 1728 1340 1788 als
1370 1727 1420 1787 die
1451 1729 1496 1789 ein
1527 1730 1612 1790 jeder
1643 1733 1835 1793 Prädikant
1866 1733 1951 1793 wenn
1992 1735 2022 1795 er
2048 1734 2103 1794 sein
2144 1739 2310 1799 Compen¬

1290 1778 1364 1838 dium
1407 1778 1455 1838 der
1482 1781 1678 1841 Glaubens=
1705 1784 1762 1844 und
1796 1785 2013 1845 Sittenlehre
2040 1787 2129 1847 wohl
2157 1790 2310 1850 versteht,

1291 1828 1351 1888 und
1385 1830 1472 1890 selbst
1495 1831 1538 1891 ein
1572 1834 1671 1894 wenig
1699 1834 1814 1894 denkt,
1837 1837 2024 1897 empfinden
2058 1840 2189 1900 würde.

1288 1881 1368 1941 wird
1396 1881 1456 1941 nur
1483 1883 1603 1943 gerade
1636 1885 1662 1945 so
1695 1888 1760 1948 viel
1788 1891 1924 1951 gesagt,
1946 1891 1994 1951 als
2028 1891 2076 1951 sich
2109 1893 2169 1953 bey
2202 1894 2283 1954 einem

1287 1936 1519 1996 Gegenstande
1552 1939 1578 1999 in
1615 1937 1657 1997 ein
1695 1939 1789 1999 Paar
1822 1942 1969 2002 muntern
2002 1942 2202 2002 Anblicken,
2235 1943 2298 2003 uns

1290 1984 1409 2044 sogleich
1442 1990 1599 2050 vorstellt.
1633 1990 1899 2050 Erläuterungen
1932 1990 1992 2050 und
2014 1993 2215 2053 Gleichnisse
2237 1993 2296 2053 sind

1282 2037 1479 2097 aufrichtig,
1505 2037 1593 2097 ohne
1620 2040 1744 2100 Zwang
1776 2038 1837 2098 gar
1864 2037 1952 2097 nicht
1973 2040 2061 2100 neu,
2093 2040 2196 2100 etwas
2228 2040 2310 2100 dich¬

1279 2085 1415 2145 terisch,
1441 2087 1501 2147 und
1528 2084 1593 2144 doch
1619 2084 1653 2144 am
1695 2085 1862 2145 wenigsten
1893 2086 2065 2146 Zeugnisse
2091 2088 2171 2148 einer
2197 2088 2298 2148 hierin

1290 2133 1480 2193 singulairen
1512 2130 1573 2190 und
1599 2130 1625 2190 in
1652 2130 1697 2190 die
1724 2131 1826 2191 Seele
1848 2133 2018 2193 blitzenden
2055 2136 2163 2196 eignen
2189 2139 2302 2199 Origi¬

1282 2179 1441 2239 nalgabe.
1488 2179 1576 2239 Hier
1597 2178 1659 2238 und
1685 2181 1715 2241 da
1742 2181 1861 2241 immer
1882 2182 2015 2242 dieselbe
2037 2185 2305 2245 Verzierungen,

1281 2229 1345 2289 und
1370 2227 1448 2287 weil
1469 2229 1602 2289 einerley
1632 2231 1799 2291 Materien
1829 2231 1947 2291 immer
1967 2232 2199 2292 vorkommen,
2224 2237 2292 2297 auch

1279 2276 1332 2336 oft
1364 2276 1496 2336 dieselbe
1528 2278 1665 2338 darüber
1703 2282 1924 2342 ausgestreute
1956 2285 2157 2345 Gedanken.
2216 2286 2294 2346 Wir

1279 2325 1448 2385 vermissen
1481 2325 1576 2385 daher
1598 2328 1650 2388 bey
1678 2332 1768 2392 Hrn.
1795 2333 1975 2393 Cramer
2002 2338 2161 2398 diejenige
2194 2339 2304 2399 asceti¬

1287 2375 1371 2435 sche,
1393 2375 1587 2435 bewegende
1609 2378 1667 2438 und
1699 2381 1820 2441 witzige
1842 2384 2010 2444 Einfälle,
2042 2387 2089 2447 die
2116 2390 2290 2450 besonders

1277 2423 1303 2483 in
1341 2426 1394 2486 der
1416 2426 1623 2486 Applikation
1656 2434 1815 2494 durchaus
1853 2435 1905 2495 das
1943 2437 2092 2497 Gewürz
2119 2440 2172 2500 der
2205 2440 2295 2500 Rede

1282 2476 1477 2536 ausmachen
1514 2477 1651 2537 müssen.
1725 2487 1820 2547 Jene
1852 2488 2073 2548 unerwartete
2105 2491 2294 2551 Uebergän¬

1277 2529 1320 2589 ge
1348 2524 1358 2584 —
1424 2527 1499 2587 jene
1532 2528 1640 2588 leichte
1673 2534 1759 2594 Art,
1798 2537 2009 2597 exegetische,
2048 2539 2161 2599 bisher
2200 2539 2302 2599 unbe¬

1279 2575 1395 2635 merkte
1422 2575 1534 2635 Tiefen
1561 2581 1645 2641 eines
1672 2587 1942 2647 Schriftworts,
1969 2587 2000 2647 zu
2032 2587 2212 2647 entwickeln
2250 2585 2260 2645 —

1274 2627 1348 2687 jene
1370 2628 1539 2688 besondere
1567 2634 1816 2694 Worttheilung
1838 2637 1911 2697 nach
1939 2636 2028 2696 denen
2072 2637 2284 2697 verschiednen

1278 2676 1390 2736 Altern
1424 2676 1452 2736 im
1503 2680 1739 2740 Christenthum
1790 2682 1806 2742 -

1866 2685 1940 2745 jene
1968 2682 2143 2742 Einsichten
2180 2685 2207 2745 in
2245 2687 2292 2747 die

1278 2727 1423 2787 geheime
1451 2730 1651 2790 Führungen
1690 2734 1743 2794 der
1776 2733 1906 2793 Gnade
1940 2731 1955 2791 —
2010 2733 2080 2793 jene
2108 2736 2291 2796 fruchtbare

1277 2775 1450 2835 Maximen
1489 2775 1504 2835 —
1559 2783 1634 2843 jene
1651 2784 1923 2844 herzbewegende
1940 2781 1998 2841 und
2015 2783 2161 2843 zärtliche
2178 2787 2297 2847 Ueber¬

1269 2829 1464 2889 redungen,
1491 2832 1538 2892 die
1566 2834 1624 2894 uns
1656 2837 1719 2897 mit
1746 2835 1799 2895 dem
1842 2832 2000 2892 innersten
2038 2835 2159 2895 Herzen
2192 2833 2281 2893 JEsu

1265 2876 1413 2936 bekannt
1439 2879 1562 2939 machen
1602 2879 1616 2939 —

1739 2882 1842 2942 Dies
1870 2882 1946 2942 alles
1968 2882 2087 2942 möchte
2110 2885 2175 2945 hier
2203 2885 2289 2945 wohl

1267 2929 1351 2989 nicht
1376 2930 1400 2990 so
1425 2933 1534 2993 häufig
1559 2935 1589 2995 zu
1614 2936 1717 2996 finden
1748 2936 1845 2996 seyn,
1876 2936 1930 2996 als
1955 2936 2015 2996 wir
2041 2936 2071 2996 es
2096 2936 2126 2996 in
2157 2939 2278 2999 einigen

2153 2990 2280 3050 andern
