2479 3508
249 353 1276 421 das Gitter des Hauses vorgeführt, welches befahl,
249 421 1282 477 „daß er nach dem Towr gebracht werden sollte, um
257 469 1286 523 "allda im Gesängnisse behalten zu werden, bis er,
264 513 1290 579 nach dem Laufe der Gesetze, könnte loßgelaßen wer¬
288 564 1289 617 den. Die Befehle sind bereits gegeben, um den
261 611 1291 679 großen Saal von Westmünster, zur Gerichtsbanke
261 662 1289 729 in der Sache des vorgedachten Lords, in Bereitschaft
261 713 1295 764 zu setzen. Die Kosten dieser Gerichtssitzung werden
275 765 1176 838 sich auf mehr, als 10000 Pf. Sterl. belaufen.
381 825 1179 897 Aix, in der Provence, vom 10. Febr.
318 887 1286 945 Am 26sten Januar wurde allhier das Breve des
270 933 1290 994 heil. Vaters an den Herrn Bischof von Alais, die
275 977 1295 1051 Pastoral=Instruction dieses letztern vom 16ten April
270 1034 1296 1093 v. J. betreffend, wie auch das Schreiben des hiesigen
279 1081 1299 1136 Erzbischofs an den Bischof zu Alais, vom 1sten Dec.
266 1135 1299 1187 v. J. vermöge eines Parlaments-Befehls, von dem
279 1177 1295 1241 Scharfrichter zerrissen, und auf einem Eschaffauf
270 1234 680 1299 öffentlich verbrannt.
536 1269 1040 1355 Madrit, den 12. Febr,
321 1320 1302 1398 Die Akademie des Ackerbaues im Königreich Gal¬
275 1387 1304 1444 licien welche zu Corogne zusammenkommt, versamm¬
273 1440 1095 1502 lete sich den 20ten Jan. zum ersten mahl.
1121 1441 1298 1512 Die Si=
270 1498 1090 1555 tzung eröfnete der Marquis Piedrabuena,
1121 1492 1302 1559 General¬
273 1537 1300 1604 intendant dieses Königreichs, welcher eine Rede von
273 1590 1300 1648 den Gesetzen und dem Gegenstande dieser Akademie,
279 1641 1295 1696 von der Nützlichkeit des Ackerhaues, von seinem
286 1687 1300 1742 Fortgange durch ganz Eyropa, und von der Leich¬
279 1732 1299 1789 tigkeit ihn in Aufnahme zu bringen, wenn man nur
284 1777 1304 1837 die Eigenschaften der Länder, und das Genie der Ein¬
282 1824 1308 1891 wohner kennet, mit vieler Lebhaftigkeit hielte. Diese
279 1878 1307 1935 Rede ward von einer andern abgewechselt, welche Don
279 1928 1300 1994 Juan Ludwich Ximenes von Sabaye über die Vor¬
288 1985 1308 2052 theile von Gallicien hielte. Don Juan von Torres
288 2034 1304 2102 hielte ebenfalls eine von den Stiftungen und dem Fort¬
284 2086 1291 2147 gange aller solcher gelehrten Gesellschaften in ganz Eu
279 2142 1307 2189 ropa, und versprach der neuerrichteten allen nur mögli¬
282 2184 1314 2249 chen Fortgang. Die letzte Rede hielte Don Joseph Mu=
288 2233 1314 2290 nes über den Nutzen verschiedner Pflanzarten und den
280 2292 1308 2345 Mitteln, sie zu vermehren. Der Secretär der Akademie
282 2329 1308 2398 beschloß diese Sitzung mit Verlesung der 20 Artikel,
279 2381 1313 2442 welche in den nächsten Sitzungen von den Mitgliedern
284 2427 1300 2497 erörtert werden sollten, und an sie vertheilet wurden.
288 2476 1308 2545 Sie hatten die verschiedenen Arten des Ackerbaues
291 2523 582 2619 zum Vorwurf.
536 2566 1065 2642 Livorno, vom 9. Fehr.
333 2626 1309 2690 Die mißvergnügten Corsen wollen sich der Herr¬
293 2670 1316 2738 schaft der Republik Genua durchaus nicht unterwer¬
300 2732 1303 2794 fen. Da sie nun befürchten, daß sie darzu durch
287 2780 1318 2845 die Französischen Truppen endlich möchten genöthiget
282 2833 1314 2889 werden können, so haben sie, wie man versichert,
279 2881 1313 2935 beschlossen, Abgeordnete an die Ottomannische Pfor=
278 2924 1316 2979 te zu senden, und um die Vermittelung des Groß¬
291 2979 1311 3063 herrn anzuhalten. Gedachte Abgeordnete sollen sich
1318 354 2355 420 bereits eingeschiffet, und ihre Reise nach Constanti¬
1318 411 1789 495 nopel angetreten haben.
1556 451 2105 525 Florenz, den 16. Febr.
1369 501 2356 575 Die Regierung hat befohlen, in allen Kirchspielen
1318 562 2348 610 eine genaue Liste von allen verheyratheten und un¬
1321 611 2348 668 verheyratheten Personen und Kindern, wie auch von
1327 654 2348 716 den Priestern, Mönchen und Nonnen, aufzuneh=
1324 707 2350 765 men, und das Alter eines jeden beyzufügen. Zu
1327 760 2354 823 Pistoja, wie auch in dem Districte von St. Gimi=
1327 808 2348 871 gnano, hat man vorige Woche einige Stöße von
1327 853 2354 913 einem Erdbeben verspürt, welches aber, Gott Lob!
1330 905 2356 969 keinen Schaden verursachet hat. Der bekannte Er=
1330 959 2236 1024 gelländer, Herr Wilkes, ist hier angekommen.
1551 1006 2155 1062 Stockholm, den 18. Febr.
1380 1050 2355 1103 Dem Vernehmen nach werden die Juden die Er¬
1326 1090 2354 1162 laubniß erhalten, ins Schwedische Reich zu koni¬
1333 1154 2352 1207 men, und sich hieselbst häuslich niederzulassen und
1330 1198 1755 1280 Handlung zu treiben.
1586 1238 2104 1307 Wilda, den 8. März.
1380 1283 2348 1366 Ein gewisser von Adel unserer Stadt, welcher bey
1333 1349 2355 1411 dem neulichen in der Judenschule errichteten Tumult
1336 1404 2358 1457 verwundet worden, hat in voriger Woche seinen
1330 1454 2358 1515 Geist aufgegeben. Die beyden Feldherrn haben sich
1330 1503 2363 1560 bey der auf den 25ten Febr, in Grodnow angeordne¬
1330 1554 2356 1608 ten Kriegescommißion nicht eingefunden, in deren
1330 1600 2363 1660 Abwesenheit also der Woywode von Wilda, Grafen
1330 1652 2358 1702 Oginski Exc. das Präsidium führete, den 9ten May
1339 1701 2365 1755 werden Se. Excell. Ihren solennen Einzug in der
1336 1742 1917 1790 Woywodschaft Wilda halten.
1636 1841 2045 1905 AVERTISSEMENT.
1384 1882 2358 1958 Bey dem Verleger dieser Zeitung ist zu haben:
1336 1940 2364 1996 Regententafel äuf das Jahr 1765, fol. 6 gr. Gottl.
1348 1992 2361 2052 Friedr. Carl Bauers Grundrisse von gewissen Wahr¬
1348 2047 2361 2107 heiten aus der Vernunft und Religion, 8, Wolfenb.
1635 2099 2361 2155 Joh. Paul Baumers Beschreibung
1357 2093 1605 2157 164, 1 fl.
1342 2139 2374 2206 eines zu Ersparung des Holzes eingerichteten Stuben¬
1336 2192 2364 2252 ofens, eine Preisschrift, nebst noch zwoen andern
1342 2240 2358 2301 Abhandl. mit Kupf. 4, Berl. 765, 1 fl. 9gr. Joh.
1340 2284 2368 2352 Christ. Friderici Predigten, 8, Magdeb. 765, 1 fl.
1493 2338 2369 2409 Vier Schriften für den Landwirth, die jetzt
1347 2339 1466 2404 9 gr.
1344 2383 2218 2448 graßirende Viehseuche betreffend, 18 gr.
2264 2395 2367 2457 Der
1342 2440 2368 2495 Rechtschaffene, eine satyrisch-moralische Wochen¬
1351 2485 2224 2555 schrift, 1ster Theil, gr. 8, Lind. 765, 3 fl.
1344 2560 2361 2655 Wechsel-Cours & Species d. 21. Mart. 1765.
1342 2629 1862 2699 Amsterdam 41 Tage 308 gr.
1947 2629 2297 2706 71 Tage 3064gr.
1347 2679 1793 2758 Hamburg 3 W. 133 gr.
1903 2685 2197 2750 6 W. 1324gr.
1342 2728 1570 2796 Berlin pari
1851 2731 2258 2798 Dantzig 25 pr. Cto.
1340 2770 1782 2867 Pucaten neue 9 fl. 3 gr.
1901 2779 2341 2854 Alberts Taler 128½ gr.
1828 2829 2367 2903 Alt Polnisch Geld 12 pr. Cto.
1348 2829 1627 2899 Rubel 113 gr.
1345 2886 2365 2977 Diese Geledere und Politische Zeitung wird des Montags
1449 2952 2259 3010 und Freytags Vormittags um 10 Uhr in dem
1535 2991 2184 3052 Kanterschen Buchladen ausgegeben.
