2479 3508
189 345 295 405 werde
323 345 362 405 ich
396 345 446 405 ihm
498 343 569 403 noch
609 345 726 405 immer
760 345 811 405 die
834 343 940 403 Frage
974 343 1152 403 vorlegen:
1181 342 1214 402 ob

195 395 308 455 unsere
336 395 475 455 kleinere
502 392 626 452 Gläser
659 397 799 457 weniger
830 395 1048 455 berauschen,
1075 395 1137 455 und
1169 394 1215 454 ein

194 443 313 503 stärker
336 441 461 501 Siegel
490 440 603 500 unsrer
626 446 824 506 Mäßigkeit
854 443 944 503 sind?
984 443 1018 503 ob
1053 445 1137 505 nicht
1166 443 1211 503 die

202 491 290 551 Alten
329 489 378 549 bey
412 491 501 551 ihren
534 496 672 556 stärkern
707 497 921 557 Gesundheit
950 497 1011 557 und
1044 494 1193 554 größerem

194 539 377 599 Reichthum
422 540 466 600 sich
495 546 583 606 derer
606 546 739 606 größern
768 548 889 608 Gläser
912 545 978 605 viel
1001 545 1140 605 leichter,
1163 544 1207 604 als

196 587 255 647 wir
283 589 342 649 uns
376 591 462 651 derer
495 598 631 658 kleinern
670 595 822 655 bedienen
855 595 1024 655 konnten?
1058 592 1090 652 ob
1123 592 1215 652 unsre

197 638 321 698 feinere
344 643 440 703 Arten
469 646 514 706 die
538 647 713 707 Menschen
742 646 769 706 zu
804 646 911 706 quälen
940 643 1001 703 und
1036 643 1064 703 zu
1093 643 1216 703 tödten,

194 692 336 752 weniger
367 697 509 757 grausam
563 700 658 760 sind,
682 698 729 758 als
765 697 825 757 das
861 697 1045 757 ehemalige
1075 694 1223 754 Kolben=

1253 342 1363 402 recht?
1397 344 1463 404 und
1497 345 1531 405 ob
1565 345 1597 405 er
1626 345 1714 405 nicht
1737 345 1876 405 gestehen
1915 345 2054 405 müßte,
2088 345 2143 405 daß
2177 343 2265 403 wenn

1254 393 1403 453 ehemals
1435 392 1481 452 die
1507 392 1646 452 Weiber
1673 395 1853 455 Coquetten
1885 395 2024 455 waren,
2055 395 2086 455 es
2123 395 2174 455 bey
2206 395 2267 455 uns

1260 443 1340 503 schon
1368 443 1416 503 die
1433 440 1578 500 jüngsten
1606 443 1768 503 Mädchen
1807 444 1898 504 sind?
1937 445 1995 505 nur
2029 445 2087 505 mit
2115 445 2163 505 dem
2207 443 2271 503 Un¬

1249 494 1430 554 terscheide,
1457 491 1513 551 daß
1540 494 1627 554 wenn
1659 494 1742 554 jenen
1774 491 1924 551 Weibern
1955 494 2043 554 derer
2065 496 2142 556 alten
2163 494 2272 554 Deut¬

1256 542 1336 602 schen
1364 545 1413 605 der
1435 542 1597 602 Ehebruch
1635 545 1781 605 erwiesen
1814 545 1928 605 ward,
1961 545 2004 605 sie
2032 545 2161 605 geköpft
2184 545 2275 605 wur¬

1252 594 1336 654 den,
1364 594 1427 654 und
1454 592 1506 652 daß
1539 591 1597 651 wir
1618 592 1713 652 ihnen
1751 592 1778 652 in
1816 595 1863 655 dem
1911 595 2086 655 nämlichen
2118 598 2192 658 Fall
2219 595 2261 655 ein

1254 643 1482 703 Compliment
1505 643 1553 703 für
1575 643 1645 703 ihre
1668 643 1906 703 Treulosigkeit
1929 643 2075 703 machen.

1458 694 1552 754 (Der
1584 694 1741 754 Beschluß
1786 697 1867 757 folgt
1899 696 2062 756 künftig.)

427 855 628 915 Berlin,
668 860 724 920 den
769 858 836 918 12.
871 861 971 921 Jan.

244 900 320 960 Des
354 904 454 964 Ruß.
482 906 631 966 Kaiserl.
654 909 931 969 Großkanzlers,
971 907 1098 967 Grafen
1143 906 1204 966 von

188 954 379 1014 Woronzow
428 954 507 1014 Exc.
535 956 645 1016 hatten
683 958 715 1018 am
769 960 960 1020 Dienstage
992 957 1210 1017 Vormittage

196 999 250 1059 bey
277 1002 352 1062 Sr.
375 1001 477 1061 Maj.
505 1004 559 1064 dem
603 1007 754 1067 Könige,
776 1008 851 1068 dero
880 1007 1215 1067 Abschiedsaudienz,

194 1050 253 1110 und
292 1052 346 1112 des
374 1052 607 1112 Nachmittags
652 1057 706 1117 bey
739 1058 794 1118 der
827 1058 974 1118 Königin
1018 1059 1121 1119 Maj.
1149 1058 1202 1118 von

193 1098 250 1158 der
271 1100 317 1160 sich
349 1100 421 1160 auch
453 1100 525 1160 dero
551 1105 733 1165 Gemahlin
775 1107 837 1167 und
863 1109 946 1169 Frau
978 1109 1138 1169 Tochter,
1165 1108 1211 1168 die

195 1151 318 1211 Gräfin
348 1151 585 1211 Stroganow,
600 1155 836 1215 beurlaubten,
861 1157 921 1217 und
956 1157 1073 1217 gestern
1099 1157 1197 1217 traten

196 1197 266 1257 Se.
283 1201 358 1261 Exc.
381 1201 451 1261 dero
478 1201 646 1261 Rückreise
674 1204 743 1264 nach
771 1204 982 1264 Petersburg
1010 1207 1069 1267 an,
1091 1204 1199 1264 wohin

192 1248 262 1308 auch
292 1249 342 1309 der
368 1251 463 1311 Ruß.
484 1249 634 1309 Kaiserl.
650 1255 912 1315 Generalmajor
938 1257 998 1317 und
1033 1255 1214 1315 Kammer¬

188 1300 278 1360 herr,
305 1300 390 1360 Herr
417 1298 470 1358 von
507 1297 746 1357 Gudowitsch,
773 1304 832 1364 und
864 1304 911 1364 der
938 1306 1092 1366 Obriste,
1114 1304 1204 1364 Herr

192 1348 248 1408 von
280 1346 461 1406 Gouriew,
487 1348 632 1408 gefolget
653 1348 730 1408 sind.

422 1413 662 1473 Dresden,
692 1413 743 1473 den
772 1414 834 1474 25.
852 1414 943 1474 Dec.

244 1460 314 1520 Der
339 1461 516 1521 ehemalige
540 1464 771 1524 Kammerrath
801 1465 978 1525 Heinicke,
1002 1462 1131 1522 welcher
1156 1461 1208 1521 seit

189 1513 242 1573 dem
284 1515 390 1575 27sten
421 1512 539 1572 Octob.
563 1515 651 1575 1763
688 1516 712 1576 in
742 1518 854 1578 Arrest
878 1515 1044 1575 gewesen,
1080 1517 1115 1577 ist
1145 1515 1198 1575 vor

188 1568 307 1628 einigen
337 1569 444 1629 Tagen
479 1566 627 1626 desselben
657 1568 776 1628 wieder
799 1571 942 1631 entlaßen
977 1569 1125 1629 worden.

379 1646 705 1706 Donaustrom,
728 1646 784 1706 den
820 1649 887 1709 26.
912 1649 1002 1709 Dec.

241 1694 335 1754 Ihro
359 1697 507 1757 Königl.
525 1697 649 1757 Hoheit
673 1697 720 1757 die
739 1700 993 1760 Churbairische
1017 1697 1193 1757 Prinzeßin

185 1747 247 1807 und
276 1747 470 1807 zukünftige
499 1747 676 1807 Römische
706 1751 877 1811 Königin,
906 1750 968 1810 hat
998 1748 1049 1808 der
1084 1748 1197 1808 kleinen

193 1796 435 1856 Erzherzogin,
457 1796 598 1856 Tochter
620 1796 695 1856 Sr.
712 1799 813 1859 Maj.
830 1799 884 1859 des
917 1799 1025 1859 Röm.
1052 1798 1203 1858 Königs,

195 1845 263 1905 eine
285 1846 422 1906 Kutsche
443 1843 490 1903 die
512 1843 580 1903 eine
607 1846 750 1906 Stunde
777 1848 845 1908 lang
882 1847 908 1907 im
951 1847 1098 1907 Zimmer
1130 1846 1204 1906 her¬

192 1894 357 1954 umfährt,
383 1891 443 1951 und
469 1891 513 1951 ein
545 1891 731 1951 Bruststüͤck
756 1891 811 1951 von
847 1891 1063 1951 Brillanten,
1079 1894 1189 1954 30000

183 1942 307 2002 Gulden
339 1940 370 2000 an
402 1936 537 1996 Werth,
564 1939 652 1999 durch
684 1939 735 1999 den
762 1939 830 1999 hier
851 1939 1064 1999 anwesenden
1096 1940 1205 2000 Chur¬

184 1993 356 2053 baierschen
390 1991 567 2051 Minister,
590 1990 723 2050 Grafen
757 1990 812 2050 von
852 1990 1074 2050 Königsfeld,
1102 1990 1201 2050 über¬

186 2045 321 2105 bringen
353 2043 463 2103 lassen.

455 2091 653 2151 London,
688 2091 744 2151 den
778 2091 841 2151 21.
870 2088 960 2148 Dec.

237 2140 312 2200 Den
345 2142 437 2202 11ten
464 2142 572 2202 wurde
600 2139 626 2199 zu
654 2140 893 2200 Westmüͤnster
915 2138 963 2198 der
996 2139 1196 2199 beruͤchtigte

192 2196 315 2256 Proceß
343 2193 510 2253 geendigt,
533 2190 661 2250 welchen
701 2190 749 2250 der
782 2192 867 2252 Herr
900 2190 1111 2250 Beadmore,
1144 2192 1197 2252 der

192 2243 361 2303 Verfasser
399 2240 451 2300 des
489 2240 669 2300 Monitor,
696 2237 796 2297 wider
823 2240 870 2300 den
903 2240 1204 2300 Staatssecretair,

187 2294 313 2354 Grafen
348 2291 407 2351 von
441 2288 611 2348 Hallifax,
640 2288 877 2348 angestrenget
899 2288 1003 2348 hatte.

1099 2291 1185 2351 Man

190 2342 314 2402 brachte
337 2342 393 2402 den
422 2339 535 2399 ganzen
569 2336 631 2396 Tag
660 2339 722 2399 mit
740 2339 978 2399 Entscheidung
1007 2339 1102 2399 dieser
1126 2338 1199 2398 Sa=

185 2393 232 2453 che
259 2393 312 2453 zu,
333 2390 397 2450 und
424 2389 557 2449 nachdem
600 2386 647 2446 die
669 2389 909 2449 Geschwornen
941 2390 983 2450 sie
1005 2390 1074 2450 drey
1101 2389 1196 2449 Vier¬

183 2439 358 2499 telstunden
395 2437 561 2497 überleget
582 2436 711 2496 hatten,
743 2440 773 2500 so
805 2439 893 2499 ward
924 2438 975 2498 der
1007 2437 1100 2497 Graf
1131 2439 1182 2499 von

185 2491 331 2551 Hallifax
360 2487 388 2547 in
429 2485 514 2545 1500
554 2485 616 2545 Pf.
645 2486 763 2546 Sterl.
787 2490 843 2550 zur
873 2490 1184 2550 Schadloshaltung

193 2542 311 2602 wieder
344 2536 397 2596 den
436 2535 549 2595 Herrn
582 2533 781 2593 Beadmore
815 2539 1052 2599 verurtheilet.

1103 2539 1188 2599 Den

188 2593 281 2653 12ten
310 2590 438 2650 wurden
472 2584 539 2644 auch
567 2582 617 2642 die
639 2584 790 2644 Processe
813 2586 862 2646 der
891 2590 991 2650 beiden
1025 2587 1197 2647 Buchdru=

187 2643 246 2703 cker
273 2641 321 2701 des
344 2638 522 2698 Monitor,
544 2635 641 2695 wider
669 2635 885 2695 obbemeldten
913 2638 1189 2698 Staatssecretair

189 2694 284 2754 durch
315 2691 380 2751 eine
411 2687 615 2747 Geldbusse,
646 2684 699 2744 die
718 2684 856 2744 letzterer
887 2688 917 2748 an
947 2688 1037 2748 beide
1062 2688 1181 2748 erlegen

187 2745 306 2805 muste,
335 2737 537 2797 abgemacht.

414 2784 657 2844 Neapolis,
687 2781 738 2841 vom
792 2781 855 2841 29.
879 2785 971 2845 Dec.

236 2841 340 2901 Unser
366 2841 470 2901 König
495 2838 556 2898 hat
575 2833 630 2893 von
668 2832 716 2892 dem
754 2832 858 2892 Pabst
877 2832 920 2892 die
945 2835 1130 2895 Erlaubniß
1155 2835 1197 2895 er=

182 2891 309 2951 halten,
332 2891 348 2951 5
383 2888 493 2948 Jahre
516 2886 588 2946 lang
616 2882 660 2942 die
683 2879 860 2939 Revenüen
900 2881 955 2941 von
994 2884 1044 2944 der
1078 2885 1200 2945 vacan¬

186 2941 233 3001 ten
270 2942 366 3002 Abtey
404 2939 469 2999 St.
500 2939 621 2999 Maria
658 2935 772 2995 d'Alto
798 2933 911 2993 Ponte
942 2938 996 2998 del
1016 2939 1130 2999 Parco
1160 2938 1184 2998 in

1251 857 1423 917 Sicilien,
1445 858 1561 918 welche
1584 858 1717 918 jährlich
1745 858 1861 918 20000
1901 858 2050 918 Ducaten
2089 857 2272 917 einbringt,

1249 908 1300 968 zum
1348 909 1421 969 Bau
1453 909 1556 969 zwoer
1583 909 1782 969 Fregatten,
1803 909 1855 969 die
1876 909 1970 969 gegen
2002 909 2053 969 die
2085 909 2262 969 Barbaren

1254 957 1380 1017 kreuzen
1411 960 1527 1020 sollen,
1553 960 1796 1020 anzuwenden.

1483 1007 1737 1067 Helsingör,
1767 1007 1817 1067 den
1852 1007 1914 1067 30.
1943 1006 2033 1066 Dec.

1294 1054 1371 1114 Vor
1394 1058 1522 1118 einigen
1551 1058 1657 1118 Tagen
1685 1058 1724 1118 ist
1747 1056 1797 1116 bey
1825 1055 1987 1115 Warberg
2021 1055 2049 1115 in
2077 1053 2261 1113 Schweden

1251 1106 1300 1166 der
1329 1106 1478 1166 Schiffer
1501 1109 1550 1169 J.
1573 1106 1722 1166 Richters
1751 1107 1955 1167 gestrandet;
1989 1106 2022 1166 er
2050 1104 2089 1164 ist
2117 1103 2172 1163 von
2206 1103 2272 1163 Kö¬

1245 1154 1403 1214 nigsberg
1435 1157 1651 1217 gekommen,
1684 1158 1747 1218 und
1779 1157 1921 1217 befindet
1959 1157 2006 1217 sich
2044 1155 2117 1215 jetzo
2150 1155 2265 1215 sammt

1252 1204 1349 1264 seinem
1390 1206 1493 1266 Volke
1516 1207 1677 1267 hieselbst.

1492 1255 1742 1315 Warschau,
1777 1255 1827 1315 den
1868 1255 1908 1315 3.
1937 1255 2027 1315 Jan.

1297 1303 1345 1363 Am
1395 1303 1497 1363 letzten
1530 1306 1622 1366 Tage
1649 1303 1697 1363 des
1730 1303 1968 1363 abgewichenen
2007 1303 2168 1363 Jahres,
2207 1299 2244 1359 am

1240 1348 1558 1408 nächstvergangnen
1606 1352 1754 1412 Montag
1792 1351 1946 1411 geschahe
1978 1351 2025 1411 die
2052 1351 2254 1411 Belehnung

1245 1387 1296 1447 des
1325 1393 1571 1453 Herzogthums
1604 1396 1753 1456 Curland
1786 1396 1846 1456 und
1879 1396 2079 1456 Semgallen
2117 1398 2149 1458 an
2191 1396 2265 1456 Sr.

1250 1430 1368 1490 Fürstl.
1378 1439 1526 1499 Durchl.
1536 1437 1585 1497 des
1610 1440 1807 1500 Erbprinzen
1832 1440 1886 1500 von
1911 1440 2053 1500 Curland
2079 1440 2138 1500 und
2163 1440 2265 1500 Sem=

1243 1488 1343 1548 gallen
1370 1488 1428 1548 auf
1449 1490 1549 1550 seines
1582 1490 1676 1550 Hrn.
1693 1489 1819 1549 Vaters
1857 1488 1909 1548 des
1942 1490 2147 1550 regierenden
2180 1491 2264 1551 Her¬

1243 1539 1318 1599 zogs
1353 1539 1411 1599 von
1440 1542 1585 1602 Curland
1614 1542 1672 1602 und
1701 1543 1893 1603 Semgallen
1929 1540 2021 1600 Joh.
2039 1541 2137 1601 Ernst
2161 1539 2264 1599 Hoch=

1242 1595 1350 1655 fürstl.
1369 1594 1521 1654 Durchl.
1540 1596 1599 1656 und
1631 1596 1685 1656 auf
1710 1596 1758 1656 sich
1783 1596 1874 1656 selbst
1899 1596 1947 1656 als
1972 1590 2135 1650 künftigen
2154 1593 2263 1653 Nach=

1245 1643 1338 1703 folger
1367 1643 1388 1703 im
1428 1646 1623 1706 öffentlichen
1657 1646 1790 1706 Senat.
1841 1646 1919 1706 Sr.
1942 1646 2086 1706 Durchl.
2103 1646 2153 1706 der
2181 1643 2264 1703 Erb=

1238 1694 1328 1754 prinz
1355 1694 1519 1754 verfügten
1552 1697 1599 1757 sich
1626 1699 1685 1759 aus
1712 1697 1797 1757 ihrem
1840 1697 1909 1757 hier
1936 1697 1989 1757 auf
2021 1694 2074 1754 der
2096 1694 2260 1754 Neustadt

1242 1745 1485 1805 innehabenden
1518 1747 1664 1807 Palais,
1692 1748 1762 1808 nach
1790 1747 1843 1807 dem
1881 1745 2125 1805 Brühlischen,
2158 1748 2255 1808 gleich

1240 1793 1337 1853 neben
1365 1796 1418 1856 dem
1462 1796 1667 1856 Sächsischen
1690 1796 1814 1856 Palais
1842 1793 2004 1853 gelegenen
2037 1796 2177 1856 Palais,
2194 1796 2252 1856 und

1238 1843 1285 1903 die
1302 1846 1333 1906 zu
1360 1843 1471 1903 Ihrer
1493 1846 1694 1906 Begleitung
1727 1846 1880 1906 dienende
1897 1843 2046 1903 Kutschen
2078 1844 2162 1904 nebst
2190 1844 2237 1904 dem

1239 1891 1384 1951 Gefolge
1415 1891 1475 1951 und
1501 1891 1712 1951 Commando
1748 1893 1803 1953 von
1843 1894 1893 1954 der
1919 1894 2065 1954 Königl.
2080 1894 2256 1954 Leibgarde

1241 1943 1271 2003 zu
1308 1936 1437 1996 Pferde
1468 1939 1711 1999 versammleten
1753 1941 1804 2001 sich
1846 1941 1902 2001 auf
1934 1942 1985 2002 dem
2032 1942 2140 2002 weiten
2171 1942 2259 2002 Hofe

1239 1984 1290 2044 des
1316 1984 1523 2044 Sächsischen
1549 1987 1693 2047 Palais,
1725 1990 1781 2050 von
1813 1990 1941 2050 welchem
1978 1987 2030 2047 der
2051 1990 2252 2050 Paradezug

1241 2034 1328 2094 durch
1355 2031 1401 2091 die
1428 2034 1598 2094 Krakauer
1619 2034 1780 2094 Vorstadt
1806 2037 1878 2097 nach
1915 2035 1966 2095 dem
2009 2037 2133 2097 Schloß
2165 2040 2262 2100 ging,

1243 2085 1290 2145 für
1317 2082 1443 2142 welchem
1486 2082 1533 2142 die
1554 2085 1770 2145 Ungerwache
1797 2085 1997 2145 hingestellet
2019 2085 2081 2145 war
2114 2087 2171 2147 und
2203 2090 2250 2150 die

1234 2136 1418 2196 Honneurs
1451 2133 1586 2193 machte.
1636 2133 1712 2193 Sr.
1739 2136 1885 2196 Durchl.
1913 2138 1967 2198 der
1990 2136 2157 2196 Erbprinz
2185 2140 2260 2200 fuh¬

1235 2187 1283 2247 ren
1316 2190 1337 2250 in
1364 2187 1418 2247 der
1440 2187 1618 2247 prächtigen
1641 2187 1732 2247 neuen
1760 2190 2008 2250 Staatscarosse
2031 2190 2100 2250 Sr.
2117 2189 2251 2249 Königl.

1240 2239 1336 2299 Maj.
1364 2237 1424 2297 mit
1451 2237 1467 2297 8
1500 2238 1554 2298 der
1582 2237 1733 2297 schönsten
1766 2237 1896 2297 Pferde
1924 2240 2108 2300 bespannt,
2136 2237 2254 2297 welche

1234 2289 1361 2349 Carosse
1383 2288 1473 2348 nebst
1500 2288 1552 2348 dem
1596 2288 1782 2348 prächtigen
1819 2288 1994 2348 Geschirre
2021 2288 2154 2348 kürzlich
2186 2288 2244 2348 von

1236 2339 1328 2399 Wien
1356 2339 1465 2399 hieher
1487 2339 1672 2399 gekommen
1700 2339 1753 2399 ist.
1825 2336 1906 2396 Sr.
1923 2339 2070 2399 Durchl.
2097 2338 2146 2398 der
2168 2336 2255 2396 Erb¬

1235 2390 1327 2450 prinz
1353 2389 1446 2449 saßen
1477 2390 1647 2450 vorwärts
1673 2389 1755 2449 ganz
1782 2387 1900 2447 alleine
1937 2387 1967 2447 im
2014 2387 2137 2447 Wagen
2179 2387 2241 2447 und

1234 2437 1414 2497 rückwårts
1446 2437 1492 2497 die
1523 2437 1606 2497 zwey
1642 2437 1766 2497 Herren
1803 2437 2014 2497 Castelläne,
2035 2435 2149 2495 welche
2175 2436 2252 2496 Sr.

1236 2488 1382 2548 Durchl.
1399 2487 1571 2547 abgeholet
1593 2486 1717 2546 hatten.
1767 2485 1826 2545 So
1854 2485 1913 2545 wie
1935 2485 1983 2545 sich
2011 2485 2059 2545 der
2081 2485 2145 2545 Zug
2173 2485 2226 2545 dem

1240 2537 1389 2597 Schlosse
1412 2537 1572 2597 näherte,
1595 2538 1700 2598 kamen
1739 2536 1816 2596 Sr.
1833 2536 1977 2596 Königl.
2000 2533 2094 2593 Maj.
2122 2535 2149 2595 in
2183 2535 2254 2595 Be=

1233 2587 1373 2647 gleitung
1415 2587 1466 2647 der
1493 2588 1565 2648 hier
1596 2584 1855 2644 gegenwärtigen
1892 2581 2016 2641 Herren
2048 2584 2244 2644 Senateurs

1239 2638 1298 2698 aus
1324 2638 1414 2698 Dero
1439 2637 1580 2697 Zimmer
1606 2635 1675 2695 nach
1701 2634 1751 2694 dem
1787 2630 2058 2690 Senatorensaal
2079 2635 2104 2695 in
2134 2635 2249 2695 dersel¬

1234 2685 1281 2745 ben
1314 2687 1478 2747 Kleidung
1511 2685 1568 2745 und
1595 2684 1691 2744 Hut,
1723 2682 1786 2742 mit
1814 2682 1946 2742 welchem
1989 2682 2058 2742 Sie
2091 2687 2143 2747 zur
2165 2685 2249 2745 Krö¬

1236 2735 1323 2795 nung
1354 2736 1379 2796 in
1416 2736 1462 2796 die
1493 2733 1606 2793 Kirche
1632 2733 1797 2793 gegangen
1834 2733 1967 2793 waren,
1993 2734 2054 2794 nur
2086 2734 2142 2794 daß
2173 2734 2239 2794 Sie

1240 2784 1288 2844 den
1321 2784 1461 2844 Königl.
1483 2781 1634 2841 Mantel,
1651 2781 1705 2841 den
1732 2781 1802 2841 Sie
1824 2784 1954 2844 damals
1981 2784 2040 2844 erst
2068 2784 2138 2844 nach
2171 2784 2251 2844 voll=

1234 2835 1363 2895 zogener
1402 2833 1563 2893 Krönung
1596 2832 1791 2892 umhatten,
1819 2835 1894 2895 jetzo
1933 2835 2029 2895 dabey
2068 2835 2246 2895 anhatten.

1234 2885 1303 2945 Vor
1331 2884 1444 2944 Ihnen
1483 2879 1613 2939 wurden
1646 2882 1764 2942 wieder
1798 2883 1846 2943 die
1874 2885 1954 2945 zwey
1983 2885 2247 2945 Reichsfahnen,

1230 2937 1280 2997 die
1303 2936 1382 2996 zwey
1412 2933 1723 2993 Reichsschwerdter
1747 2936 1803 2996 und
1832 2938 1877 2998 die
1900 2936 2099 2996 sogenannte
2123 2933 2247 2993 Beleh=

2109 2987 2249 3047 nungs=
