2479 3508
500 339 703 399 London,
741 339 795 399 den
833 341 900 401 21.
926 339 1024 399 Dec.

282 384 361 444 Der
390 383 447 443 D.
470 386 584 446 Georg
619 386 761 446 Stone,
790 386 984 446 Erzbischof
1013 388 1070 448 von
1110 389 1258 449 Armagh

235 438 294 498 und
322 435 470 495 Primas
498 437 546 497 des
575 437 793 497 Königreichs
821 440 969 500 Irland,
1008 437 1045 497 ist
1068 437 1122 497 den
1161 440 1259 500 17ten

243 488 391 548 hieselbst
414 488 474 548 mit
497 486 584 546 Tode
607 489 838 549 abgegangen.
888 486 976 546 Herr
999 485 1141 545 Mitchel
1159 488 1197 548 ist
1208 488 1241 548 am

232 539 328 599 11ten
360 536 416 596 des
442 538 574 598 Abends
601 536 661 596 von
693 538 815 598 Berlin
841 539 1174 599 zuruckgekommen,
1215 539 1261 599 wo

238 589 272 649 er
295 589 340 649 als
364 586 575 646 Königlicher
604 588 770 648 Minister
794 584 925 644 residirt
943 586 1017 646 hat.

473 639 745 699 Besancon,
772 637 824 697 den
863 640 926 700 14.
953 637 1043 697 Dec.

290 685 425 745 Sobald
464 686 524 746 das
563 688 661 748 Edict
689 688 792 748 wegen
831 686 879 746 der
907 688 1060 748 Jesuiten
1099 685 1136 745 an
1175 686 1267 746 unser

240 739 452 799 Parlament
469 739 522 799 zur
556 737 789 797 Registrirung
811 738 1001 798 überliefert
1018 736 1104 796 war,
1127 736 1262 796 beschloß

242 789 416 849 dasselbe,
454 786 506 846 dem
560 786 691 846 Könige
729 789 897 849 deswegen
940 786 1188 846 Vorstellungen
1237 785 1268 845 zu

239 839 345 899 thun,
372 839 430 899 und
463 835 537 895 Se.
553 837 654 897 Maj.
671 838 702 898 zu
729 838 894 898 ersuchen,
921 835 1059 895 selbiges
1076 834 1198 894 wieder
1214 833 1283 893 ein¬

248 888 420 948 zuziehen.
471 887 659 947 Gedachter
682 888 815 948 Schluß
850 888 899 948 kam
944 888 1005 948 mit
1028 886 1066 946 33
1094 885 1271 945 Stimmen

251 942 347 1002 gegen
382 942 421 1002 24
450 938 483 998 zu
512 938 676 998 Stande.

467 987 793 1047 Copenhagen,
824 988 876 1048 den
919 987 954 1047 1.
984 987 1078 1047 Jan.

290 1034 368 1094 Der
397 1037 469 1097 Hr.
492 1034 586 1094 Graf
615 1037 710 1097 Adam
749 1034 889 1094 Gottlob
929 1034 984 1094 von
1018 1034 1180 1094 Moltke,
1203 1030 1281 1090 Sr.

243 1088 390 1148 Königl.
412 1086 510 1146 Maj.
532 1085 810 1145 Kammerjunker
838 1085 903 1145 und
931 1083 1149 1143 Seecapitain
1182 1079 1214 1139 ist
1237 1079 1269 1139 an

247 1136 337 1196 einem
375 1136 465 1196 Tage
487 1136 545 1196 mit
567 1135 667 1195 seinem
706 1134 839 1194 jüngern
871 1133 1083 1193 Halbbruder
1111 1131 1158 1191 dem
1196 1127 1286 1187 Gra¬

253 1184 297 1244 fen
333 1184 449 1244 Georg
490 1184 545 1244 zum
597 1181 753 1241 Membro
789 1181 966 1241 Societatis
997 1181 1092 1241 Caes.
1118 1175 1289 1235 Leopold.

241 1231 390 1291 Naturae
426 1228 635 1288 Curiosorum
685 1228 780 1288 unter
815 1228 864 1288 dem
905 1228 1039 1288 Namen
1069 1225 1174 1285 Jason
1214 1227 1283 1287 auf=

257 1279 452 1339 genommen
483 1276 632 1336 worden.
678 1276 729 1336 Im
776 1271 873 1331 Stift
894 1276 1084 1336 Drontheim
1136 1273 1197 1333 sind
1234 1273 1259 1333 im

259 1329 463 1389 verwichnen
497 1327 651 1387 1764sten
686 1324 901 1384 Kirchenjahr
929 1326 1017 1386 5045
1045 1324 1211 1384 Personen
1240 1324 1289 1384 ge=

1098 1375 1144 1435 In
1185 1375 1283 1435 dieser

257 1378 356 1438 boren
393 1375 560 1435 worden,
592 1378 655 1438 und
692 1378 785 1438 4128
833 1378 1021 1438 gestorben.

257 1428 459 1488 Hauptstadt
483 1428 553 1488 aber
578 1428 642 1488 sind
667 1428 690 1488 im
733 1431 862 1491 vorigen
905 1431 993 1491 Jahr
1018 1431 1082 1491 961
1113 1428 1207 1488 Paar
1243 1428 1290 1488 co=

253 1482 381 1542 pulirt,
409 1484 498 1544 1419
532 1482 699 1542 Knaben,
722 1482 783 1542 und
817 1482 900 1542 1226
934 1482 1129 1542 Mädchen,
1158 1479 1285 1539 zusam=

253 1536 318 1596 men
351 1535 438 1595 2645
472 1533 596 1593 Kinder
619 1531 755 1591 geboren
783 1531 936 1591 worden.
1002 1530 1188 1590 Gestorben
1215 1530 1280 1590 sind

256 1587 320 1647 929
359 1584 532 1644 Manner,
560 1581 624 1641 733
657 1579 809 1639 Frauen,
836 1581 922 1641 1058
956 1578 1091 1638 Knaben
1124 1575 1188 1635 und
1211 1578 1275 1638 953

258 1679 380 1739 storben
414 1678 461 1738 als
483 1673 643 1733 geboren.

477 1718 741 1778 Warschau,
775 1718 825 1778 den
866 1718 932 1778 10.
961 1718 1056 1778 Jan.

314 1773 429 1833 Heute
446 1772 507 1832 hat
530 1769 579 1829 das
608 1769 768 1829 Senatus
797 1769 963 1829 Consilium
1008 1769 1057 1829 den
1086 1766 1219 1826 Anfang
1241 1763 1291 1823 ge=

257 1825 439 1885 nommen,
466 1820 528 1880 und
555 1819 628 1879 auch
660 1817 716 1877 sein
759 1818 852 1878 Ende
884 1817 1056 1877 erreichet,
1088 1817 1187 1877 indem
1235 1814 1281 1874 die

267 1876 396 1936 Anzahl
420 1873 504 1933 derer
527 1870 652 1930 Herren
693 1870 885 1930 Senatoren
920 1867 988 1927 sehr
1022 1868 1152 1928 geringe
1181 1867 1288 1927 gewe¬

263 1927 336 1987 sen,
371 1926 404 1986 da
440 1924 490 1984 sich
525 1921 587 1981 nur
622 1920 679 1980 auf
713 1921 889 1981 demselben
924 1921 941 1981 6
982 1918 1135 1978 Bischöfe
1164 1920 1226 1980 und
1261 1920 1277 1980 8

258 1978 414 2038 weltliche
443 1972 548 2032 Herrn
577 1970 773 2030 Senatores
802 1972 986 2032 befunden.
1037 1971 1165 2031 Etliche
1188 1972 1277 2032 Tage

270 2026 372 2086 zuvor
393 2025 521 2085 wurden
553 2024 609 2084 aus
646 2023 696 2083 der
728 2025 969 2085 Kroncanzeley
1001 2023 1046 2083 die
1073 2025 1206 2085 Puncta
1243 2023 1273 2083 ad

258 2076 518 2136 Deliberandum
560 2076 752 2136 genommen
795 2074 857 2134 und
889 2076 1128 2136 ausgetheilet,
1165 2073 1279 2133 welche

257 2126 353 2186 unter
375 2124 492 2184 andern
525 2124 572 2184 die
595 2126 813 2186 Abfertigung
840 2124 893 2184 der
910 2125 1182 2185 Gesandschaften
1209 2121 1278 2181 nach

257 2172 368 2232 Rom,
399 2173 699 2233 Constantinopel,
730 2175 943 2235 Petersburg
979 2175 1040 2235 und
1076 2172 1198 2232 Berlin
1234 2169 1284 2229 be¬

264 2223 396 2283 treffen.
474 2219 551 2279 Se.
580 2220 723 2280 Königl.
746 2220 840 2280 Maj.
863 2220 962 2280 haben
996 2220 1067 2280 nach
1101 2220 1272 2280 Absterbei

256 2273 308 2333 des
346 2270 480 2330 Grasen
513 2267 673 2327 Potocki,
711 2269 758 2329 die
796 2267 999 2327 Castellaney
1032 2267 1091 2327 von
1129 2266 1278 2326 Lemberg

268 2324 321 2384 dem
364 2321 469 2381 Herrn
501 2318 643 2378 Morsk,
670 2318 728 2378 und
755 2315 802 2375 die
824 2318 1003 2378 Starostey
1030 2318 1082 2378 von
1115 2315 1262 2375 Zudaoen

263 2375 315 2435 dem
358 2372 485 2432 Grafen
523 2366 730 2426 Rzewuski,
762 2366 970 2426 Woywoden
1007 2366 1065 2426 von
1097 2366 1262 2426 Podolien

258 2430 291 2490 zu
319 2425 469 2485 ertheilen
503 2419 653 2479 geruhet.
704 2414 776 2474 Die
804 2417 859 2477 zur
893 2417 1054 2477 Krönung
1089 2415 1266 2475 gebraucht

265 2473 411 2533 Königl.
429 2470 632 2530 Insignien,
650 2465 711 2525 sind
735 2464 762 2524 in
792 2464 842 2524 der
871 2466 1006 2526 vorigen
1041 2467 1165 2527 Woche
1188 2464 1267 2524 durd

264 2521 317 2581 den
350 2521 474 2581 Grafen
502 2518 740 2578 Moszewski,
762 2515 967 2575 Woywoden
1006 2515 1059 2575 von
1092 2515 1286 2575 Junowra¬

269 2572 365 2632 claw,
377 2575 430 2635 und
453 2575 501 2635 dem
535 2574 615 2634 Hrn.
627 2569 784 2629 Zapolsky
806 2568 827 2628 in
844 2566 1044 2626 Begleitung
1066 2566 1148 2626 eines
1170 2566 1277 2626 starken

268 2623 474 2683 Commando
511 2623 567 2683 von
599 2623 650 2683 dem
692 2617 1105 2677 Kron=Garderegiment
1132 2618 1157 2678 zu
1188 2614 1291 2674 Pfer=

263 2671 316 2731 de,
343 2668 507 2728 wiederum
551 2670 619 2730 nach
651 2672 773 2732 Cracau
801 2668 1028 2728 abgeschicket.
1088 2669 1162 2729 Die
1194 2664 1289 2724 Gra¬

266 2722 310 2782 fen
344 2718 525 2778 Sapieha,
548 2718 747 2778 Woywoden
775 2718 835 2778 von
875 2718 979 2778 Plock
1013 2718 1073 2778 und
1101 2715 1289 2775 Unterfeld¬

266 2769 343 2829 heer
366 2769 422 2829 von
456 2766 640 2826 Lithauen,
663 2769 846 2829 Zabieckie,
864 2769 1070 2829 lithauischer
1099 2769 1294 2829 Jägermei¬

265 2819 346 2879 ster,
374 2817 433 2877 sind
461 2814 640 2874 vorgestern
673 2816 742 2876 nach
770 2819 911 2879 Königl.
922 2820 1188 2880 Beurlaubung,
1211 2817 1280 2877 nach

267 2868 425 2928 Lithauen
460 2864 652 2924 abgereiset,
681 2864 868 2924 imgleichen
903 2870 942 2930 ist
971 2870 1016 2930 die
1045 2870 1169 2930 Gräfin
1204 2870 1288 2930 Rze¬

269 2921 403 2981 wuska,
431 2915 615 2975 Gemahlin
643 2915 691 2975 des
719 2912 821 2972 Herrn
855 2916 1055 2976 Woywoden
1083 2918 1142 2978 von
1175 2918 1294 2978 Podo¬

267 2975 355 3035 lien,
379 2974 414 3034 ad
438 2968 568 3028 propria
610 2966 775 3026 verreiset,
805 2969 934 3029 nachdem
983 2970 1024 3030 sir
1054 2969 1124 3029 dero
1160 2971 1289 3031 jüngste

1293 342 1458 402 Comtesse
1489 344 1631 404 Tochter
1673 347 1737 407 mit
1768 345 1827 405 dem
1881 348 2011 408 Grafen
2059 348 2331 408 Malachowski,

1295 392 1658 452 Kronreserendario,
1709 395 1872 455 verlobet.

1958 399 2030 459 Die
2076 398 2321 458 Vermählung

1286 443 1414 503 bleibet
1447 444 1660 504 ausgestellet
1693 446 1741 506 bis
1768 446 1821 506 zur
1854 449 2046 509 Rückkunft
2074 449 2169 509 dieses
2208 449 2319 509 Herrn

1298 491 1361 551 aus
1388 494 1620 554 Petersburg,
1648 497 1753 557 wohin
1785 494 1817 554 er
1838 494 1885 554 sich
1912 497 1959 557 als
1981 499 2160 559 polnischer
2177 497 2330 557 Gesand¬

1301 544 1348 604 ter
1370 539 1522 599 verfügen
1555 545 1655 605 wird.
1703 543 1755 603 Es
1777 545 1856 605 wird
1883 546 1951 606 hier
1978 548 2163 608 gesprochen
2196 551 2248 611 daß
2275 548 2316 608 sich

1302 587 1377 647 Se.
1399 591 1550 651 Durchl.
1573 595 1626 655 der
1659 595 1756 655 Fürst
1784 595 1940 655 General
1963 598 2227 658 Poniatowski,
2271 598 2303 658 im

1296 640 1425 700 Kurzen
1458 640 1525 700 nach
1562 643 1655 703 Wien
1692 643 1827 703 begeben
1864 643 1984 703 sollen,
2005 645 2041 705 um
2088 649 2228 709 daselbst
2255 649 2322 709 eine

1307 688 1471 748 Mariage
1494 694 1640 754 zwischen
1675 696 1748 756 Sr.
1771 694 1912 754 Königl.
1941 694 2042 754 Maj.
2065 697 2104 757 A.
2127 697 2166 757 A.
2184 697 2234 757 H.
2257 700 2318 760 und

1302 736 1396 796 einer
1419 741 1635 801 Erzherzogin
1663 745 1690 805 zu
1719 745 1924 805 negotiiren.
1969 745 2018 805 Es
2047 745 2102 805 soll
2119 747 2191 807 auch
2219 748 2318 808 gewiß

1313 787 1401 847 seyn,
1425 788 1478 848 daß
1508 790 1554 850 sich
1585 795 1672 855 Jhro
1697 795 1838 855 Königl.
1862 794 1956 854 Maj.
1974 795 2133 855 künftiges
2151 797 2321 857 Frühjahr

1305 834 1505 894 ohnfehlbar
1527 838 1598 898 nach
1626 841 1761 901 Danzig
1783 846 1919 906 begeben
1947 845 2099 905 werden,
2121 846 2158 906 um
2192 843 2321 903 daselbst

1304 887 1421 947 erstlich
1443 885 1490 945 den
1517 887 1623 947 Unfug
1645 891 1740 951 dieser
1751 894 1862 954 Stadt
1879 894 1905 954 zu
1926 894 2149 954 untersuchen,
2160 897 2319 957 zweytens

1309 936 1348 996 um
1394 935 1434 995 ein
1470 936 1671 996 vermischtes
1692 941 1828 1001 Gericht
1843 945 1899 1005 aus
1919 946 2100 1006 Edelleuten
2131 945 2191 1005 und
2212 948 2332 1008 Magi¬

1314 984 1565 1044 stratspersonen
1607 987 1658 1047 zur
1695 990 1864 1050 Richtung
1896 992 1952 1052 des
1988 995 2091 1055 Adels
2127 995 2328 1055 anzusetzen.

1312 1034 1475 1094 drittens,
1502 1034 1534 1094 um
1582 1037 1628 1097 die
1650 1037 1782 1097 Zugabe
1809 1040 1856 1100 der
1883 1043 1893 1103 3
1926 1043 2073 1103 Scheffel
2095 1046 2153 1106 von
2190 1046 2237 1106 der
2259 1046 2327 1106 Last

1309 1082 1536 1142 aufzuheben,
1567 1085 1629 1145 und
1661 1088 1799 1148 einerley
1836 1091 1944 1151 Maaß
1986 1094 2048 1154 und
2079 1094 2234 1154 Gewicht
2265 1094 2327 1154 mit

1317 1133 1419 1193 Polen
1456 1133 1693 1193 einzuführen,
1730 1139 1786 1199 und
1822 1142 1966 1202 viertens
2003 1143 2039 1203 um
2080 1145 2136 1205 das
2173 1145 2255 1205 Geld
2292 1145 2317 1205 in

1311 1179 1364 1239 den
1396 1180 1497 1240 Gang
1524 1181 1555 1241 zu
1582 1184 1735 1244 bringen.
1789 1187 1900 1247 Außer
1927 1191 2022 1251 denen
2060 1193 2192 1253 Fürsten
2230 1194 2330 1254 Czar¬

1314 1228 1447 1288 toriski,
1480 1231 1712 1291 Großkanzler
1743 1234 1799 1294 von
1837 1237 2017 1297 Lithauen,
2054 1239 2115 1299 und
2146 1241 2332 1301 Radziwil,

1314 1281 1499 1341 Ordinaten
1525 1282 1581 1342 von
1618 1282 1731 1342 Klock,
1758 1283 1819 1343 und
1856 1285 1907 1345 dem
1959 1285 2062 1345 Herrn
2099 1287 2237 1347 Bischof
2264 1289 2320 1349 von

1318 1333 1436 1393 Plock,
1471 1336 1573 1396 haben
1608 1336 1652 1396 die
1681 1336 1811 1396 Grafen
1846 1336 2055 1396 Zamayski,
2091 1338 2334 1398 Kron=Groß=

1318 1387 1461 1447 kanzler,
1489 1387 1550 1447 und
1572 1387 1743 1447 Ogenski,
1771 1390 2047 1450 Großmarschall
2070 1390 2125 1450 von
2159 1390 2335 1450 Lithauen,

1311 1437 1364 1497 den
1397 1437 1497 1497 Receß
1524 1437 1582 1497 von
1609 1440 1662 1500 der
1689 1440 1960 1500 Administration
1993 1440 2040 1500 der
2067 1440 2327 1500 Radziwilschen

1314 1485 1427 1545 Güter
1454 1488 1696 1548 verlautbaret,
1723 1488 1784 1548 und
1816 1489 1872 1549 wie
1899 1491 1966 1551 man
1997 1491 2100 1551 saget,
2121 1493 2209 1553 sollen
2235 1494 2333 1554 solche

1314 1535 1364 1595 der
1384 1533 1572 1593 Gemahlin
1603 1536 1653 1596 des
1679 1536 1866 1596 abgesetzten
1892 1539 2089 1599 Woywoden
2115 1542 2170 1602 von
2201 1542 2332 1602 Wilda,

1311 1581 1440 1641 Fürsten
1480 1581 1539 1641 von
1579 1581 1777 1641 Radziwil,
1808 1584 1991 1644 übergeben
2032 1587 2180 1647 werden.
2260 1590 2333 1650 Die

251 1628 450 1688 Mädchen,
478 1628 505 1688 in
538 1627 618 1687 allem
668 1625 787 1685 3673;
825 1625 944 1685 mithin
982 1625 1074 1685 1028
1113 1625 1199 1685 mehr
1227 1624 1280 1684 ge=
1313 1625 1497 1685 Rußischen
1531 1628 1681 1688 Truppen
1709 1630 1822 1690 welche
1845 1631 1876 1691 zu
1904 1631 2099 1691 Czerwinsk
2127 1636 2186 1696 und
2219 1635 2245 1695 in
2278 1637 2337 1697 an¬

1307 1676 1377 1736 dern
1411 1673 1591 1733 Gegenden
1624 1676 1678 1736 sich
1706 1678 1820 1738 bisher
1843 1681 2022 1741 befunden,
2045 1682 2148 1742 haben
2187 1685 2236 1745 den
2264 1687 2334 1747 An¬

1314 1725 1389 1785 fang
1417 1725 1562 1785 gemacht
1584 1727 1654 1787 nach
1682 1727 1773 1787 poln.
1790 1730 1952 1790 Preussen
1980 1733 2233 1793 aufzubrechen.

1521 1775 1838 1835 Königsberg,
1867 1781 1923 1841 den
1965 1781 2027 1841 28.
2057 1784 2148 1844 Jan.

1366 1822 1502 1882 Allhier

1525 1822 1584 1882 sind
1612 1825 1639 1885 im
1694 1828 1889 1888 verwichnen
1927 1831 2019 1891 Jahr
2052 1837 2134 1897 nahe
2167 1837 2199 1897 an
2237 1835 2323 1895 1000

1318 1874 1487 1934 Personen

1537 1877 1597 1937 und
1625 1879 1653 1939 im
1692 1881 1809 1941 ganzen
1837 1882 2031 1942 Königreich
2059 1888 2214 1948 Preußen
2254 1888 2331 1948 über

1311 1924 1418 1984 17000
1447 1929 1539 1989 mehr
1562 1930 1693 1990 geboren
1728 1933 1773 1993 als
1791 1934 1973 1994 gestorben.
2026 1938 2105 1998 Wie
2128 1937 2271 1997 glücklich
2300 1935 2334 1995 ist

1311 1977 1401 2037 unser
1430 1982 1509 2042 Land
1538 1985 1588 2045 für
1612 1984 1634 2044 so
1663 1987 1724 2047 viel
1742 1987 1861 2047 andern
1890 1987 2020 2047 voriges
2049 1990 2139 2050 Jahr
2162 1988 2326 2048 gewesen?

1633 2097 1759 2157 NER
1787 2100 2013 2160 TIRUNT.

1371 2146 1445 2206 Bey
1481 2151 1533 2211 dem
1580 2150 1741 2210 Verleger
1771 2151 1869 2211 dieser
1899 2154 2037 2214 Zeitung
2074 2154 2113 2214 ist
2137 2154 2171 2214 zu
2207 2157 2334 2217 haben:

1323 2196 1383 2256 M.
1406 2196 1449 2256 C.
1467 2199 1527 2259 Fr.
1545 2199 1677 2259 Barths
1700 2202 1915 2262 Sammlung
1949 2205 2071 2265 einiger
2099 2205 2337 2265 Kanzelreden,

1308 2250 1361 2310 gr.
1380 2246 1415 2306 8,
1439 2246 1553 2306 Leipz.
1571 2249 1655 2309 764,
1679 2249 1696 2309 2
1727 2250 1762 2310 fl.
1781 2254 1816 2314 15
1847 2253 1900 2313 gr.
1954 2255 2055 2315 Joh.
2074 2255 2199 2315 Arndts
2230 2255 2336 2315 Para¬

1318 2294 1562 2354 diesgärtlein,
1590 2300 1851 2360 herausgegeben
1885 2306 1940 2366 von
1974 2306 2101 2366 Hiller,
2124 2307 2173 2367 8,
2207 2306 2340 2366 Stutg.

1320 2341 1406 2401 764,
1436 2345 1446 2405 2
1476 2346 1516 2406 fl.
1534 2348 1545 2408 9
1575 2348 1626 2408 gr.
1674 2348 1754 2408 Der
1778 2351 1905 2411 Christ,
1929 2354 1974 2414 ein
2004 2357 2131 2417 Soldat
2154 2357 2178 2417 in
2207 2354 2258 2414 der
2276 2354 2339 2414 Ge=

1320 2393 1441 2453 schichte
1468 2394 1520 2454 des
1553 2396 1822 2456 Kriegsobristen
1859 2405 1986 2465 Moritz
2013 2405 2070 2465 von
2108 2408 2160 2468 der
2187 2408 2340 2468 thebani¬

1320 2444 1401 2504 schen
1430 2444 1563 2504 Legion,
1587 2446 1627 2506 8,
1651 2449 1882 2509 Braunschw.
1894 2455 1974 2515 765,
2004 2455 2015 2515 1
2039 2455 2073 2515 fl.
2085 2458 2171 2518 6gr.
2218 2455 2333 2515 Oede-

1318 2494 1344 2554 ri
1367 2494 1534 2554 Elementa
1556 2497 1729 2557 botanica,
1752 2500 1833 2560 Pars
1850 2503 1882 2563 I,
1904 2506 1941 2566 8,
1964 2506 2126 2566 Copenh.
2143 2509 2229 2569 764.
2262 2508 2278 2568 1
2300 2506 2337 2566 fl.

1478 2545 1593 2605 Poesie
1621 2546 1676 2606 del
1699 2549 1791 2609 Sign.
1820 2554 1924 2614 Pietro
1958 2554 2172 2614 Metastasio,
2206 2556 2222 2616 9
2261 2554 2343 2614 Vol.

1314 2554 1333 2614 9
1366 2550 1431 2610 gr.

1339 2595 1383 2655 gr.
1397 2599 1435 2659 8,
1468 2596 1565 2656 Tor.
1585 2603 1682 2663 757,
1715 2602 1753 2662 32
1786 2605 1824 2665 fl.

1862 2602 1941 2662 Die
1971 2608 2107 2668 siebente
2130 2605 2328 2665 Fortsetzung

1323 2647 1376 2707 des
1404 2649 1561 2709 Catalogi
1583 2650 1658 2710 wird
1686 2655 1789 2715 gratis
1816 2655 2038 2715 ausgegeben.

1366 2757 1461 2817 Diese
1478 2757 1641 2817 Zeitungen
1668 2757 1774 2817 werden
1801 2760 1954 2820 Montags
1981 2760 2033 2820 und
2060 2760 2208 2820 Freytags
2235 2763 2266 2823 um
2304 2762 2330 2822 10

1326 2800 1389 2860 Uhr
1410 2799 1612 2859 Vormittags
1637 2801 1661 2861 im
1700 2802 1897 2862 Kanterschen
1932 2799 2109 2859 Buchladen
2139 2805 2340 2865 ausgegeben.

1322 2842 1397 2902 Man
1423 2842 1539 2902 erbittet
1555 2842 1600 2902 sich
1621 2844 1666 2904 von
1687 2845 1732 2905 den
1753 2844 1874 2904 hiesigen
1895 2844 1965 2904 resp.
1976 2844 2152 2904 Liebhabern
2173 2847 2214 2907 die
2225 2849 2345 2909 Pränu=

1321 2885 1464 2945 meration
1490 2885 1538 2945 auf
1554 2885 1608 2945 dies
1628 2886 1692 2946 erste
1707 2885 1841 2945 Quartal
1856 2885 1910 2945 mit
1930 2886 1939 2946 2
1960 2886 1994 2946 fl.
2005 2887 2073 2947 weil
2089 2888 2197 2948 felbige
2218 2891 2271 2951 nur
2297 2891 2335 2951 bis

1322 2932 1351 2992 zu
1372 2927 1452 2987 Ende
1473 2927 1523 2987 des
1539 2931 1691 2991 Januarii
1706 2930 1913 2990 angenommen
1939 2928 2035 2988 wird,
2056 2931 2252 2991 Auswärtige
2278 2936 2343 2996 aber

1322 2975 1451 3035 belieben
1473 2975 1514 3035 sich
1541 2974 1582 3034 bey
1604 2973 1650 3033 dem
1676 2978 1812 3038 Postamt
1828 2975 1905 3035 ihres
1921 2975 1999 3035 Orts
2016 2975 2041 3035 zu
2062 2975 2192 3035 melden.
