2479 3508
232 279 1271 398 Allein es ist mir dieser fromme Wunsch nicht ein¬
226 376 1266 448 gefallen. Ich erkläre §. 24. blos für unmöglich
226 440 1271 508 daß GOtt dem Johannes, oder einem andern hei¬
229 505 1279 603 ligen Manne, nachdem der Kanon der heiligen
240 574 1277 642 Schrift geschlossen war, hätte den Befehl ertheilen
232 637 1282 719 können, der Kirche ein glaubwürdiges Verzeichniß
232 708 1274 784 der in derselben gehörigen Schriften zu überliefern:
234 766 1274 842 und dieses war doch ohnläugbar an sich möglich.
234 832 2330 916 Sehr viel Gottesgelehrten haben, wiewohl ohne weisthümer für die Offenbarung vorgetragene Theo¬
232 903 2330 992 hinreichenden Grund, behauptet, daß Johannes die rie selbst ist von dem Herren Recensenten richtig
240 971 1277 1061 Sammlung der göttlichen Schriften des Neuen Te¬
245 1029 2330 1108 staments besorgt habe. So wenig dieses an sich bey zu erinnern, daß ich auf keine wunderbare und
229 1085 2338 1174 unmöglich ist; so wenig ist es auch die Besorgung übermenschliche Art etwas Neues zur Vertheidi¬
240 1166 2330 1243 eines authentischen Verzeichnisses derselben. Hier=-gung GOttes gesagt habe. Nun habe ich nicht
229 1232 2332 1298 nächst habe ich zwar §. 23. es gleichfalls als eine nur nirgends in meiner Schrift behauptet, darüber
242 1295 2332 1361 an sich mögliche, und dem ersten Ansehn nach nütz= etwas ganz Neues hervorgebracht zu haben; sondern
232 1358 2335 1427 liche Sache vorgestellt, wenn es GOtt gefallen vielmehr bald anfänglich §. 4. meine Freude darüber
226 1424 2346 1508 hätte, über diejenigen Sätze des Glaubens, deren bezeigt, daß diese von mir für die vollkommenste er¬
229 1495 2338 1577 künftige Bestreitung in der Kirche er vorher sahe, kannte Auflösung von mehrern Gottesgelehrten be¬
242 1556 2332 1643 in seinem Worte eben so deutlich und ausführlich reits vorgetragen worden, auch solches in der An¬
245 1622 2330 1706 zu seyn, als er über diejenigen gewesen, welche merkung zu §. 55. wiederholt, und selbst mehrere
245 1687 2330 1766 zur Zeit der Eingebung desselben bestritten worden. Zeugnisse davon beygebracht. Allein in Ansehung
240 1745 2343 1830 Allein in der Anmerkung zu diesem §. schreibe ich der Einkleidung, Ausführung, und gehörigen zur
242 1793 2332 1890 ausdrücklich, "daß ich gleichwohl in der Forderung Ueberzeugung noch erforderlich gewesenen Hinläng¬
247 1869 2327 1985 „deren nichts vernünftiges finde, welche begehren, lichkeit und Auswicklung dieser Theorie, dürfte mei¬
242 1938 2069 2061 daß GOtt durch irgend Einen seiner Boten, nach ne Schrift allerdings Neues enthalten.
1300 287 2343 392 „dem Schlusse der Offenbarung selbst ein theologi¬
1306 376 2332 445 "sches Lehrgebäude hätte errichten, und wenigstens
1311 448 2330 534 "die Hauptwahrheiten der christlichen Lehre in einen
1322 508 2332 621 "deutlichen Auszug und Zusammenhang bringen
1322 571 1479 666 sollen.
1340 677 2338 782 Die in meiner Schrift über den Mangel dieser
1293 771 2330 842 und andrer an sich möglich gewesener klärerer Be¬
1298 963 2330 1037 vorgestellt worden: und es hat ihm blos beliebt da=
