2479 3508
611 1649 701 1709 7tes
747 1650 890 1710 Stück.
960 1657 1157 1717 Freytag,
1188 1652 1248 1712 den
1294 1652 1377 1712 25.
1409 1649 1598 1709 Januar,
1629 1649 1780 1709 1765.

598 1751 746 1811 Ode

254 1829 302 1889 am
360 1828 710 1888 Geburtstage
752 1831 825 1891 des
866 1837 1094 1897 Königs,

467 1960 525 2020 T.
573 1959 632 2019 G.
679 1963 877 2023 Hippel.

173 2196 277 2256 Ich
316 2196 439 2256 stürme
498 2193 592 2253 nicht
642 2193 766 2253 herauf
815 2196 852 2256 in
901 2199 1015 2259 stolzen
1083 2199 1187 2259 Don¬

598 2267 820 2327 nerwettern,

171 2345 277 2405 Wenn
353 2342 477 2402 meinem
553 2342 659 2402 Fittig
722 2345 822 2405 gleich
891 2345 947 2405 der
1010 2345 1179 2405 Adlerflug

596 2414 750 2474 gelingt;

166 2492 217 2552 Es
276 2494 327 2554 sey
386 2488 521 2548 Apoll,
573 2488 631 2548 der
683 2493 805 2553 Dich,
863 2492 882 2552 o
935 2494 1153 2554 Friedrich

595 2563 689 2623 gleich
751 2566 806 2626 den
868 2568 1018 2628 Göttern

177 2642 348 2702 Erwählet
397 2638 431 2698 im
494 2638 624 2698 Olymp
680 2639 706 2699 in
762 2641 858 2701 Oden
914 2646 1016 2706 singt.

220 2737 273 2797 Es
328 2739 435 2799 winkt
491 2734 538 2794 ein
593 2736 829 2796 Götterstrahl
884 2743 944 2803 des
1000 2745 1175 2805 Patrioten

611 2809 748 2869 Busen,

175 2888 267 2948 Kühn
318 2891 375 2951 geb
411 2891 461 2951 ich
505 2888 562 2948 den
606 2888 727 2948 Accord
764 2888 928 2948 zweymal
972 2892 1029 2952 zur
1066 2894 1186 2954 Stim¬

598 2963 698 3023 mung
737 2963 800 3023 an;

1211 1730 1312 1790 Dann
1358 1730 1443 1790 singt
1478 1730 1534 1790 von
1580 1724 1830 1784 Friedrichs
1876 1721 2001 1781 Mars,
2035 1720 2097 1780 und
2138 1716 2217 1776 dann

1646 1796 1708 1856 von
1754 1796 2001 1856 Friedrichs
2041 1793 2159 1853 Musen

1214 1873 1278 1933 Ein
1321 1876 1438 1936 Gott,
1474 1873 1526 1933 der
1563 1873 1704 1933 Dichter
1740 1872 1822 1932 sonst
1858 1867 2035 1927 begeistern
2077 1867 2176 1927 kann.

1254 1969 1308 2029 Es
1379 1969 1515 2029 schwört
1581 1969 1750 2029 Latonens
1821 1966 1930 2026 Sohn
2001 1966 2033 2026 zu
2110 1965 2224 2025 unsrer

1630 2041 1745 2101 Zeiten
1803 2037 1917 2097 Ehre,

1214 2123 1284 2183 Und
1332 2118 1515 2178 kreuzweis
1569 2112 1664 2172 läuft
1712 2112 1770 2172 der
1818 2112 1942 2172 Blitz,
1996 2109 2043 2169 wo
2097 2109 2132 2169 er
2186 2108 2214 2168 in

1645 2190 1782 2250 Wolken
1838 2187 1993 2247 schwebt,

1212 2273 1295 2333 Daß
1350 2273 1488 2333 Pindar
1550 2270 1609 2330 von
1676 2269 1735 2329 der
1784 2265 1862 2325 Höh
1924 2264 1995 2324 sehr
2056 2264 2116 2324 tief
2176 2257 2230 2317 ge¬

1642 2342 1736 2402 fallen
1801 2339 1908 2399 wäre,

1210 2420 1289 2480 Vor
1341 2423 1397 2483 der
1448 2420 1584 2480 verzagt
1630 2417 1686 2477 die
1738 2417 1880 2477 deutsche
1931 2411 2038 2471 Muse
2090 2405 2180 2465 bebt.

1260 2519 1362 2579 Einst
1408 2521 1472 2581 gab
1524 2518 1582 2578 der
1634 2515 1762 2575 Götter
1814 2512 1903 2572 Rath
1968 2507 2025 2567 den
2085 2505 2218 2565 Genien

1649 2589 1806 2649 Befehle,

1210 2670 1301 2730 Man
1345 2670 1475 2730 zeichne
1512 2662 1752 2722 Friederich
1796 2658 1857 2718 ins
1894 2656 1993 2716 Buch
2037 2657 2091 2717 der
2135 2652 2214 2712 Gör

1637 2736 1687 2796 ter
1744 2733 1820 2793 ein;

1205 2817 1300 2877 Doch
1355 2814 1622 2874 Friedrichs
1684 2811 1903 2871 Schutzgeist
1945 2808 2088 2868 sprach,
2143 2805 2224 2865 hört

1644 2887 1799 2947 Götter,
1847 2883 1929 2943 seine
1984 2881 2096 2941 Seele

1204 2975 1264 3035 Jst
1289 2970 1367 3030 stolz
1398 2966 1452 3026 auf
1483 2963 1537 3023 das
1574 2963 1774 3023 Verdienst,
1817 2962 1865 3022 ein
1902 2960 2035 3020 Mensch
2072 2955 2102 3015 zu
2139 2951 2230 3011 seyn.

2157 3008 2233 3068 Au¬
