2479 3508
619 1602 703 1662 9tes
735 1608 882 1668 Stück.
945 1613 1146 1673 Freytag,
1186 1613 1247 1673 den
1295 1611 1341 1671 1.
1365 1608 1558 1668 Februar,
1598 1609 1745 1669 1765.

504 1682 819 1742 Königsberg.

161 1739 349 1799 Vorigen
378 1739 538 1799 Dienstag
567 1742 657 1802 hatte
672 1742 769 1802 unsre
791 1745 1008 1805 medicinische
1023 1747 1176 1807 Facultät
1212 1739 1379 1799 Specimen
1408 1738 1456 1798 des
1485 1736 1576 1796 Hrn.
1598 1734 1639 1794 D.
1661 1733 1849 1793 Blindow
1899 1730 1968 1790 aber
1997 1728 2150 1788 handelte
2179 1725 2213 1785 de

148 1783 333 1843 eine
351 1790 477 1850 solenne
490 1790 831 1850 Doctorpromotion.
862 1796 930 1856 Die
948 1793 1063 1853 beyden
1087 1796 1173 1856 Can=
1198 1787 1336 1847 Ictero.
1383 1787 1504 1847 Beyde
1522 1786 1586 1846 sind
1615 1783 1673 1843 auf
1702 1782 1719 1842 3
1749 1778 1864 1838 Bogen
1894 1778 1916 1838 in
1946 1778 1998 1838 4to
2021 1778 2223 1838 abgedruckt,

149 1837 273 1897 didaten
308 1837 410 1897 waren
440 1836 507 1896 Hr.
525 1837 696 1897 Erhard
726 1840 947 1900 Christian
988 1843 1176 1903 Aegidii

150 1888 209 1948 aus
237 1885 422 1945 Engelstein
450 1884 504 1944 bey
531 1883 722 1943 Angerburg
749 1888 918 1948 gebürtig,
929 1888 978 1948 der
1006 1885 1087 1945 schon
1115 1888 1179 1948 vie¬

149 1938 176 1998 le
194 1936 302 1996 Jahre
325 1936 371 1996 als
394 1936 485 1996 erster
502 1933 850 1993 Staabs=Chirurgus
874 1936 924 1996 bey
948 1936 999 1996 der
1017 1936 1176 1996 Russisch=

155 1990 311 2050 Kayserl.
336 1987 512 2047 Leibgarde
537 1986 736 2046 gestanden,
773 1985 834 2045 und
865 1987 937 2047 Hr.
962 1987 1070 2047 Joh.
1095 1987 1155 2047 Ja

148 2040 217 2100 eob
253 2038 450 2098 Blindow
498 2037 561 2097 aus
585 2037 701 2097 Tilsit.
743 2037 824 2097 Der
848 2035 1022 2095 Brabevta
1052 2034 1121 2094 Hr.
1127 2032 1173 2092 D.

157 2091 336 2151 Thiesen
371 2088 417 2148 der
441 2088 539 2148 ältere
563 2088 661 2148 hielte
685 2088 777 2148 dabey
812 2088 899 2148 einen
929 2088 1166 2148 medicinischen

151 2141 378 2201 Panegyrin,
407 2139 574 2199 worinnen
602 2136 635 2196 er
664 2136 719 2196 den
747 2140 953 2200 Wachsthum
1004 2139 1059 2199 der
1076 2140 1176 2200 Arze¬

149 2190 430 2250 neywissenschaft
448 2187 538 2247 durch
568 2187 627 2247 alle
652 2190 717 2250 drey
742 2190 855 2250 Reiche
880 2190 933 2250 der
958 2193 1070 2253 Natur
1089 2191 1154 2251 zeig

151 2243 200 2303 te.
250 2240 400 2300 Hierauf
423 2236 512 2296 erbat
540 2237 567 2297 er
590 2237 662 2297 sich,
679 2237 729 2297 den
763 2240 923 2300 Statuten
957 2241 1090 2301 gemäß,
1108 2242 1162 2302 von

154 2293 204 2353 dem
245 2291 370 2351 jetzigen
399 2286 558 2346 Decano,
576 2285 620 2345 dem
667 2288 809 2348 Königl.
827 2291 997 2351 Archiater
1021 2291 1117 2351 Hrn.
1129 2290 1146 2350 D

156 2341 377 2401 Bohlius,
395 2337 440 2397 die
463 2336 673 2396 Erlaubniß,
691 2339 736 2399 die
759 2340 963 2400 Promotion
993 2342 1151 2402 vorzuneh

158 2390 255 2450 men,
281 2390 390 2450 welche
422 2384 556 2444 letzterer
587 2387 642 2447 ihm
692 2390 759 2450 nach
796 2390 894 2450 seiner
925 2393 1157 2453 gewöhnlichen
1207 2390 1256 2450 als
1275 2387 1372 2447 dieses
1397 2387 1452 2447 ist.
1496 2386 1575 2446 Der
1594 2384 1667 2444 Hr.
1686 2380 1777 2440 Graf
1796 2372 2023 2432 Bianconi
2048 2369 2109 2429 hat
2128 2369 2207 2429 nicht

158 2437 410 2497 Beredsamkeit
429 2435 453 2495 in
478 2435 564 2495 einer
590 2437 749 2497 zierlichen
774 2440 866 2500 Rede
885 2440 1051 2500 ertheilte.
1089 2440 1162 2500 Der
1206 2437 1285 2497 etwa
1310 2437 1371 2497 nur
1397 2436 1446 2496 die
1465 2435 1593 2495 Häuser
1625 2434 1649 2494 in
1680 2426 1871 2486 München,
1909 2423 1970 2483 und
2001 2417 2050 2477 die
2075 2417 2203 2477 Thuren

156 2491 227 2551 Hr.
244 2488 416 2548 Brabevta
444 2485 577 2545 beschloß
605 2485 654 2545 den
689 2488 804 2548 ganzen
834 2490 932 2550 Actum
977 2491 1038 2551 mit
1067 2491 1154 2551 einem

154 2542 266 2602 langen
297 2536 420 2596 Gebet,
445 2534 616 2594 worinnen
640 2536 669 2596 er
700 2536 746 2596 die
765 2539 924 2599 Wünsche
949 2539 1001 2599 für
1026 2539 1072 2599 den
1103 2539 1173 2599 Kö¬

149 2591 227 2651 nig,
246 2593 301 2653 das
326 2589 472 2649 Königl.
485 2584 606 2644 Haus,
625 2586 667 2646 die
692 2584 777 2644 hohe
796 2587 1028 2647 Generalität,
1041 2587 1083 2647 die
1102 2587 1168 2647 Erl.

154 2641 369 2701 Regierung,
387 2638 433 2698 die
457 2635 573 2695 hiesige
597 2635 772 2695 Akademie
796 2637 853 2697 und
877 2637 929 2697 die
947 2641 1168 2701 medicinische

161 2691 317 2751 Facultät
340 2685 447 2745 GOtt
469 2682 626 2742 vortrug.
698 2682 783 2742 Das
806 2685 979 2745 Specimen
1006 2688 1055 2748 des
1083 2688 1174 2748 Hrn.

147 2736 201 2796 D.
224 2736 408 2796 Aegidii
436 2736 588 2796 handelte
622 2730 708 2790 einen
742 2733 916 2793 besondern
955 2736 1052 2796 Casum
1102 2735 1161 2795 von

153 2783 239 2843 einer
267 2784 446 2844 Pleuritide
479 2784 549 2844 ab,
588 2783 636 2843 der
670 2783 718 2843 ihm
768 2784 794 2844 in
833 2784 930 2844 seiner
963 2784 1159 2844 40jährigen

157 2836 266 2896 Praxi
296 2837 330 2897 am
376 2835 468 2895 Ende
498 2832 549 2892 des
585 2832 741 2892 1763sten
776 2832 908 2892 Jahres
949 2835 972 2895 in
1007 2835 1162 2895 Rußland

156 2888 439 2948 vorgekommen,
462 2885 524 2945 und
548 2885 586 2945 ist
610 2885 660 2945 der
684 2884 756 2944 jetzo
780 2885 932 2945 glorreich
961 2888 1164 2948 regierenden

1200 1688 1357 1748 Kayserin
1394 1688 1447 1748 von
1485 1685 1648 1745 Rußland
1679 1682 1848 1742 Majestät
1873 1681 2079 1741 zugeeignet.
2129 1679 2213 1739 Das

1206 1839 1263 1899 und
1296 1837 1372 1897 schon
1405 1834 1430 1894 im
1469 1837 1597 1897 vorigen
1630 1834 1719 1894 Jahr
1746 1831 1836 1891 fertig
1862 1828 2022 1888 gewesen.

1604 1933 1807 1993 Leipzig.

1248 1978 1387 2038 "Herrn

1921 1972 2203 2032 Chursächsischen

1511 1982 1557 2042 L.
1599 1980 1867 2040 Bianconi,

1200 2031 1413 2091 "Ministers

1445 2033 1471 2093 zu
1515 2028 1588 2088 Rom
1642 2025 1717 2085 zehn
1760 2023 2031 2083 Sendschreiben
2069 2023 2105 2083 an
2148 2023 2201 2083 den

1208 2082 1331 2142 "Herrn
1389 2082 1564 2142 Marchese
1605 2073 1882 2133 Hercolani,
1928 2071 1978 2131 die
2019 2070 2216 2130 Merkwür¬

1209 2133 1378 2193 "digkeiten
1417 2133 1466 2193 des
1498 2130 1775 2190 Churbayrischen
1813 2124 1920 2184 Hofes
1952 2122 2008 2182 und
2047 2123 2096 2183 der
2122 2121 2216 2181 Resi¬

1219 2187 1390 2247 'denzstadt
1421 2184 1586 2244 München
1622 2181 1840 2241 betreffend,"
1895 2173 1959 2233 sind
1989 2173 2125 2233 daselbst
2155 2175 2207 2235 bey

1201 2240 1337 2300 Junius
1360 2237 1416 2297 auf
1439 2234 1473 2294 10
1507 2233 1621 2293 Bogen
1650 2231 1671 2291 in
1700 2231 1762 2291 8vo
1797 2228 1853 2288 aus
1882 2226 1933 2286 dem
1973 2223 2204 2283 Jtalienischen

1201 2288 1346 2348 übersetzt
1375 2285 1711 2345 herausgekommen.
1793 2273 1874 2333 Wir
1902 2275 2005 2335 haben
2038 2273 2065 2333 in
2098 2271 2211 2331 langer

1198 2341 1278 2401 Zeit
1300 2338 1360 2398 kein
1393 2336 1419 2396 so
1447 2336 1674 2396 interessantes
1708 2331 1772 2391 und
1799 2326 1913 2386 kluges
1941 2321 2043 2381 Werk
2076 2321 2211 2381 gelesen,

1202 2491 1255 2551 der
1282 2485 1413 2545 Kirchen
1440 2485 1567 2545 gesehen
1599 2482 1657 2542 und
1684 2474 1900 2534 beschrieben;
1927 2467 2059 2527 sondern
2096 2467 2127 2527 er
2149 2467 2217 2527 ent¬

1202 2539 1281 2599 deckt
1314 2536 1377 2596 uns
1414 2533 1462 2593 die
1489 2533 1717 2593 vortreflichste
1744 2520 2010 2580 Seltenheiten,
2042 2518 2089 2578 die
2116 2518 2147 2578 er
2180 2518 2206 2578 in

1199 2587 1250 2647 dem
1297 2585 1459 2645 innersten
1500 2584 1552 2644 der
1588 2577 1761 2637 Palläste,
1796 2569 2034 2629 Lustschlösser,
2058 2569 2213 2629 Gärten,

1195 2635 1346 2695 Capellen
1380 2635 1439 2695 und
1462 2630 1695 2690 Bibliotheken
1723 2623 1875 2683 gefunden
1909 2620 1984 2680 hat,
2012 2620 2072 2680 und
2099 2620 2218 2680 womit

1198 2684 1370 2744 München
1410 2682 1526 2742 mehr,
1566 2679 1615 2739 als
1655 2674 1755 2734 andre
1789 2668 1883 2728 Höfe
1911 2668 1938 2728 in
1983 2670 2205 2730 Deutschland

1198 2736 1357 2796 pranget.
1402 2730 1557 2790 Ueberall
1580 2724 1718 2784 schreibt
1746 2723 1784 2783 ein
1824 2723 1967 2783 Mann,
1990 2722 2045 2782 der
2073 2720 2205 2780 zugleich

1198 2784 1241 2844 ein
1274 2782 1431 2842 Kenner,
1459 2778 1518 2838 und
1546 2775 1703 2835 vielleicht
1725 2775 1773 2835 der
1796 2773 1980 2833 gelehrteste
2008 2772 2137 2832 Kenner
2165 2768 2219 2828 sei¬

1200 2834 1256 2894 ner
1272 2835 1339 2895 Zeit
1365 2829 1453 2889 unter
1474 2829 1525 2889 den
1557 2826 1685 2886 Großen
1717 2826 1778 2886 und
1800 2822 2011 2882 Vornehmen
2043 2820 2094 2880 ist.
2120 2817 2202 2877 Man

1204 2887 1301 2947 findet
1325 2882 1400 2942 seine
1418 2879 1679 2939 Bekanntschaft
1697 2878 1754 2938 mit
1772 2876 1858 2936 denen
1888 2870 2050 2930 classischen
2074 2866 2223 2926 Schrift=

2077 2918 2198 2978 stellern
