2479 3508
640 1625 755 1685 18tes
789 1628 937 1688 Stück.
987 1631 1194 1691 Montag,
1228 1633 1284 1693 den
1327 1634 1375 1694 4.
1410 1631 1550 1691 März,
1584 1631 1731 1691 1765.

394 1704 639 1764 Frankfurt
667 1704 713 1764 am
760 1708 919 1768 Mayn.

154 1758 266 1818 Sey
297 1757 462 1817 Gebhard
493 1759 537 1819 ist
561 1763 906 1823 herausgekommen:
952 1763 1162 1823 "Beurthei=
1193 1763 1320 1823 Gnade
1344 1762 1373 1822 zu
1397 1758 1569 1818 läugnen,
1592 1757 1674 1817 ohne
1705 1754 1802 1814 etwas
1833 1751 1930 1811 mehr
1954 1748 2006 1808 als
2029 1746 2081 1806 die
2105 1745 2209 1805 Mög¬

155 1843 209 1903 "im
253 1858 526 1918 Christenthum.
571 1858 614 1918 12
642 1858 757 1918 Bogen
796 1859 823 1919 in
856 1858 959 1918 8vo.”

155 1906 273 1966 kannte
297 1903 431 1963 Schrift
449 1903 499 1963 des
522 1906 748 1966 Berlinischen
771 1906 1160 1966 Oberconsistorialraths
1201 1903 1251 1963 die
1274 1903 1533 1963 Empfindungen
1568 1900 1612 1960 für
1635 1900 1781 1960 göttlich,
1799 1897 1843 1957 die
1867 1897 1917 1957 bey
1946 1894 1996 1954 dem
2030 1893 2199 1953 Gebrauch

144 1953 244 2013 Hrn.
271 1954 556 2014 Spaldings,
583 1954 630 2014 die
657 1954 693 2014 um
742 1954 958 2014 verschiedner
980 1954 1159 2014 Umstände
1196 1951 1286 2011 derer
1313 1951 1518 2011 Heilsmittel
1540 1948 1724 2008 entstehen,
1752 1945 1841 2005 wenn
1868 1945 1904 2005 sie
1926 1942 2015 2002 gleich
2042 1942 2126 2002 nicht
2148 1942 2206 2002 im¬

152 2004 252 2064 willen
290 2003 337 2063 ein
369 2005 522 2065 Aufsehen
560 2005 707 2065 gemacht
734 2005 813 2065 hat,
846 2005 1009 2065 bekommt
1036 2004 1073 2064 an
1110 2002 1168 2062 un=
1195 1999 1264 2059 mer
1296 1999 1454 2059 moralisch
1491 1997 1550 2057 gut
1577 1996 1777 2056 angewandt
1809 1991 1962 2051 werden;
2000 1990 2047 2050 als
2085 1987 2195 2047 wovon

153 2104 309 2164 Denkart
338 2106 532 2166 gründlich,
566 2109 628 2169 und
662 2109 722 2169 mit
746 2109 941 2169 gnugsamer
969 2103 1108 2163 Einsicht
1137 2105 1164 2165 in

155 2152 202 2212 die
233 2157 486 2217 Weltweisheit
511 2158 571 2218 und
608 2160 788 2220 Theologie
825 2159 1085 2219 ausgeschmückt
1110 2157 1169 2217 ist.
1200 2151 1290 2211 denen
1327 2149 1453 2209 obern
1490 2147 1623 2207 Kräften
1654 2144 1708 2204 der
1726 2142 1828 2202 Seele
1847 2136 1949 2196 wider
1962 2136 2052 2196 Hrn.
2071 2136 2215 2196 Spal¬

152 2203 223 2263 Hr.
242 2208 471 2268 Spalding
502 2208 616 2268 mußte
635 2211 791 2271 durchaus
816 2211 900 2271 einen
931 2208 1045 2268 solchen
1076 2206 1166 2266 Geg=
1191 2205 1323 2265 ding,
1348 2202 1407 2262 und
1444 2199 1510 2259 aus
1541 2199 1595 2259 dem
1644 2197 1764 2257 großen
1801 2190 1987 2250 Verderben
2030 2187 2114 2247 derer
2145 2186 2205 2246 un¬

154 2251 218 2311 ner
237 2255 366 2315 haben,
390 2255 442 2315 der
467 2255 513 2315 ihn
543 2256 626 2316 nicht
650 2258 749 2318 etwa,
780 2258 838 2318 aus
862 2258 944 2318 einem
992 2258 1169 2318 vorausge=
1199 2253 1286 2313 tern
1322 2252 1446 2312 Kräfte
1471 2249 1552 2309 zeigt
1577 2249 1629 2309 er:
1659 2248 1711 2308 daß
1747 2246 1776 2306 es
1813 2240 1918 2300 GOtt
1943 2240 2113 2300 anständig
2149 2237 2207 2297 sey,

160 2303 261 2363 setzten
292 2303 448 2363 System,
473 2305 550 2365 oder
569 2306 628 2366 mit
647 2306 821 2366 ascetischen
846 2308 1080 2368 Wendungen,
1105 2306 1170 2366 son=
1195 2303 1369 2363 dieselbige
1394 2301 1477 2361 durch
1514 2300 1682 2360 besondere
1701 2294 1965 2354 Empfindungen
1996 2289 2025 2349 zu
2062 2287 2206 2347 allererst

155 2353 232 2413 dern
263 2351 322 2411 mit
341 2351 412 2411 eben
443 2351 593 2411 derselben
624 2359 942 2419 Vernunftmäßigen
973 2357 1171 2417 Scharfsicht
1202 2351 1429 2411 anzugreifen.
1478 2348 1550 2408 Die
1575 2348 1845 2408 Modificationen
1876 2342 1899 2402 im
1942 2336 2134 2396 Gewissen,
2159 2333 2206 2393 die

162 2399 362 2459 widerlegte,
386 2401 451 2461 mit
469 2402 598 2462 welcher
622 2405 704 2465 jener
729 2407 917 2467 geschrieben
948 2408 1053 2468 hatte.
1089 2405 1165 2465 Der
1201 2401 1271 2461 Hr.
1290 2399 1342 2459 S.
1361 2400 1407 2460 als
1431 2398 1478 2458 die
1502 2399 1626 2459 einzige
1650 2396 1809 2456 Wirkung
1839 2392 1886 2452 der
1910 2386 2086 2446 bessernden
2116 2378 2210 2438 Gna¬

160 2445 331 2505 Verfasser
356 2446 478 2506 bezeigt
497 2452 724 2512 Hochachtung
750 2454 810 2514 und
836 2458 1014 2518 Ehrfurcht
1039 2454 1093 2514 für
1119 2452 1167 2512 die
1205 2449 1241 2509 de
1260 2449 1407 2509 ansieht,
1432 2446 1561 2506 scheinen
1598 2446 1708 2506 unserm
1752 2438 1911 2498 Verfasser
1943 2435 2003 2495 aus
2035 2432 2120 2492 mehr
2151 2428 2200 2488 als

161 2596 245 2656 werk
266 2599 350 2659 lauft
370 2601 558 2661 dahinaus,
585 2599 637 2659 daß
670 2599 695 2659 er
716 2599 780 2659 aus
814 2602 859 2662 der
886 2605 1088 2665 Oeconomie
1115 2601 1166 2661 der
1200 2602 1277 2662 denn
1311 2599 1336 2659 zu
1363 2596 1466 2656 wenig
1493 2595 1617 2655 übrig,
1638 2590 1787 2650 wodurch
1807 2582 1859 2642 sich
1892 2580 1937 2640 die
1958 2580 2198 2640 Haushaltung

164 2694 314 2754 stenthum
352 2700 502 2760 häufiger
521 2700 552 2760 zu
584 2697 677 2757 seyn,
709 2697 852 2757 weislich
878 2703 1003 2763 macht,
1029 2703 1078 2763 als
1104 2700 1172 2760 Hr.
1204 2697 1341 2757 vorthun
1386 2693 1516 2753 könnte.
1580 2691 1654 2751 Die
1686 2683 1886 2743 verdächtige
1925 2681 2099 2741 Gedanken

167 2737 224 2797 S.
248 2742 287 2802 sie
311 2751 490 2811 angegeben
525 2751 599 2811 hat.
658 2745 842 2805 Sodann,
866 2748 900 2808 ob
935 2749 963 2809 er
993 2751 1085 2811 gleich
1120 2751 1177 2811 zu=
1207 2748 1299 2808 Hrn.
1317 2743 1374 2803 S.
1392 2742 1443 2802 von
1478 2739 1529 2799 der
1554 2736 1645 2796 Reue
1675 2733 1686 2793 —
1756 2732 1813 2792 von
1843 2732 1894 2792 dem
1935 2730 2084 2790 Gebet¬

153 2787 249 2847 grot,
283 2791 339 2851 daß
380 2800 436 2860 das
476 2800 697 2860 Kennzeichen
737 2796 822 2856 einer
856 2799 1054 2859 natürlichen
1100 2800 1162 2860 und
1203 2796 1253 2856 der
1282 2792 1486 2852 moralischen
1515 2784 1650 2844 Tugend
1679 2781 1730 2841 der
1754 2784 1957 2844 Menschen,
1980 2784 2104 2844 werden
2139 2781 2212 2841 bey¬

167 2888 291 2948 folgert
322 2894 358 2954 er
388 2899 461 2959 doch
499 2904 573 2964 eben
611 2900 780 2960 hieraus,
818 2897 876 2957 wie
907 2900 1062 2960 behutsam
1107 2903 1180 2963 Hr.
1210 2899 1372 2959 offenbart
1388 2894 1439 2954 sich
1470 2888 1513 2948 der
1544 2888 1676 2948 redliche
1699 2886 1794 2946 Sinn
1826 2885 1884 2945 des
1914 2885 2083 2945 bekannten
2114 2879 2216 2939 Verf.

1192 1707 1429 1767 Spalding
1460 1709 1548 1769 hätte
1584 1706 1649 1766 seyn
1692 1704 1816 1764 sollen,
1853 1703 1923 1763 eine
1953 1700 2119 1760 Wirkung
2156 1697 2202 1757 der

183 1804 368 1864 lung
402 1807 454 1867 der
475 1808 633 1868 Schrift:
661 1808 739 1868 Vom
780 1811 899 1871 Werth
933 1811 986 1871 der
1013 1814 1165 1874 Gefühle
1206 1811 1351 1871 lichkeit,
1371 1811 1430 1871 daß
1458 1806 1510 1866 die
1538 1805 1650 1865 Natur
1684 1803 1710 1863 so
1744 1802 1849 1862 etwas
1877 1799 2042 1859 ähnliches
2076 1796 2208 1856 hervor¬

1010 1861 1079 1921 Die
1111 1858 1164 1918 be=
1191 1856 1330 1916 bringen
1357 1855 1494 1915 könnte,
1527 1854 1585 1914 vor
1613 1852 1660 1912 sich
1687 1852 1718 1912 zu
1746 1849 1867 1909 haben.
1943 1845 1990 1905 Er
2017 1846 2134 1906 erklärt
2156 1843 2214 1903 alle

158 2053 220 2113 serm
260 2052 418 2112 Verfasser
441 2058 525 2118 einen
554 2058 638 2118 nicht
655 2055 876 2115 ungeschickten
905 2055 1051 2115 Gegner,
1063 2052 1158 2112 dessen
1198 2049 1254 2109 das
1283 2046 1440 2106 Beyspiel
1458 2046 1508 2106 des
1532 2046 1650 2106 Felix
1679 2040 1859 2100 angeführt
1882 2037 1978 2097 wird.
2029 2036 2074 2096 Er
2097 2034 2209 2094 erwei¬

1190 2103 1228 2163 set
1257 2099 1363 2159 ferner
1391 2097 1441 2157 die
1469 2094 1671 2154 Gewißheit
1705 2090 1866 2150 göttlicher
1900 2083 2135 2143 Wirkungen,
2169 2085 2196 2145 in

164 2499 314 2559 sonstigen
352 2497 546 2557 Verdienste
572 2500 671 2560 seines
697 2503 873 2563 Gegners,
905 2507 966 2567 und
999 2506 1061 2566 hat
1087 2503 1168 2563 seine
1200 2499 1287 2559 einem
1332 2497 1469 2557 Grunde
1495 2497 1689 2557 gefährlich.
1740 2491 1858 2551 Theils
1884 2479 2072 2539 vermengen
2098 2479 2135 2539 sie
2160 2476 2203 2536 die

170 2548 307 2608 Schrift
326 2548 349 2608 in
380 2548 512 2608 sieben
543 2548 699 2608 Briefe
730 2552 898 2612 verfasset.
947 2554 1024 2614 Das
1044 2554 1175 2614 Haupt=
1200 2548 1387 2608 heydnische
1411 2546 1471 2606 und
1502 2545 1676 2605 christliche
1701 2539 1856 2599 Tugeud,
1887 2533 1989 2593 theils
2020 2527 2116 2587 bleibt
2147 2529 2212 2589 als¬

169 2646 353 2706 erworbnen
386 2649 621 2709 Gnadengüter
648 2646 692 2706 die
712 2652 973 2712 Empfindungen
1012 2652 1037 2712 im
1076 2652 1178 2712 Chri=
1204 2648 1254 2708 der
1287 2643 1516 2703 geoffenbarten
1556 2643 1613 2703 von
1652 2641 1702 2701 der
1729 2632 1926 2692 natürlichen
1952 2629 2105 2689 Religion
2144 2631 2213 2691 her¬

2134 2682 2196 2742 des

2129 2730 2197 2790 von

162 2837 330 2897 gottlichen
361 2849 583 2909 Empfindung
620 2848 729 2908 schwer
759 2847 789 2907 zu
820 2847 1006 2907 bestimmen
1043 2850 1115 2910 sey;
1139 2851 1169 2911 so
1207 2848 1308 2908 läufig
1339 2839 1550 2899 angemerkt,
1593 2836 1652 2896 und
1689 2832 1876 2892 widerlegt.
1949 2832 2105 2892 Ueberall
2136 2832 2208 2892 aber
