2479 3508
697 301 1199 364 Und da der jetzige Herr
163 295 637 381 darüber zu disponiren.
169 352 1199 411 Landgraf mit allen Merkzeichen eines kindlichen Ge¬
172 410 1196 480 horsams in den Willen dero Herrn Vaters sich eidlich
174 454 1194 520 ergeben haben: so ist nicht zu zweifeln, daß nicht die
174 507 1190 570 ganze Sache nach denen bekannten Contracten und
172 553 901 605 Gelübden solte beygeleget werden.
960 554 1199 617 Catholischer
172 604 1194 658 Seits giebt man sich recht viele unnütze Mühe, zu
172 651 1199 704 beweisen, daß der Herr Landgraf nicht verbunden
184 701 1190 754 sey, sein Wort zu halten. Allein die deshalb ange¬
172 752 1194 809 führte Gründe sind nicht überzeugend gnung, und
165 808 1194 875 die vorzügliche Denkart, und majestatische Gesinnun¬
174 853 1197 916 gen dieses Fürsten lassen das Publicum auf einen
172 903 1198 963 viel bessern Ausschlag der ganzen Sache hoffen.
178 953 1192 1013 Wir wollen aber doch zum Beschluß dieser Anzeige
172 998 1194 1056 ein paar grundfalsche Gedanken des Verfassers der
172 1048 1199 1110 Privatgedanken anmerken, die der protestantischen
174 1099 1190 1161 Religion, falls sie gültig wären, schaden könnten.
172 1152 1199 1198 Er sagt, daß unsre Gottesgelehrte den römischen
174 1196 1201 1249 Glauben, oder die Anhänger desselben nie verdammt
173 1247 1192 1304 hätten; und daß, indem die Augsp. Conf. behauptet,
169 1290 1196 1349 es müsse allezeit Ein Glaube und eine H. christliche
174 1339 1188 1397 Kirche seyn, dies allein von der römischen Kirche
165 1382 1194 1444 verstanden werden müsse. Diese beide Gedanken
174 1423 1188 1499 sind so armselig und alt, daß sie fast keine Widerle¬
169 1473 1190 1542 gung bedürfen. Wir verdammen weder die Catho¬
165 1537 1196 1596 liken noch die Türken absolute, auch nicht einmal die
169 1579 1196 1666 Heiden: denn das Recht, Anathema zu sprechen,
1224 304 2245 367 kommt GOtt allein zu. Aber wer wird aus unsrer
1234 355 2250 405 Nichtverdammung derer Heiden schliessen, daß die
1234 406 2245 460 heidnische Religion wahr sey? Eben so wenig folgt
1223 458 2242 504 dieser Schluß aus eben denen Prämissen für die rö¬
1229 505 2245 558 mische Kirche. Und wenn wir gleich behaupten, daß
1229 548 2242 604 die wahre Kirche zu allen Zeiten da gewesen sey: so
1230 602 2245 666 geben wir doch noch nicht damit zu, daß die römische
1223 651 2242 707 Kirche es gewesen sey. Wir sagen: sie sey bey und
1223 704 2242 765 unter allen denen gewesen, die GOttes Wort lauter
1225 751 2252 816 gelehret, und darnach gelebt haben. Wo sich solche
1229 796 2249 856 rechtschaffne Glieder der Kirche mögen aufgehalten
1230 845 2245 909 haben, überlassen wir der Erkentniß GOttes. Dar¬
1230 885 2248 956 aus aber, daß die römische Kirche viele Irthümer,
1229 946 2245 1000 ausser und wider GOttes Wort, erst in dem 5ten ja
1230 1009 2248 1065 gar im 8ten und 17ten Jahrhundert angenommen
1225 1042 2241 1106 hat, wird wohl augenscheinlich folgen, daß sie gewiß
1229 1091 2245 1152 nicht mehr diejenige wahre Kirche seyn kann, die zur
1229 1144 2250 1207 Zeit der Apostel und nachher im 2ten und 3ten Sä=
1554 1193 2250 1254 Die apostolische Kirche ist es doch
1223 1199 1528 1261 culo da war.
1223 1247 2249 1299 nicht gewesen, welche das Abendmal unter Einerley
1230 1296 2250 1351 Gestalt angeordnet, das Lesen der Bibel denen Layen
1223 1339 2242 1392 verboten, und den Ehestand der Priester aufgehoben
1223 1387 2259 1445 hat? Mithin kann es auch nicht die römische Kir¬
1220 1436 2246 1481 che seyn, die nach GOttes Wort die Merkzeichen der
1218 1473 2245 1529 Wahrheit an sich hat, weil sie denen apostolischen
1223 1524 2239 1587 Verordnungen entgegen handelt. Kostet in den Kan¬
1225 1582 1976 1639 terschen Buchhandlungen 1 fl. 9 gr.
165 1737 1194 1803 Aus einem Schreiben von Madame de la F- - über
190 1798 1177 1860 ein sicheres Mittel, den Tod junger Kinder, bey
309 1846 1070 1896 dem Ausbruche der Zähne zu verhüͤten.
218 1888 1190 1945 Daß einem jeden Staate daran gelegen sey, alle
174 1931 1197 1996 Mittel anzuwenden, durch Erzeugung gesunder Kin¬
173 1992 1190 2052 der, die Anzahl der Einwohner und Bürger zu ver¬
172 2033 1194 2102 mehren, daran hat noch niemand gezweifelt: Wie
165 2086 1188 2147 angenehm es aber sey, sichere Mittel zur Erhaltung
172 2142 1188 2192 dieser jungen Welt zu finden, solches wissen haupt¬
174 2188 1190 2244 sächlich nur diejenigen, welche das oft beschwerliche
174 2244 1188 2301 Glück genossen haben, den süssen Mutternamen zu
172 2279 1194 2347 führen, und die, durch den frühzeitigen Verlust ihrer
169 2339 1187 2401 Kinder, zu dem Grade betrübet worden sind, daß sie
177 2386 1181 2453 gewünschet, selbige niemals erzeugt zu haben. Von
173 2432 1187 2489 sunfzehn Kindern, die mir der Himmel in meiner
178 2479 1181 2536 Ehe geschenkt hat, habe ich neun hinter einander ver=
173 2529 1189 2601 loren, ehe ich das Mittel gesunden, den übrigen in
171 2573 1189 2641 einer so gefährlichen Crisi, als diejenige ist, wann die
171 2630 1188 2694 Zähne ausbrechen, Hülse zu leisten, und sie dem To¬
174 2682 1185 2750 de zu entreissen. Die gedachten neune, als die ersten,
182 2722 1188 2797 starben alle bey dem Ausbruche der Zähne; und die
177 2776 1181 2850 sechs folgenden würden vermuthlich ein gleiches
173 2824 1188 2899 Schicksal erfahren haben, wenn ich nicht so glücklich
178 2877 1193 2935 gewesen wäre, durch ein sehr einfaches Mittel der
173 2931 1181 2997 Gefahr vorzuheugen. Es bestehet dieses Mittel kürz=
1230 1732 2250 1806 lich darin, daß man zu der Zeit, wann die Kinder
1229 1794 2250 1850 die Schmerzen, welche die hervordringende Zähne
1229 1844 2255 1904 selbigen verursachen, durch ihr Geschrey verkündi¬
1225 1896 2245 1953 gen, das Zahnfleisch derselben öfters und fleißig mit
1223 1941 2249 1996 weissen oder sogenannten Jungfernhonig bestreichet
1225 1988 2245 2043 und reibet. Das Zahnfleisch wird dadurch geschmei¬
1220 2034 2241 2091 dig gemacht, und verstattet alsdenn, den jungen Zäh¬
1223 2090 2239 2148 nen einen leichteren Durchbruch. Je wenigeren Wi¬
1223 2133 2245 2197 derstand die Zähne finden, desto weniger werden
1229 2189 2242 2257 sich auch Confulsionen, Fieber und andere dergleichen
1225 2241 2241 2303 gefährliche Zufälle, durch die so manches Kind den
1216 2297 2236 2350 mütterlichen Armen entrissen wird, eräugen. Alle
1211 2338 2237 2396 diejenigen Personen, welchen ich dieses Mittel ange¬
1214 2385 2233 2445 rathen habe, haben es von einer so guten Wirkung
1214 2432 2233 2496 befunden, daß sie bey dem Ausbruche der Zähne nicht
1216 2483 1806 2559 ein einziges Kind eingebüsset.
1470 2532 1972 2593 Paris, den 15. März.
1258 2572 2240 2635 Am 9ten dieses, des Nachmittags, wurde in der
1218 2632 2239 2694 berüchtigten Sache des Hrn. Calas ein Definitivur¬
1503 2683 2233 2735 Nach selbigem werden die vier ange¬
1211 2685 1451 2749 theil gefaßt.
1214 2726 2230 2801 klagten Personen, als vollkommen unschuldig, los=
1223 2787 2232 2849 gesprochen; der gute Name und Nachruhm des un¬
1225 2829 2230 2893 glücklichen Calas, des Vaters, wird von aller Be=
1223 2882 2236 2947 schuldigung gereinigt, und in integrum hergestellet,
1218 2931 2227 3009 und seine Wittwe und Kinder haben die Erlaubniß
2147 2988 2226 3057 be¬
