2479 3508
162 353 236 413 halb
268 357 405 417 Bogen.
456 354 537 414 Das
563 354 600 414 ist
626 354 695 414 noch
727 354 770 414 ein
802 353 939 413 Mann,
978 351 1071 411 dieser
1097 351 1177 411 Herr

163 406 359 466 Magister!
388 401 520 461 Leben
562 401 625 461 und
660 401 787 461 leben
823 401 972 461 laßen,
997 398 1094 458 bleibt
1124 398 1186 458 im¬

161 452 230 512 mer
253 455 295 515 ein
323 452 566 512 Hauptwunsch
593 452 766 512 geistlicher
788 452 847 512 und
874 449 1052 509 leiblicher,
1075 449 1171 509 jedoch

161 503 316 563 redlicher
333 502 460 562 Aerzte.
510 500 615 560 Zwar
638 503 676 563 ist
693 503 743 563 der
771 503 870 563 Verf.
887 501 925 561 ein
954 500 1053 560 wenig
1076 500 1186 560 schalk¬

158 551 255 611 haft,
272 551 357 611 indem
401 548 444 608 die
472 551 525 611 auf
547 551 595 611 dem
639 551 731 611 Titel
753 551 974 611 versprochene
1002 548 1120 608 Kunst,
1137 548 1185 608 alt

160 603 189 663 zu
220 598 366 658 werden,
387 598 442 658 erst
468 601 523 661 auf
544 601 594 661 der
615 601 685 661 2ten
716 601 821 661 Seite
842 598 897 658 vor
923 598 973 658 dem
1014 598 1104 658 Ende
1135 597 1185 657 be¬

156 648 277 708 rühret
300 646 394 706 wird.
422 651 522 711 Denn
556 652 600 712 die
623 652 756 712 übrigen
779 649 912 709 Blätter
935 649 1034 709 seiner
1052 647 1190 707 Schrift

158 698 320 758 enthalten
359 700 461 760 einige
500 702 717 762 gewöhnliche
756 700 973 760 Meynungen
1017 697 1076 757 vom
1131 697 1185 757 Le¬

162 748 312 808 bensziel
331 751 382 811 der
406 751 604 811 Menschen.
669 749 831 809 Indessen
867 748 907 808 ist
931 748 1000 808 Hr.
1024 748 1180 808 Bieler

164 800 190 860 so
219 797 400 857 christlich,
429 800 483 860 daß
512 800 545 860 er
568 801 650 861 seine
673 798 755 858 Leser
778 798 821 858 alt
838 798 960 858 werden
988 795 1076 855 laßen
1104 796 1187 856 will,

161 846 249 906 ohne
271 848 326 908 für
349 849 436 909 einen
459 849 624 909 Schilling
647 849 768 909 Arzney
796 849 851 909 von
879 849 966 909 ihnen
995 849 1027 909 zu
1055 846 1182 906 fodern.

161 897 283 957 Nichts
322 897 449 957 weiter,
483 898 533 958 als
561 902 666 962 einige
695 898 844 958 biblische
872 897 1027 957 Sprüche

166 945 265 1005 sieben
293 946 448 1006 ascetische
476 948 598 1008 Regeln
632 945 648 1005 —

771 948 884 1008 einige
916 948 1019 1008 citirte
1046 945 1175 1005 Stellen

158 993 225 1053 aus
253 997 352 1057 seinen
379 995 616 1055 Leibbüchern,
643 998 775 1058 nemlich
807 998 865 1058 aus
903 999 986 1059 einem
1034 995 1171 1055 gewissen

162 1042 347 1102 Möbio,
370 1043 422 1103 D.
440 1045 608 1105 Steph.
626 1046 782 1106 Clotzio
817 1046 874 1106 und
904 1049 1112 1109 Jänichen
1136 1041 1152 1101 —

168 1091 236 1151 dies
258 1091 337 1151 alles
364 1092 558 1152 vermischt,
580 1094 675 1154 wohl
702 1094 960 1154 durcheinander
987 1094 1182 1154 geschüͤttelt,

162 1139 226 1199 und
262 1142 569 1202 niedergeschrieben
606 1142 711 1202 macht
742 1143 792 1203 das
823 1144 923 1204 ganze
954 1148 1080 1208 Recept
1110 1145 1185 1205 aus,

160 1190 234 1250 80,
261 1192 350 1252 und,
377 1190 403 1250 so
430 1190 482 1250 der
505 1190 657 1250 Himmel
680 1190 769 1250 will!
796 1190 864 1250 auch
902 1193 965 1253 100
997 1195 1108 1255 Jahre
1140 1193 1182 1253 alt

152 1239 183 1299 zu
215 1237 359 1297 werden.
412 1234 458 1294 Es
485 1237 593 1297 läuft,
620 1238 645 1298 im
688 1239 787 1299 Ernst
808 1237 839 1297 zu
865 1240 989 1300 reden,
1021 1241 1047 1301 in
1078 1238 1177 1298 dieser

160 1283 300 1343 Schrift
321 1285 396 1345 alles
423 1285 543 1345 darauf
564 1285 715 1345 hinaus,
741 1285 791 1345 daß
822 1285 927 1345 GOtt
949 1285 1039 1345 allein
1070 1285 1185 1345 entwe¬

164 1330 218 1390 der
243 1332 296 1392 zur
322 1331 523 1391 Belohnung
548 1330 621 1390 oder
646 1330 695 1390 zur
721 1330 922 1390 Bestrafung
952 1330 1010 1390 das
1041 1329 1109 1389 Ziel
1129 1329 1178 1389 der

161 1378 338 1438 Menschen
366 1378 560 1438 verlängern
588 1378 684 1438 kann.
733 1378 787 1438 In
820 1375 912 1435 diesem
950 1375 1019 1435 Fall
1042 1374 1171 1434 würden

1221 348 1300 408 aber
1325 348 1392 408 doch
1418 348 1479 408 alle
1498 348 1627 408 Regeln
1652 348 1695 408 alt
1720 348 1744 408 zu
1781 348 1904 408 werden
1942 348 2027 408 nicht
2047 343 2249 403 hinreichen,

1216 398 1293 458 oder
1321 395 1403 455 eines
1426 394 1541 454 Theils
1565 395 1752 455 überflüßig
1775 396 1874 456 seyn;
1903 395 2013 455 zumal
2030 395 2101 455 man
2129 395 2239 455 siehet,

1216 449 1271 509 daß
1299 446 1377 506 viele
1405 446 1599 506 Lasterhafte
1628 443 1711 503 ohne
1733 443 1967 503 Beobachtung
1995 443 2089 503 dieser
2112 443 2228 503 Regeln

1218 494 1265 554 alt
1287 497 1434 557 werden,
1466 494 1528 554 und
1550 494 1629 554 viele
1656 497 1808 557 Fromme
1829 496 1881 556 bey
1908 493 2145 553 Beobachtung
2172 491 2240 551 der¬

1224 548 1322 608 selben
1351 545 1525 605 frühzeitig
1561 545 1705 605 sterben.
1775 545 1937 605 Indessen
1973 545 2013 605 ist
2042 545 2088 605 die
2118 545 2244 605 Absicht

1216 595 1270 655 des
1292 595 1384 655 Hrn.
1406 594 1509 654 Verf.
1526 595 1607 655 recht
1630 592 1711 652 gut,
1739 594 1798 654 und
1826 592 1853 652 da
1886 592 1956 652 man
1984 592 2016 652 es
2049 594 2098 654 ihm
2147 593 2239 653 selbst

1216 645 1277 705 aus
1305 643 1405 703 seiner
1428 643 1567 703 Schrift
1584 643 1729 703 ansieht,
1757 643 1812 703 daß
1841 640 1874 700 er
1897 640 1985 700 selbst
2008 640 2030 700 in
2070 640 2148 700 allen
2176 637 2220 697 Eh

1214 695 1268 755 ren
1318 694 1372 754 alt
1407 694 1610 754 geworden,
1650 692 1723 752 auch
1769 688 1912 748 überdem
1972 690 2154 750 Senior
2195 691 2234 751 in

1221 743 1521 803 Schweidnitz
1544 745 1612 805 ist,
1641 745 1663 805 so
1686 742 1850 802 wünschen
1890 739 1953 799 wir
1981 739 2032 799 ihm
2072 741 2128 801 von
2157 742 2241 802 Her¬

1215 795 1301 855 zen,
1329 794 1383 854 daß
1410 794 1438 854 er
1465 793 1551 853 nicht
1568 793 1628 853 nur
1656 792 1753 852 dieses
1780 789 2008 849 angefangene
2036 790 2144 850 Jahr,
2172 792 2242 852 son¬

1222 843 1290 903 dern
1325 845 1393 905 auch
1418 846 1491 906 noch
1516 846 1595 906 viele
1620 843 1761 903 mehrere
1787 840 1938 900 erleben,
1964 841 2022 901 und
2057 840 2144 900 nicht
2174 840 2233 900 nur

1220 893 1297 953 diese
1323 894 1421 954 kleine
1442 894 1602 954 Schrift,
1628 891 1757 951 sondern
1789 894 1860 954 auch
1887 891 1959 951 noch
1985 888 2067 948 viele
2088 891 2233 951 mehrere

1221 943 1453 1003 bestmöglichst
1475 943 1713 1003 überleben
1751 942 1859 1002 möge.
1914 939 2108 999 Schlüßlich
2135 939 2238 999 möch¬

1215 992 1264 1052 ten
1300 990 1360 1050 wir
1391 993 1441 1053 ihn
1477 992 1572 1052 gerne
1603 992 1633 1052 zu
1669 990 1754 1050 einem
1795 987 1976 1047 Mitgliede
2007 987 2117 1047 irgend
2148 990 2233 1050 einer

1218 1040 1394 1100 Akademie
1415 1043 1467 1103 der
1493 1040 1752 1100 Wissenschaften
1779 1037 1991 1097 empfehlen,
2022 1034 2126 1094 worin
2163 1037 2229 1097 man

1223 1090 1302 1150 recht
1318 1091 1429 1151 seltene
1450 1093 1717 1153 Preisaufgaben
1743 1088 1838 1148 gerne
1859 1087 1995 1147 erfinden
2026 1088 2126 1148 mag:
2152 1088 2232 1148 denn

1215 1144 1246 1204 zu
1279 1142 1464 1202 künstlichen
1491 1142 1655 1202 Sachen,
1682 1142 1767 1202 wenn
1800 1139 1831 1199 es
1853 1139 1927 1199 auch
1954 1138 2011 1198 nur
2033 1136 2059 1196 in
2092 1139 2245 1199 Bücher¬

1216 1193 1302 1253 titeln
1330 1193 1389 1253 und
1418 1190 1629 1250 Hauptsätzen
1657 1191 1716 1251 ist,
1739 1190 1858 1250 scheint
1886 1187 1913 1247 er
1940 1190 2005 1250 viel
2022 1188 2169 1248 Geschick
2202 1187 2228 1247 zu

1213 1240 1359 1300 besitzen.
1409 1240 1490 1300 Wir
1518 1240 1642 1300 werden
1670 1240 1794 1300 künftig
1828 1238 1903 1298 noch
1936 1237 2006 1297 eine
2034 1237 2126 1297 beßre
2148 1236 2240 1296 Pro¬

1218 1285 1252 1345 be
1278 1285 1393 1345 hievon
1419 1288 1479 1348 aus
1510 1288 1590 1348 einer
1621 1288 1721 1348 seiner
1757 1288 1897 1348 neuesten
1929 1287 2099 1347 Schriften
2135 1285 2240 1345 anzei¬

1217 1331 1295 1391 gen.
1345 1333 1462 1393 Kostet
1487 1333 1516 1393 in
1551 1333 1604 1393 der
1634 1333 1845 1393 Kanterschen
1880 1337 2149 1397 Buchhandlung
2184 1336 2228 1396 all

1215 1375 1309 1435 hier,
1342 1378 1399 1438 wie
1421 1378 1489 1438 auch
1522 1378 1542 1438 in
1569 1378 1690 1438 Elbing
1717 1381 1780 1441 und
1807 1381 1917 1441 Mitau
1944 1381 1960 1441 9
1992 1382 2039 1442 gr.

396 1533 634 1593 Dresden,
661 1537 713 1597 den
746 1536 810 1596 12.
836 1538 939 1598 Febr.

207 1579 287 1639 Den
329 1581 404 1641 4ten
445 1584 544 1644 dieses
573 1587 613 1647 ist
655 1587 706 1647 der
742 1590 1073 1650 Legationssecretair
1121 1590 1178 1650 des

162 1634 381 1694 Preußischen
417 1637 541 1697 zeither
577 1637 612 1697 am
672 1639 808 1699 hiesigen
844 1643 932 1703 Hofe
963 1643 1169 1703 gestandenen

158 1688 375 1748 Gesandten,
397 1688 532 1748 welcher
555 1689 635 1749 schon
658 1691 690 1751 am
740 1691 843 1751 27sten
865 1694 994 1754 vorigen
1028 1694 1179 1754 Monats

161 1736 233 1796 nach
261 1737 378 1797 Berlin
412 1742 590 1802 abgereiset
613 1744 696 1804 war,
725 1745 796 1805 auch
825 1745 919 1805 dahin
954 1748 1187 1808 abgegangen,

159 1785 218 1845 und
249 1787 314 1847 wie
344 1789 416 1849 man
458 1792 571 1852 höret,
589 1796 703 1856 dürfte
733 1796 774 1856 ein
811 1797 930 1857 andrer
960 1799 1180 1859 Preußischer

160 1837 300 1897 Envoye
322 1837 441 1897 wieder
463 1840 587 1900 anhero
609 1840 775 1900 kommen.

390 1886 463 1946 Aus
497 1888 666 1948 Franken,
695 1891 745 1951 den
786 1891 847 1951 15.
876 1891 982 1951 Febr.

209 1930 330 1990 Briefe
352 1935 415 1995 aus
442 1936 488 1996 dem
531 1936 869 1996 Würtembergischen
901 1939 996 1999 reden
1033 1939 1091 1999 von
1123 1939 1180 1999 ge=
1213 1939 1281 1999 chem
1324 1942 1349 2002 er
1376 1942 1418 2002 42
1446 1939 1540 1999 Jahr
1567 1939 1624 1999 mit
1646 1942 1746 2002 Ruhm
1789 1942 2041 2002 vorgestanden.

161 1981 266 2041 wissen
300 1984 516 2044 Umständen,
544 1986 588 2046 die
611 1987 754 2047 zwischen
788 1987 860 2047 Sr.
877 1987 1037 2047 Herzogl.
1055 1987 1182 2047 Durch¬

157 2031 284 2091 laucht.
305 2034 363 2094 und
390 2034 479 2094 Dero
512 2034 607 2094 ersten
645 2037 824 2097 Minisker,
846 2034 899 2094 dem
952 2034 1078 2094 Grafen
1116 2034 1168 2094 von

159 2082 409 2142 Montmartin,
438 2088 642 2148 entstanden.
695 2088 768 2148 Alle
798 2088 917 2148 übrige
946 2088 1076 2148 Sachen
1111 2085 1173 2145 sind

159 2130 292 2190 daselbst
316 2134 339 2194 in
369 2136 420 2196 dem
467 2139 595 2199 vorigen
631 2142 817 2202 Zustande,
847 2142 875 2202 so
911 2138 963 2198 daß
1004 2139 1074 2199 man
1103 2138 1172 2198 noch

159 2179 243 2239 nicht
267 2184 351 2244 sagen
386 2184 459 2244 kan,
483 2186 539 2246 daß
574 2188 613 2248 ein
648 2191 795 2251 Anschein
836 2192 863 2252 zu
904 2190 994 2250 einer
1023 2190 1165 2250 baldigen

159 2231 498 2291 Wiederherstellung
526 2236 577 2296 der
600 2240 786 2300 Harmonie
809 2243 955 2303 zwischen
984 2241 1097 2301 Haupt
1114 2242 1170 2302 und

165 2276 325 2336 Gliedern
351 2282 532 2342 vorhanden
564 2284 667 2344 wäre.

439 2330 602 2390 Basel,
639 2335 693 2395 den
736 2341 771 2401 3.
797 2339 905 2399 Febr.

155 2518 320 2578 Rousseau
353 2521 528 2581 bewiesen,
555 2524 630 2584 noch
657 2530 827 2590 deutlicher
849 2539 1030 2599 offenbaret
1052 2539 1174 2599 hätten,

156 2567 218 2627 und
263 2571 326 2631 daß
377 2572 427 2632 die
460 2575 650 2635 Gemüther
689 2581 821 2641 daselbst
861 2587 930 2647 sehr
962 2590 1171 2650 aufgebracht

154 2620 294 2680 wären.

438 2671 588 2731 Haag,
609 2673 664 2733 den
705 2674 766 2734 13.
794 2681 896 2741 Febr.

201 2713 274 2773 Die
298 2718 412 2778 Stadt
430 2724 561 2784 Utrecht
585 2724 641 2784 hat
665 2724 756 2784 durch
791 2727 876 2787 ihren
917 2733 1163 2793 Abgeordneten

155 2763 179 2823 in
216 2765 266 2825 der
307 2772 566 2832 Versammlung
603 2773 653 2833 der
689 2775 969 2835 Generalstaaten
1005 2785 1162 2845 antragen

150 2814 273 2874 lassen:
290 2815 334 2875 Ob
368 2817 396 2877 es
424 2823 507 2883 nicht
530 2823 781 2883 vortheilhafter
804 2826 871 2886 seyn
900 2829 1033 2889 würde,
1056 2833 1106 2893 die
1123 2835 1156 2895 be

153 2864 304 2924 stimmte
339 2866 420 2926 Zeit
450 2872 502 2932 der
549 2873 816 2933 Volljährigkeit
852 2873 933 2933 Sr.
968 2882 1171 2942 Hochfürstl.

157 2916 303 2976 Durchl.
317 2918 370 2978 des
398 2922 538 2982 Prinzen
572 2930 832 2990 Stadthalters,
860 2933 1080 2993 abzukürzen,
1094 2939 1154 2999 mit

1214 1539 1264 1599 hin
1297 1539 1457 1599 denselben
1490 1539 1540 1599 auf
1567 1539 1611 1599 den
1644 1542 1707 1602 8ten
1741 1542 1907 1602 künftigen
1946 1540 2048 1600 Merz
2068 1542 2125 1602 für
2151 1541 2221 1601 ma=

1210 1593 1320 1653 jorenn
1350 1591 1378 1651 zu
1408 1590 1582 1650 erklären?
1612 1593 1704 1653 Weil
1729 1596 1798 1656 aber
1822 1594 1897 1654 Se.
1909 1593 2060 1653 Durchl.
2072 1593 2118 1653 sich
2136 1593 2217 1653 schon

1214 1643 1373 1703 geäußert
1390 1643 1517 1703 haben,
1540 1643 1594 1703 daß
1634 1646 1705 1706 Sie
1744 1644 1804 1704 kein
1844 1646 2003 1706 Vorrecht
2031 1646 2230 1706 verlangen,

1211 1694 1234 1754 so
1271 1694 1307 1754 ist
1338 1695 1434 1755 dieser
1471 1697 1652 1757 Vorschlag
1683 1697 1773 1757 einem
1823 1697 1985 1757 Ausschuß
2017 1697 2052 1757 zu
2083 1697 2222 1757 näherer

1217 1748 1524 1808 Berathschlagung
1553 1748 1746 1808 üͤbertragen
1782 1748 1929 1808 worden.

1431 1799 1727 1859 Amsterdam,
1751 1798 1801 1858 den
1842 1796 1904 1856 19.
1933 1796 2035 1856 Febr.

1263 1843 1364 1903 Herr
1382 1846 1528 1906 Thomas
1563 1846 1761 1906 Schwenck,
1784 1845 1959 1905 Professor
1982 1846 2027 1906 der
2056 1845 2231 1905 Anatomie

1205 1892 1270 1952 und
1298 1894 1478 1954 Chirurgie
1500 1894 1527 1954 in
1555 1893 1674 1953 Haag,
1697 1894 1757 1954 hat
1785 1894 1838 1954 sein
1872 1894 1953 1954 Amt
1970 1894 2145 1954 resignirt,
2156 1893 2232 1953 wel¬

1430 1989 1712 2049 Stockholm,
1746 1990 1801 2050 den
1835 1990 1873 2050 5.
1902 1988 2001 2048 Febc.

1255 2034 1332 2094 Der
1361 2034 1583 2094 Reichsrath,
1612 2037 1728 2097 Baron
1762 2034 1856 2094 Erich
1890 2037 2073 2097 Wrangel,
2102 2037 2146 2097 ist
2169 2037 2218 2097 den

1201 2085 1292 2145 18ten
1327 2085 1429 2145 dieses
1459 2085 1481 2145 im
1522 2085 1624 2145 79sten
1659 2087 1768 2147 Jahr,
1791 2085 1848 2145 und
1877 2085 1928 2145 der
1957 2086 2220 2146 Reichskanzleu

1205 2139 1268 2199 von
1300 2136 1479 2196 Pommern
1511 2137 1568 2197 und
1595 2139 1705 2199 Ritter
1732 2136 1784 2196 des
1806 2139 2132 2199 Nordsternordens,
2148 2136 2221 2196 Ba¬

1205 2188 1264 2248 von
1295 2190 1409 2250 Thure
1434 2190 1487 2250 von
1518 2190 1807 2250 Klinckowström,
1826 2190 1855 2250 im
1904 2190 2012 2250 73sten
2043 2190 2139 2250 Jahr
2164 2190 2223 2250 mit

1213 2240 1307 2300 Tode
1330 2240 1558 2300 abgegangen.

1494 2292 1649 2352 Upsal,
1677 2294 1731 2354 den
1773 2294 1820 2354 8.
1841 2294 1949 2354 Febr.

1255 2336 1332 2396 Der
1351 2339 1519 2399 Professor
1544 2342 1736 2402 Matheseos
1755 2342 1886 2402 allhier,
1911 2342 1977 2402 M.
1996 2339 2127 2399 Daniel
2146 2336 2218 2396 Me¬

220 2371 301 2431 Man
339 2374 470 2434 schreibt
502 2377 558 2437 von
590 2381 708 2441 Genf,
734 2386 783 2446 daß
821 2389 871 2449 die
896 2391 958 2451 also
990 2393 1165 2453 betittelten
1209 2390 1346 2450 lander,
1372 2390 1434 2450 und
1466 2391 1515 2451 der
1541 2393 1678 2453 kürzlich
1710 2393 1741 2453 in
1773 2393 1841 2453 Abo
1879 2390 2010 2450 bestellte
2042 2384 2210 2444 Professor

158 2417 286 2477 Lettres
311 2420 341 2480 de
367 2423 525 2483 l'homme
557 2426 594 2486 de
613 2427 643 2487 la
674 2435 876 2495 Montagne,
901 2440 1061 2500 diejenige
1086 2440 1178 2500 Par=
1203 2440 1406 2500 Medicinä,
1431 2439 1485 2499 D.
1505 2441 1645 2501 Johann
1676 2442 1885 2502 Hartmann,
1910 2437 1971 2497 sind
2002 2436 2032 2496 zu
2064 2434 2223 2494 Mitglie¬

159 2467 260 2527 they,
280 2467 394 2527 welche
420 2470 464 2530 sich
497 2473 573 2533 schon
599 2479 713 2539 vorher
727 2482 771 2542 als
797 2488 975 2548 Anhänger
989 2491 1039 2551 des
1059 2488 1160 2548 Herrn
1206 2487 1275 2547 dern
1308 2488 1358 2548 der
1378 2488 1524 2548 Königl.
1544 2491 1786 2551 Schwedischen
1819 2488 1990 2548 Akademie
2010 2485 2060 2545 der
2074 2484 2214 2544 Wissen¬

1207 2539 1337 2599 schaften
1368 2539 1529 2599 ernennet
1545 2539 1701 2599 worden.

1454 2588 1622 2648 Paris,
1659 2590 1712 2650 den
1756 2587 1815 2647 15.
1845 2584 1947 2644 Febr.

1239 2634 1322 2694 Den
1356 2638 1449 2698 10ten
1478 2638 1572 2698 dieses
1600 2637 1794 2697 überreichte
1817 2635 1883 2695 Hr.
1912 2632 1944 2692 de
1967 2632 1989 2692 la
2018 2635 2122 2695 Lande
2140 2635 2189 2695 dem

1202 2688 1332 2748 Könige
1356 2688 1414 2748 sein
1446 2686 1563 2746 Werk,
1599 2685 1729 2745 welches
1760 2680 1789 2740 er
1813 2681 1871 2741 auf
1902 2682 1960 2742 das
1991 2685 2085 2745 Jahr
2115 2685 2203 2745 1766

1198 2736 1470 2796 ausgearbeitet,
1499 2734 1663 2794 betittelt:
1697 2730 1946 2790 Beschreibung
1986 2738 2037 2798 der
2072 2736 2218 2796 himmli¬

1201 2787 1277 2847 schen
1317 2784 1554 2844 Bewegungen
1594 2782 1648 2842 zum
1704 2782 1881 2842 Gebrauch
1921 2784 1970 2844 der
2004 2787 2208 2847 Sternseher

1528 2828 1615 2888 Man
1653 2829 1757 2889 findet
1785 2835 1943 2895 darinnen
1976 2838 2080 2898 außer
2113 2838 2205 2898 denen

1202 2834 1265 2894 und
1301 2832 1475 2892 Schiffer.

1193 2884 1406 2944 ordentlichen
1442 2879 1702 2939 Berechnungen
1744 2884 1826 2944 viele
1862 2888 1939 2948 neue
1969 2888 2116 2948 Tabellen
2152 2885 2205 2945 zur

1197 2936 1461 2996 astronomischen
1501 2934 1753 2994 Berechnung,
1792 2939 2056 2999 Observationen
2108 2936 2208 2996 wegen
