2479 3508
667 1594 1788 1701 29tes Stück. Freitag, den 12. April, 1765.
613 1673 843 1783 Leipzig.
243 1744 1221 1823 „D. Franz. Atterbury, weiland Bischofs zu
202 1800 1226 1874 „Rochester heilige Reden, welche nach dessen Tode
225 1864 1226 1926 "bekannt gemacht worden." Aus dem Englischen
202 1913 978 2000 übersetzt auf 23. B. in groß 8, 1764.
248 1959 1223 2043 Wir finden bey dieser Sammlung keine Vorrede
199 2035 1226 2094 woraus wir etwas von dem Urheber der Predigten
202 2086 1221 2148 und der Veranlassung derselben, melden könnten,
207 2135 1218 2191 und urtheilen also davon nach eignen freyen Einsich=
207 2189 1221 2247 ten. Der Bischof A. besitzt eine sehr deutliche und
209 2242 1210 2291 gerade Denkungsart, und wir möchten fast sagen
204 2291 1226 2362 daß die Ungezwungenheit seiner Vorstellungen uns
209 2339 1221 2411 am meisten eingenommen hat. In der Erfindung
212 2378 1228 2439 der Materien entfernt er sich allemal von den gemei¬
209 2413 2252 2482 nen Hausen, und nimmt einen ganz neuen Stand= Nachdruck stören, oder den Sünder erwecken sollen,
207 2485 1228 2549 ort ein. Er wählet sich jedesmal aus dem Vorrath
204 2523 1226 2600 biblischer Wahrheiten, die in seinem Text vor ihm
215 2559 2258 2630 liegen, einige vorzüglich neue Ideen heraus, und den lehret er auch nirgens, welches am füglichsten
212 2618 2260 2674 adelt eben dadurch den Reichthum der Schrift. So= in der Predigt von denen Kennzeichen des Christen¬
215 2666 2260 2733 dann, indem er den Plan macht, ordnet er alles, thums hätte geschehen können. Glaube, Evange¬
212 2717 2258 2781 nach einer ganz natürlichen Lage, so wie sich ihm die lium und. Christenthum, beschreibt er nicht anders
215 2766 2268 2822 Gedanken darstellen, und dies ist immer ein Beweis als durch die Lehre der Gebote JEsu, und ihrer
1233 1665 2247 1752 haben wird der nicht schimmern, sondern auch ande
1246 1734 2263 1798 re überzeugen wil. Die Beweise und Gründe sagt
1249 1785 2255 1851 der Bischof zwar allemal etwas kalt und trocken her,
1246 1831 2250 1895 ohngefehr wie ein schwermüthiger Engländer raison
1246 1885 2258 1941 nirt; doch placirt er sie immer am rechten Orte.
1239 1931 2260 1984 Er ist kurz; und man könnte nicht leicht etwas aus
1246 1971 2258 2038 seinem Vortrage wegnehmen, ohne der Wahrheit
1244 2020 2258 2089 schaden zu thun. Wir haben auch Stellen gefun¬
1239 2076 2250 2137 den, worinnen er die ewige Gottheit JEsu, und sei¬
1239 2127 2252 2212 ne Gnugthuung sehr deutlich behauptet. Dies alles
1241 2178 2255 2250 macht seine gute Seite aus. Nun müssen wir aber
1239 2227 2247 2288 auch seine Schwäche bekennen. Er sorget zu wenig
1246 2275 2258 2347 für den unschuldigen Schmuck der Beredsamkeit,
1241 2326 2258 2395 und von Stellen die den Affeet erregen, und die
1246 2370 2258 2439 Sicherheit des todten Gewissens mit Feuer, und
1246 2475 2255 2544 haben wir fast keine einzige gefunden. Den Glau¬
1246 2523 2268 2590 ben an Christum, und die Rechtfertigung aus Gna¬
217 2817 2270 2919 einer ruhigen Ueberzeugung, die derjenige immer Ausübung. Daher ist auch sein Vortrag meist theo¬
2137 2868 2265 2942 retisch
