2479 3508
238 301 1099 394 Hiernächst machte ich noch einen Versuch.
241 389 1285 446 nämlich die Schüsselchen in freyer Luft schweben, und
249 433 1285 490 der Boden derselben frey seyn möchte, so hing ich die¬
257 479 1283 536 se Gefäße in Bindfåden, machte es übrigens, wie oben
254 529 1290 588 gesagt worden ist, und fand wieder, daß die Pottasche
251 580 1290 640 in dem Gefäße, auf welches ich den Mond hatte fal=
254 632 1288 689 len laßen, abermals schwerer geworden, die andere
257 676 1290 731 aber bey ihrem Gewichte geblieben war. Ich wech¬
262 728 1290 790 selte auch um, und setzte die Pottasche, die noch nicht
259 777 1283 837 von dem Monde beschienen worden war, aber mit der
259 827 1293 884 andern schon in der Luft gestanden hatte, an den Ort
257 876 1285 935 der ersteren, und sahe, daß dieselbe, nach Verlau
257 925 1298 990 einer guten Viertelstunde, 3 Dreyviertel Gran am
254 979 827 1047 Gewichte zugenommen hatte.
482 998 1088 1086 (Der Beschluß folgt künftig.)
415 1055 1140 1132 Aus Franken, vom 16. Merz.
311 1099 1298 1169 Man wil aus Anspach wissen, daß sich der regie¬
262 1163 1298 1226 renden Frau Marggräfin Hochfürstl. Durchl. in ge¬
267 1220 1083 1298 segneten Leibesumständen befinden sollen.
474 1262 1127 1316 Maynstrom, vom 18. Merz.
319 1285 1288 1379 Die Witterung in Engelland soll so angenehn
259 1358 1301 1423 und das Frühjahr bereits angegangen seyn, daß man
259 1420 1298 1480 den 4ten dieses im Herzogthum Glocester in der Graf=
275 1469 1301 1534 schaft Worcester einen Apricosenbaum gesehen, der
272 1521 1073 1583 schon Früchte als eine Nuß groß gehabt.
469 1568 1101 1622 Amsterdam, den 16. März.
339 1578 1298 1674 In allen Holländischen Städten wird seit kurzem
269 1661 1303 1723 eine in Holländischer Sprache verfaßte Schrift von
269 1697 1298 1752 30 Blattseiten in Octav verkauft, die eine besondere
267 1749 1303 1814 Art Waarenhandlung zum Gegenstande hat. Der Ti=
267 1798 1306 1853 tel dieser Schrift ist; Projet tot het aanstellen van
277 1840 1298 1910 Makelaars in Huwelyken, (d. i. Entwurf, um Mäck
272 1899 1306 1967 lers im Heyrathen zu bestellen). Sollte man, sagt
267 1951 1303 2008 der Verfasser, da, bey der Handlung mit allerhand
275 2006 1303 2073 Waaren das meiste durch Mäckler geschieht, nicht auch
269 2055 1303 2114 eine Mäckeley mit dem Frauenzimmer anstellen kön¬
267 2107 1309 2169 nen? Diese schöne Waare ist heut zu Tage in allen
272 2153 1306 2223 großen Städten im Ueberflusse zu haben, oft sehr wohl=
277 2200 1301 2262 seil, und findet doch wenige Käufer. Die Ursache
272 2260 2350 2322 ist, es fehlet an Mäcklern. Der Verfasser redet in Herr Architecteur Ramm, kommen von Petersburg
269 2309 1306 2374 völligem Ernst, und suchet die Bevölkerung zu ver¬
275 2345 1309 2418 größern. Seinen Einsichten zufolge, sollte der Ma¬
275 2397 1301 2467 gistrat jeder Stadt geschworne Leute bestellen, welche,
272 2446 1306 2511 diesen Endzweck zu erfüllen, fähig wären. Junge
275 2501 1303 2558 Personen beyderley Geschlechts könnten einem solchen
272 2550 1301 2607 geschwornen Mäckler, gleich einem Vertrauten, ihr
275 2599 1301 2677 Anliegen entdecken. Der Mäckler sollte ein gewisses
277 2651 1301 2708 vom Hundert ihres Vermögens ziehen, wenn die
272 2700 1301 2762 Heyrathen zu Stande kämen, oder zum wenigsten
267 2747 1303 2817 ein Geschenk erhalten, wenn der Handel fehl schlu
280 2801 1309 2858 ge. Die Haupteigenschaft solcher Mäckler mußte die
277 2845 1301 2910 Verschwiegenheit seyn. Der Verfasser glaubt, hier
272 2907 1303 2962 durch würde großen Unordnungen im Staate vorge
269 2949 1309 3034 beuget werden. Am besten würde sich diese Mäcke=
1138 306 2335 391 Damit ley für die Damen schicken, welche ohne dies gerne
1306 384 1684 459 Heyrathen machen.
1513 415 2127 490 Leuwarden, den 8. März.
1353 461 2337 542 Die Curatores der Universität von Franecker ha¬
1316 518 2337 580 ben den bisherigen evangelischen Prediger bey der
1314 578 2342 632 holländischen Kirche in unserer Stadt, Hrn. Johann
1316 632 2337 694 Ratelband zum Professor der Gottesgelahrtheit auf
1316 679 2083 744 obiger Universität zu ernennen geruhet.
1531 723 2140 790 Stockholm, den 8. Merz.
1366 759 2330 840 Nach dem gestrigen hiesigen Preisen Verzeichnisse
1314 829 2330 891 galt die Tonne Weitzen 72 Thaler Kupfermünze
1311 868 2151 933 und die Tonne Rogken 51 bis 52 Thaler.
1392 904 2265 985 Brunflo, in Jemtland, vom 14. Febr.
1366 969 2342 1031 In manchen Jahren hat man in dieser Provinz
1311 1018 2345 1086 keinen so kalten Winter gehabt, als der gegenwärti¬
1314 1073 2340 1130 ge bishero gewesen ist; denn im December, Januar
1316 1122 2337 1182 und zu Anfange des Februars sind 19 Tage gezäh¬
1316 1174 2342 1223 let worden, da das Oecksilber im Schwedischen Ther¬
1316 1220 2345 1280 mometer zwischen dem 25sten und 39sten Grad un=
1316 1262 2350 1327 ter dem Gefrierpuncte gestanden hat. Ein paar Ta¬
1327 1319 2348 1379 ge im vorigen Winter war es zwar eben so kalt; al¬
1322 1371 2350 1425 lein, die Kälte ist nicht so beständig in so manchen
1332 1420 2345 1480 Tagen gewesen, als diesen Winter. Seit dem No¬
1322 1464 2342 1521 vember, da der Schnee kam, bis hierher, hat das
1329 1521 2350 1581 Thermomoter nicht mehr, als 10 Mittage, und
1316 1570 2350 1632 zwar nur 1 bis höchstens 3 Grade, über dem Ge¬
1332 1622 1757 1687 frierpuncte gestanden.
1565 1635 2122 1726 Lissabon, den 20. Febr.
1371 1695 2350 1765 Am 5ten dieses kam ein Englisches Paquetboot
1327 1757 2363 1814 aus Falmouth allhier an, welches den Königl. Preu¬
1332 1809 2353 1868 ßischen Generalmajor, Baron von Rebentisch, der
1332 1863 2358 1920 in Königl. Portugiesische Dienste treten wird, am
1332 1910 2348 1967 Bord hatte. Dieser General hat sich am 7ten
1332 1964 2358 2024 dieses nach Salva=Terra begeben, um daselbst
1329 2011 2039 2076 Sr. Majestät vorgestellt zu werden.
1643 2070 2037 2164 AVER TISSEMENT.
1379 2140 2350 2218 In verwichner Woche eingekommene und durch
1327 2195 2348 2270 reisende Fremde: Herr Mechanicus Seyfried, und
1329 2311 2350 2368 gehen nach Danzig; Herr Kaufm. Lange und Herr
1334 2355 2358 2431 Kaufm. Braun aus Liebau, gehen nach Leipzig, Hr.
1337 2407 1990 2462 Kaufm. Zweigelt aus Goldingen.
1376 2438 2350 2537 Da mit dem heutigen Stück ein neues 4tel Jahr
1332 2516 2348 2589 angeht, so werden die resp. Liebhaber dieser Zeitung
1329 2576 2350 2633 die gewöhnliche Pråpumeration mit 2 fl. abtragen;
1329 2625 2358 2677 auch sind noch compl. Zeitungen vom ersten 4tel
1332 2666 2353 2731 Jahr zu haben, fals also noch einige Liebhaber sich
1340 2723 2348 2775 finden solten in die Pränumeration des zweiten 4tel
1340 2773 2361 2853 Jahrs zu treten, so kann man also auch noch mit
1334 2822 1933 2871 dem 1sten Quartal aufwarten.
1334 2858 2358 2962 Diese Gelebrte und Politische Zeitung wird des Montag=
1430 2926 2257 2990 und Freytags Vormittags um 10 Uhr in dem
1516 2970 2174 3032 Kanterschen Buchladen ausgegeben.
