2479 3508
453 342 642 402 Berlin,
678 345 738 405 den
768 348 809 408 9.
839 348 939 408 Febr.

238 390 376 450 Gestern
412 395 457 455 des
493 392 620 452 Abends
655 392 777 452 langten
807 395 875 455 Se.
893 395 1038 455 Durchl.
1056 392 1107 452 der
1125 389 1206 449 Erb¬

185 441 275 501 prinz
310 440 412 500 Peter
447 440 504 500 von
527 443 692 503 Curland,
710 448 772 508 mit
795 446 869 506 dero
892 447 1006 507 Suite
1029 446 1086 506 aus
1104 443 1188 503 War

185 494 269 554 schau
306 492 419 552 allhier
451 491 510 551 an.

424 543 665 603 Dresden,
694 548 748 608 den
783 548 845 608 26.
874 548 969 608 Jan.

241 582 296 642 Da
331 583 386 643 die
414 591 580 651 Comtesse
608 596 711 656 Bolza
747 598 892 658 glücklich
927 595 982 655 ins
1017 592 1196 652 Kindbette

190 634 404 694 gerommen,
428 640 456 700 so
486 643 543 703 hat
572 646 705 706 dieselbe
741 646 827 706 einen
863 646 943 706 alten
978 643 1192 703 Bettelmann

195 681 257 741 und
283 686 357 746 Frau
390 691 446 751 das
472 691 559 751 Kind
585 697 646 757 aus
672 696 722 756 der
748 697 854 757 Taufe
880 694 974 754 heben
1006 694 1068 754 und
1106 692 1199 752 solche

190 727 219 787 in
256 733 344 793 ihrer
380 745 642 805 Staatskarosse
672 746 761 806 nebst
797 745 1023 805 vortretenden
1065 742 1201 802 Läufern

186 782 247 842 und
285 788 446 848 Laquais,
478 795 558 855 dazu
590 795 620 855 in
646 798 695 858 die
727 795 838 855 Kirche
863 794 974 854 führen
1006 792 1092 852 lassen
1137 792 1198 852 und

198 834 324 894 hernach
361 839 390 899 in
421 842 511 902 ihrem
555 843 651 903 Logis
682 843 857 903 gespeiset,
882 843 972 903 giebt
991 843 1087 903 ihnen
1124 843 1196 903 auch

190 883 249 943 auf
261 888 462 948 Lebenslang
484 894 565 954 einem
604 894 685 954 ieden
713 894 778 954 eine
800 894 964 954 Pension.
986 894 1056 954 Vor
1078 893 1197 953 etlichen

193 936 303 996 Tagen
331 940 392 1000 sind
420 942 502 1002 zwey
532 945 764 1005 Hauptdiebe,
781 948 830 1008 die
848 945 898 1005 sich
920 945 942 1005 in
965 945 1047 1005 einer
1070 942 1208 1002 Brand¬

190 983 272 1043 stelle
300 987 366 1047 hier
389 992 620 1052 aufgehalten,
643 995 709 1055 und
737 997 803 1057 alda
842 995 1090 1055 eingemauret,
1118 992 1206 1052 arre¬

188 1034 273 1094 tiret
300 1040 455 1100 worden.

438 1091 644 1151 Leipzig,
681 1091 735 1151 den
772 1092 838 1152 27.
863 1094 960 1154 Jan.

238 1133 353 1193 Alhier
388 1139 492 1199 macht
522 1139 591 1199 eine
620 1140 893 1200 uneigennützige
922 1144 1107 1204 Hebamme
1149 1141 1211 1201 fol¬

188 1184 303 1244 gendes
334 1187 434 1247 wider
461 1185 505 1245 die
531 1190 682 1250 Blattern
714 1190 864 1250 bekandt.
915 1190 1026 1250 Wenn
1052 1193 1092 1253 ein
1118 1190 1198 1250 Kind

189 1231 324 1291 geboren
355 1232 430 1292 wird
466 1234 496 1294 so
522 1236 597 1296 muß
628 1234 673 1294 die
699 1237 880 1297 Hebamme
906 1238 951 1298 die
977 1240 1203 1300 Nabelschnur

186 1279 245 1339 fein
275 1282 338 1342 rein
369 1282 532 1342 vorwärts
567 1284 803 1344 ausstreichen,
833 1285 942 1345 damit
972 1285 1035 1345 kein
1071 1285 1208 1345 Geblüt

182 1328 242 1388 und
275 1332 359 1392 keine
378 1332 607 1392 Unreinigkeit
626 1330 654 1390 in
687 1330 733 1390 der
757 1330 874 1390 annoch
898 1330 1192 1390 stehenbleibenden

188 1375 416 1435 Nabelschnur
441 1375 660 1435 zurückbleibe
685 1374 742 1434 und
771 1372 842 1432 nach
871 1372 919 1432 dem
968 1372 1058 1432 Leibe
1087 1372 1115 1432 zu
1149 1372 1201 1432 ge¬

573 1418 696 1478 Dieses
728 1416 769 1476 ist
795 1417 836 1477 ein
873 1418 1022 1478 gewisses
1064 1416 1202 1476 Mittel,

192 1422 349 1482 zwungen
386 1420 516 1480 werde.

187 1470 238 1530 daß
270 1468 316 1528 die
337 1470 461 1530 Kinder
488 1467 534 1527 die
560 1467 715 1527 Blattern
747 1467 850 1527 wenig
876 1470 948 1530 oder
970 1470 1026 1530 gar
1053 1467 1135 1527 nicht
1151 1466 1197 1526 be¬

185 1518 353 1578 kommen.
406 1518 451 1578 Es
488 1518 574 1578 wäre
598 1521 713 1581 dahero
743 1518 847 1578 höchst
877 1521 1010 1581 nöthig,
1034 1521 1092 1581 alle
1116 1521 1207 1581 Heb¬

187 1572 317 1632 ammen
350 1569 566 1629 anzuhalten,
594 1574 713 1634 solches
741 1575 833 1635 wohl
850 1575 876 1635 zu
915 1575 1125 1635 beobachten.

458 1624 611 1684 Wien,
636 1625 695 1685 vom
743 1628 807 1688 19.
832 1626 925 1686 Jan.

233 1677 425 1737 Vorgestern
459 1678 589 1738 erschien
618 1677 668 1737 der
692 1677 793 1737 ganze
817 1679 884 1739 Hof
907 1679 935 1739 in
958 1679 1054 1739 Galla
1083 1676 1190 1736 wegen

181 1728 234 1788 der
268 1727 381 1787 Tages
414 1730 533 1790 vorher
572 1730 788 1790 angelangten
821 1730 1054 1790 erfreulichsten
1088 1730 1201 1790 Nach¬

187 1780 266 1840 richt
308 1781 366 1841 von
419 1781 471 1841 der
520 1781 551 1841 zu
599 1780 767 1840 München
820 1781 1036 1841 vollbrachten
1084 1781 1189 1841 hohen

188 1829 342 1889 Trauung
375 1828 447 1888 Sr.
470 1828 636 1888 Majestät
659 1830 708 1890 des
736 1831 924 1891 Römischen
952 1831 1113 1891 Königs,
1141 1828 1201 1888 mit

185 1879 237 1939 der
264 1881 411 1941 Durchl.
433 1879 621 1939 Prinzessin
659 1879 779 1939 Maria
806 1879 984 1939 Josepha,
1006 1876 1189 1936 nunmehro

185 1927 322 1987 wirklich
354 1929 554 1989 vermählten
597 1925 787 1985 Römischen
829 1926 977 1986 Königin
1019 1924 1204 1984 Majestät,

183 1978 242 2038 und
273 1978 398 2038 Abends
424 1978 494 2038 war
520 1978 741 2038 geschmückter
762 1975 842 2035 Ball
863 1975 887 2035 in
918 1975 968 2035 dem
1009 1975 1119 2035 Saale
1144 1972 1194 2032 der

187 2026 300 2086 zwoten
326 2025 584 2085 Antichambre,
610 2028 744 2088 nachdem
781 2025 899 2085 vorher
925 2023 971 2083 des
998 2023 1188 2083 Römischen

185 2078 317 2138 Königs
345 2079 511 2139 Majestät
529 2079 556 2139 in
584 2079 677 2139 Dero
701 2079 889 2139 Zimmern,
912 2076 1039 2136 sowohl
1056 2073 1111 2133 von
1139 2072 1194 2132 den

184 2127 319 2187 fremden
360 2128 575 2188 Ministern,
599 2129 649 2189 als
684 2129 740 2189 dem
792 2129 922 2189 hiesigen
968 2127 1070 2187 hohen
1105 2124 1206 2184 Adel,

184 2175 233 2235 die
256 2178 511 2238 Glückwünsche
534 2181 561 2241 zu
590 2178 862 2238 Allerhöchstdero
896 2178 1101 2238 vollzogener
1124 2175 1212 2235 Ver¬

184 2228 339 2288 mählung
367 2229 605 2289 angenommen
639 2229 767 2289 hatten.
839 2231 966 2291 Heute,
995 2229 1105 2289 frühe,
1133 2229 1194 2289 sind

184 2272 259 2332 Se.
276 2276 444 2336 Majestat
471 2276 519 2336 der
547 2279 720 2339 Römische
742 2281 871 2341 König,
894 2280 953 2340 mit
975 2279 1066 2339 Dero
1094 2277 1202 2337 Ober¬

187 2324 408 2384 stallmeister,
430 2326 483 2386 des
510 2327 599 2387 Hrn.
621 2328 743 2388 Grafen
780 2332 859 2392 Carl
881 2330 938 2390 von
966 2328 1193 2388 Dietrichstein

184 2372 379 2432 Excellenz,
401 2372 464 2432 und
501 2372 517 2432 3
549 2378 861 2438 Kammerherren,
893 2381 951 2441 von
988 2381 1057 2441 hier
1089 2378 1200 2438 aufge¬

186 2419 347 2479 brochen,
370 2420 407 2480 um
451 2419 542 2479 Ihro
575 2426 765 2486 Majestät,
798 2432 851 2492 der
879 2430 1068 2490 Römischen
1096 2429 1203 2489 Köni¬

184 2468 255 2528 gin,
267 2467 378 2527 welche
401 2467 495 2527 heute
518 2470 601 2530 schon
630 2473 657 2533 zu
691 2479 864 2539 Lambach,
887 2482 908 2542 in
937 2479 1192 2539 Oberösterreich

178 2518 371 2578 eintreffen,
398 2518 554 2578 entgegen
581 2518 612 2578 zu
640 2522 763 2582 gehen.

382 2569 709 2629 Donaustrom,
731 2574 785 2634 den
824 2579 883 2639 24.
911 2578 1008 2638 Jan.

235 2617 308 2677 Aus
337 2617 427 2677 Wien
461 2618 518 2678 hat
541 2618 608 2678 man
637 2620 688 2680 die
705 2624 886 2684 Nachricht
909 2629 959 2689 daß
983 2629 1033 2689 der
1056 2626 1202 2686 Kaiserl.

180 2665 324 2725 Königl.
342 2670 776 2730 Generalfeldzeugmeister
804 2674 865 2734 und
893 2678 976 2738 Chef
1005 2679 1094 2739 eines
1128 2679 1205 2739 In¬

186 2718 528 2778 fanterieregiments,
555 2721 705 2781 Freiherr
732 2722 856 2782 Gideon
887 2727 944 2787 von
971 2730 1121 2790 Laudon,
1142 2727 1199 2787 mit

190 2766 280 2826 Tode
304 2769 509 2829 abgegangen
544 2770 612 2830 sey.

411 2822 671 2882 Presburg,
695 2820 746 2880 den
782 2822 845 2882 16.
875 2825 967 2885 Jan.

236 2858 277 2918 Zu
314 2864 452 2924 Comora
489 2870 548 2930 und
573 2873 669 2933 Raab
699 2870 759 2930 hat
784 2870 855 2930 man
898 2873 952 2933 den
983 2876 1054 2936 6ten
1091 2873 1187 2933 dieses

183 2912 327 2972 abermal
358 2917 431 2977 eine
462 2924 625 2984 merkliche
662 2924 976 2984 Erderschütterung
1014 2927 1195 2987 verspüret,

1244 342 1361 402 welche
1385 342 1491 402 jedoch
1516 343 1651 403 Gottlob
1687 344 1769 404 ohne
1793 344 1946 404 Schaden
1982 345 2171 405 abgelaufen
2201 342 2259 402 ist.

1243 392 1312 452 Aus
1338 392 1610 452 Peterwaradein
1641 392 1716 452 wird
1742 392 1802 452 uns
1828 392 1999 452 berichtet,
2030 392 2085 452 daß
2111 392 2176 452 man
2206 392 2261 452 all¬

1245 443 1275 503 da
1307 443 1353 503 die
1374 442 1487 502 Nacht
1508 443 1652 503 zwischen
1683 443 1729 503 dem
1777 443 1848 503 2ten
1885 443 1941 503 und
1973 443 2039 503 3ten
2071 440 2251 500 December

1246 491 1294 551 des
1322 491 1544 551 abgewichnen
1577 491 1707 551 Jahres
1740 491 1783 551 ein
1822 491 1886 551 sehr
1920 491 2060 551 heftiges
2083 489 2250 549 Erdbeben

1242 542 1411 602 verspüret
1432 540 1535 600 habe,
1561 542 1704 602 wodurch
1731 540 1782 600 bey
1808 542 1859 602 dem
1906 543 2059 603 Kayserl.
2070 542 2255 602 Proviant¬

1236 592 1385 652 magazin
1417 592 1458 652 ein
1484 589 1587 649 Stück
1608 589 1665 649 von
1697 592 1743 652 dem
1784 592 2033 652 Vestungswall
2054 592 2260 652 loßgerissen.

1238 640 1289 700 Es
1315 640 1351 700 ist
1372 640 1444 700 aber
1471 640 1574 700 weder
1606 640 1740 700 dadurch
1772 640 1844 700 noch
1881 640 1968 700 durch
2011 640 2057 700 die
2078 641 2264 701 Erschütte¬

1237 691 1353 751 rungen
1385 691 1576 751 überhaupt
1598 691 1640 751 ein
1673 689 1853 749 merklicher
1880 691 2013 751 Schade
2040 693 2225 753 geschehen.

1471 742 1719 802 Bamberg,
1753 739 1802 799 den
1847 742 1913 802 18.
1942 742 2035 802 Jan.

1288 785 1366 845 Den
1407 790 1503 850 15ten
1543 792 1661 852 dieses,
1691 789 1860 849 Morgens
1889 789 1928 849 um
1980 787 1996 847 7
2031 786 2098 846 Uhr
2133 786 2172 846 ist
2201 788 2257 848 der

1243 840 1390 900 Durchl.
1408 843 1503 903 Fürst
1533 843 1594 903 und
1623 840 1707 900 Herr
1736 840 1877 900 Ludwich
1906 840 2002 900 Fürst
2031 840 2064 900 zu
2093 839 2262 899 Hohenlo¬

1238 891 1302 951 he,
1330 891 1427 951 Graf
1454 894 1486 954 zu
1530 891 1719 951 Gleichen,
1752 891 1844 951 Herr
1877 889 1903 949 zu
1942 888 2152 948 Langenburg
2190 888 2249 948 und

1249 941 1449 1001 Cranichfeld
1476 942 1503 1002 im
1541 942 1643 1002 69sten
1676 941 1784 1001 Jahre
1812 941 1882 1001 dero
1904 939 2108 999 ruhmvollen
2142 940 2249 1000 Alters

1238 990 1310 1050 nach
1342 992 1424 1052 einer
1451 992 1461 1052 3
1492 992 1700 1052 monatlichen
1732 990 1918 1050 Krankheit
1939 990 2157 1050 verschieden.

1510 1040 1674 1100 Paris,
1708 1040 1764 1100 den
1804 1040 1866 1100 28.
1895 1037 1991 1097 Jan.

1293 1084 1370 1144 Der
1393 1088 1553 1148 Architect
1581 1091 1631 1151 des
1654 1088 1858 1148 regierenden
1892 1085 2035 1145 Herzogs
2064 1088 2119 1148 von
2147 1085 2263 1145 Pfalz=

1247 1139 1500 1199 Zweybrücken,
1522 1142 1612 1202 hatte
1633 1139 1664 1199 am
1707 1139 1818 1199 20sten
1850 1138 1902 1198 die
1924 1136 2066 1196 Gnade,
2099 1136 2151 1196 dem
2194 1136 2262 1196 Ko¬

1245 1190 1318 1250 nige
1340 1190 1382 1250 ein
1409 1190 1525 1250 Werk,
1552 1191 1698 1251 betitelt:
1725 1190 1978 1250 Denkmähler,
2000 1187 2116 1247 welche
2138 1187 2263 1247 Frank¬

1246 1240 1321 1300 reich
1354 1240 1408 1300 zur
1430 1238 1517 1298 Ehre
1544 1240 1674 1300 Ludwig
1697 1238 1788 1298 XIV.
1805 1240 1962 1300 errichtet,
1989 1237 2016 1297 zu
2038 1237 2260 1297 überreichen.

1494 1288 1696 1348 London,
1730 1288 1784 1348 den
1824 1290 1889 1350 25.
1917 1288 2009 1348 Jan.

1291 1332 1366 1392 Der
1394 1333 1497 1393 König
1524 1333 1611 1393 giebt
1633 1335 1681 1395 sich
1709 1335 1779 1395 aufs
1807 1336 1882 1396 neue
1910 1336 1958 1396 für
1997 1335 2045 1395 die
2067 1336 2262 1396 Protestan¬

1236 1375 1283 1435 ten
1313 1377 1341 1437 in
1376 1377 1481 1437 Polen
1511 1378 1568 1438 alle
1592 1378 1650 1438 nur
1680 1380 1867 1440 ersinnliche
1896 1381 2026 1441 Mühe.

1477 1422 1746 1482 Marseille,
1773 1425 1824 1485 den
1861 1425 1902 1485 9.
1928 1425 2021 1485 Jan.

1288 1466 1361 1526 Die
1379 1469 1463 1529 Zahl
1487 1470 1559 1530 aller
1583 1470 1702 1530 kleinen
1725 1470 1786 1530 und
1810 1470 1922 1530 großen
1958 1472 2115 1532 Schiffe,
2139 1473 2251 1533 welche

1244 1521 1301 1581 das
1330 1521 1537 1581 abgewichne
1561 1521 1653 1581 Jahr
1683 1521 1711 1581 in
1752 1523 1803 1583 den
1838 1521 1977 1581 hiesigen
2006 1524 2115 1584 Hafen
2145 1526 2254 1586 einge¬

1238 1575 1341 1635 laufen
1372 1574 1463 1634 sind,
1488 1575 1652 1635 erstrecket
1671 1575 1719 1635 sich
1745 1576 1799 1636 auf
1824 1578 1933 1638 2265.

1510 1628 1683 1688 Nancy,
1713 1630 1770 1690 den
1806 1631 1869 1691 21.
1898 1630 1991 1690 Jan.

1293 1676 1358 1736 Die
1383 1679 1516 1739 hiesigen
1541 1679 1723 1739 Apotheker
1747 1679 1843 1739 haben
1875 1682 1965 1742 unter
1984 1679 2038 1739 sich
2063 1677 2262 1737 beschlossen,

1242 1730 1332 1790 denen
1363 1730 1479 1790 Armen
1511 1730 1566 1790 auf
1591 1730 1641 1790 dem
1683 1733 1809 1793 Lande,
1840 1730 1951 1790 welche
1972 1730 2027 1790 von
2068 1733 2118 1793 dem
2159 1730 2265 1790 Pfar¬

1238 1781 1287 1841 rer
1309 1781 1397 1841 ihres
1426 1778 1691 1838 Kirchsprengels
1720 1781 1886 1841 Zeugnisse
1908 1780 1996 1840 ihrer
2020 1781 2157 1841 Armuth
2186 1778 2263 1838 bey¬

1233 1828 1402 1888 bringen,
1434 1828 1487 1888 die
1508 1828 1603 1888 ihnen
1641 1829 1794 1889 nöthigen
1832 1830 2011 1890 Arzeneyen
2043 1829 2191 1889 umsonst
2218 1828 2244 1888 zu

1239 1877 1386 1937 reichen,
1411 1876 1470 1936 wie
1495 1876 1588 1936 solche
1608 1876 1637 1936 in
1672 1879 1766 1939 denen
1796 1879 2056 1939 Verordnungen
2096 1879 2149 1939 der
2175 1876 2257 1936 Con¬

1241 1924 1566 1984 sultationskammer
1591 1925 1848 1985 vorgeschrieben
1878 1929 2040 1989 worden,
2065 1927 2124 1987 und
2149 1924 2247 1984 haben

1242 1975 1311 2035 auch
1337 1972 1418 2032 schon
1453 1972 1559 2032 damit
1585 1975 1670 2035 einen
1711 1975 2003 2035 lobenswürdigen
2039 1975 2175 2035 Anfang
2206 1975 2260 2035 ge¬

1237 2022 1357 2082 macht,
1383 2020 1513 2080 welches
1534 2023 1629 2083 ihnen
1660 2023 1751 2083 mehr
1772 2020 1857 2080 Ehre
1883 2023 1942 2083 und
1968 2023 2084 2083 Segen
2109 2024 2245 2084 bringen

1237 2072 1347 2132 wird,
1374 2070 1421 2130 als
1448 2070 1495 2130 der
1522 2068 1627 2128 Geiz;
1659 2073 1727 2133 doch
1754 2073 1817 2133 sind
1849 2073 1901 2133 die
1923 2073 2170 2133 Lazaretharme
2203 2075 2255 2135 da¬

1236 2124 1292 2184 von
1325 2121 1609 2181 ausgenommen.

1527 2175 1681 2235 Lucca,
1713 2175 1761 2235 den
1799 2176 1836 2236 5.
1867 2178 1959 2238 Jan.

1289 2228 1377 2288 Nach
1402 2224 1543 2284 Briefen
1567 2226 1626 2286 aus
1656 2226 1804 2286 Venedig
1834 2229 1928 2289 fängt
1958 2227 1987 2287 es
2023 2229 2094 2289 an,
2118 2229 2253 2289 daselbst

1232 2279 1368 2339 ziemlich
1412 2276 1592 2336 kriegerisch
1625 2276 1855 2336 auszusehen,
1921 2276 1975 2336 In
2025 2276 2080 2336 den
2124 2276 2243 2336 dasigen

1237 2327 1463 2387 Zeughäusern
1496 2327 1549 2387 soll
1566 2327 1636 2387 man
1669 2327 1733 2387 Tag
1772 2327 1831 2387 und
1864 2327 1977 2387 Nacht
1999 2324 2161 2384 arbeiten,
2183 2324 2242 2384 und

1239 2378 1305 2438 man
1333 2375 1404 2435 will
1421 2375 1554 2435 wissen,
1582 2376 1638 2436 daß
1666 2376 1721 2436 seit
1743 2378 1848 2438 kurzen
1877 2377 1926 2437 bey
1954 2375 1992 2435 50
2032 2372 2164 2432 schwere
2187 2372 2253 2432 Ka¬

1238 2428 1339 2488 nonen
1365 2425 1567 2485 umgegossen
1598 2426 1724 2486 worden
1756 2427 1846 2487 seyn.

1333 2476 1521 2536 Ramsberg
1554 2473 1581 2533 in
1619 2476 1829 2536 Schweden,
1857 2473 1905 2533 den
1943 2470 2007 2530 17.
2035 2468 2126 2528 Jan.

1277 2524 1351 2584 Von
1389 2524 1458 2584 hier
1490 2524 1543 2584 kan
1587 2524 1655 2584 man
1688 2524 1735 2584 die
1757 2521 1911 2581 besondre
1939 2518 2248 2578 Merkwürdigkeit

1229 2575 1408 2635 anzeigen,
1446 2572 1500 2632 daß
1533 2574 1603 2634 eine
1636 2574 1793 2634 Wittwe,
1827 2571 1874 2631 die
1908 2569 1934 2629 so
1968 2566 2075 2626 betagt
2103 2569 2157 2629 ist,
2185 2572 2238 2632 daß

1234 2626 1308 2686 man
1340 2623 1392 2683 ihr
1414 2623 1503 2683 Alter
1530 2623 1614 2683 nicht
1641 2621 1825 2681 bestimmen
1863 2615 1962 2675 kann,
1990 2617 2147 2677 Namens
2180 2622 2248 2682 Ca¬

1235 2673 1364 2733 tharina
1391 2670 1612 2730 Persdotter,
1635 2671 1693 2731 von
1727 2664 1932 2724 Biörklound
1965 2666 2018 2726 bey
2057 2670 2245 2730 Gamlebo,

1234 2724 1271 2784 am
1313 2718 1582 2778 letztverwichnen
1619 2718 1756 2778 zweyten
1794 2716 2078 2776 Weynachtstage
2115 2721 2183 2781 hier
2210 2721 2231 2781 in

1234 2775 1286 2835 der
1319 2772 1435 2832 Kirche
1467 2769 1663 2829 Gevatterin
1712 2766 1743 2826 zu
1780 2766 1870 2826 ihrer
1902 2772 2061 2832 Tochter-
2088 2772 2252 2832 Tochter¬

1239 2819 1537 2879 Tochter=Sohne
1554 2817 1737 2877 gestanden,
1765 2820 1835 2880 auch
1868 2820 1922 2880 das
1949 2822 2047 2882 ganze
2075 2821 2144 2881 Fest
2156 2821 2247 2881 über,

1236 2873 1288 2933 der
1310 2869 1527 2929 Winterkalte
1554 2867 1760 2927 ungeachtet,
1787 2872 1839 2932 dem
1877 2876 2072 2936 öffentlichen
2104 2870 2241 2930 Gottes¬

1233 2923 1354 2983 dienste
1379 2920 1618 2980 beygewohnet
1649 2923 1722 2983 hat.

2138 2969 2247 3029 War=
