2479 3508
231 338 1284 406 beobachtet; die Handlung geht ununterbrochen fork,
245 395 1280 450 und es hat sich der Herr Verfasser Mühe gegeben,
243 438 1284 490 alle Fehler zu vermeiden, vor die uns die Regeln der
245 492 1282 545 dramatischen Dichtkunst warnen. Der Ausdruck ist
245 536 1286 597 gewählt, und jede Person spricht angemessen. Unsre
245 587 1282 648 Leser werden fragen: ob wir nicht auch Fehler ent¬
243 641 1284 699 deckt haben? allein, warum sollten wir uns Muhe
245 691 1286 753 geben, in einem guten Gemälde bey einem schlechten
252 740 1286 795 Striche stehen zu bleiben, der dem Pinsel des Ma¬
243 783 1290 848 lers von ohngefehr entwischet, wenn wir Schönhei¬
243 843 1284 898 ten vor uns haben, und das Stück im Ganzen gut
243 886 1284 948 ausgezeichnet ist? Unter solche kleine Fehler würde
243 938 1277 987 in diesem Stücke der gehören, daß der ordentliche
245 986 1277 1039 Mann nicht immer der Mann nach der Uhr ist; und
237 1032 1282 1092 daß der erste immer schätzbar, und der letzte nur lä¬
624 1082 1282 1137 Auf der 96sten Seite stehet statt
243 1087 578 1150 cherlich bleibet -
237 1133 1286 1188 Valer, Lisette. Ein Druckfehler, der eine klei¬
240 1189 1277 1238 ne Irrung anrichten könnte, und den wir nur aus
237 1234 1278 1284 dieser Ursache anzeigen und verbessern. Kostet in
240 1280 1229 1365 vorbemeldten Kanterschen Buchhandlungen 18 gr.
565 1440 940 1534 La Roſa.
396 1526 1109 1609 Canzonetta del Signore Abbate
473 1608 1029 1688 Innozenzo Frugoni.
346 1790 884 1892 Nasci col di novelo
404 1876 483 1934 O
506 1876 839 1946 pargoletta roſa,
405 1913 961 1987 E mezzo ancora ascosa
404 1971 1014 2039 Gia porti il primo onor
342 2026 901 2101 Chi parreggiar ti possa
399 2078 898 2144 Per vanto di colore
490 2128 859 2194 di soave odore
399 2171 1067 2258 Non ha tra gli altri fior.
338 2287 757 2365 Desta dal oriente
406 2338 990 2417 So che la stessa Aurora
404 2393 970 2468 Ti guarda e l'inamora
406 2436 884 2510 Di tua gentil beltà
338 2487 889 2571 So, che d'elette stille
405 2540 902 2617 Ristoro poi ti dona
405 2594 955 2668 E fior per sua corona
393 2642 943 2729 Non altro elegger sà.
342 2754 976 2845 So, che alla Dea vezzosa
397 2807 1074 2904 Che ha mille amor seguaci
397 2853 930 2932 Sola sei cara e piaci
404 2907 1044 3007 Quando dal ciel giu vien;
1429 332 1998 421 Sicchè di te poi tanto
1478 403 2000 468 L'aurette invaghir fai
1487 445 1937 519 Che dilungarsi mai
1483 492 2080 576 Non sanno dal tuo sen.
1412 603 1499 703 So
1532 578 1958 699 che le Pastorelle,
1487 652 2112 736 So, che i Pastori amanti
1483 709 2119 795 T'aman d'April fra quanti
1484 764 2040 841 Fior vede l'albà uscir;
1415 804 2107 885 Breve però e il tuo pregio
1487 869 2027 940 Per poco; se nol sai
1482 906 1842 981 Si vaga riderai
1483 953 1967 1042 No, non insuperbir.
1412 1061 1946 1167 Flora sebben ti diede
1480 1143 1939 1223 Foglie si porporine,
1474 1191 1967 1268 Sebben d'acute spine
1471 1238 1969 1313 Cinta spuntar ti fè:
1473 1288 2095 1366 Non ti die ferme tempie
1475 1340 2039 1415 Contro gli estivi ardori
1469 1394 2039 1470 E di regnar tra l'fiori
1470 1441 2070 1535 Non lungo onor ti die.
1410 1567 1992 1656 Presto vertà il meriggio
1467 1623 2072 1699 De biu bei fior nemico,
1469 1671 2063 1740 Presto in giardino aprico
1473 1715 2018 1792 Te pur devrai languir
1410 1761 1867 1836 In van ti lagnerai
1467 1803 2014 1891 Del affrettato oltraggio,
1459 1870 2026 1946 Dal suo cocente raggio
1459 1910 1988 1997 Non ti potrai coprir.
1394 2013 1907 2120 Se sul matin tidente
1463 2095 1951 2170 Ti rimirai si altera,
1454 2145 1854 2212 Sulla vicina sera
1461 2192 1866 2258 Cadente ti vedrò
1394 2237 2021 2325 Ma folla in van fagiono
1457 2286 1967 2364 A te che sorda sei,
1452 2338 2025 2418 E i saggi accenti miei
1453 2388 1998 2472 No, non intendi, nò.
1391 2518 1896 2607 Clori, che si fastosa
1459 2581 2070 2659 Ten vadi di tua beltade,
1450 2624 2055 2712 Nel fior che presta cade
1450 2683 2046 2755 Contempla il tuo destin;
1386 2727 2006 2797 D'ostro e di gigli sparso
1449 2779 1959 2851 Di leggiadria di riso
1452 2827 2074 2907 Non avrai sempre il viso
1449 2885 2124 2970 Non sempre biondo il crin.
