2479 3508
250 340 299 400 sich
328 333 628 393 zusammengethan
664 331 685 391 in
729 333 843 393 Exeter
872 333 943 393 eine
965 331 1272 391 Porcellainfabri¬

246 385 305 445 que
332 383 532 443 anzulegen.
588 380 690 440 Zwey
723 383 836 443 hiesige
870 383 1054 443 vornehme
1087 380 1260 440 Comtoirs

250 434 390 494 sendeten
423 432 477 492 vor
510 433 629 493 einigen
662 431 770 491 Tagen
803 431 835 491 an
862 431 1019 491 brittische
1041 433 1263 493 Unterthanen

248 485 299 545 die
320 485 371 545 dem
423 484 598 544 Carneval
624 484 655 544 zu
691 485 841 545 Venedig
878 482 1125 542 beyzuwohnen
1156 480 1274 540 geden¬

247 537 310 597 cken
340 533 456 593 45000
491 532 554 592 Pf.
572 532 641 592 St.
653 535 676 595 in
706 533 973 593 Wechselbriefen
1008 533 1065 593 ab.
1096 533 1263 593 Hingegen

243 583 304 643 hat
322 583 366 643 ein
400 583 618 643 Engländer,
642 583 697 643 der
720 583 792 643 nach
821 583 955 643 Italien
984 580 1123 640 gereiset
1141 580 1196 640 ist,
1225 580 1281 640 da¬

250 634 338 694 selbst
367 633 416 693 für
445 633 511 693 eine
534 634 667 694 mäßige
690 634 840 694 Summe
863 634 901 694 14
935 634 997 694 alte
1019 631 1269 691 Handschriften

253 685 396 745 gekauft,
419 683 469 743 die
498 682 525 742 im
575 682 709 742 551sten
754 682 848 742 Jahr
882 682 954 742 nach
993 682 1182 742 Erbauung
1222 679 1271 739 der

257 735 363 795 Stadt
390 734 463 794 Rom
512 733 702 793 geschrieben
745 730 872 790 worden
915 733 999 793 sind.
1048 730 1127 790 Sie
1154 731 1265 791 führen

1058 781 1126 841 Aus
1156 779 1281 839 Frank=

251 784 305 844 den
338 784 447 844 Titel:
475 782 699 842 Romanorum
745 781 863 841 diurna
896 781 987 841 acta.

258 837 332 897 reich
360 834 424 894 sind
452 831 521 891 hier
549 830 607 890 seit
635 831 758 891 einiger
786 831 860 891 Zeit
888 831 1092 891 verschiedne
1120 830 1265 890 Jesuiten

252 885 510 945 angekommen.
538 879 611 939 Sie
633 879 754 939 nennen
787 878 865 938 sich:
892 879 945 939 die
966 879 1182 939 Verfolgten,
1210 879 1272 939 und

252 933 352 993 haben
390 933 442 993 für
470 930 559 990 ihren
603 930 714 990 Orden
752 930 820 990 eine
858 930 1103 990 Subscription
1141 927 1284 987 eröfnet.

258 983 351 1043 Jetzo
379 982 456 1042 wird
485 981 550 1041 hier
573 979 627 1039 für
661 981 705 1041 die
739 978 982 1038 abgebrandten
1022 978 1226 1038 Einwohner
1249 975 1276 1035 in

254 1036 467 1096 Königsberg
500 1030 571 1090 eine
599 1028 741 1088 Collecte
763 1028 976 1088 gesammlet.

440 1076 835 1136 Constantinopel,
858 1073 912 1133 den
950 1073 988 1133 1.
1016 1073 1107 1133 Dec.

311 1130 401 1190 Man
431 1127 613 1187 vernimmt
633 1127 733 1187 eben,
764 1126 820 1186 daß
860 1121 910 1181 der
946 1121 1026 1181 neue
1047 1124 1283 1184 Ambassadeur

263 1184 310 1244 der
335 1179 503 1239 Republik
528 1173 673 1233 Venedig
704 1172 818 1232 bereits
843 1172 903 1232 auf
922 1172 975 1232 der
994 1173 1097 1233 Höhe
1115 1176 1170 1236 der
1188 1172 1290 1232 Insel

257 1231 411 1291 Tenedos
438 1222 705 1282 angekommen.

464 1321 715 1381 Mandatum
769 1321 1096 1381 obedientiae.

268 1372 557 1432 Stanislaus
598 1375 820 1435 Augustus
860 1372 916 1432 von
963 1372 1105 1432 GOttes
1140 1375 1287 1435 Gnaden

262 1428 374 1488 König
398 1425 427 1485 in
451 1425 604 1485 Pohlen,
623 1425 841 1485 Großherzog
865 1422 894 1482 in
924 1425 1113 1485 Litthauen,
1132 1428 1290 1488 Reussen,

315 1479 495 1539 Preussen,
507 1476 705 1536 Masovien,
723 1476 960 1536 Samogitien,
977 1476 1095 1536 Kiow,
1113 1476 1237 1536 Volhy-

363 1529 450 1589 nien,
461 1527 647 1587 Podolien,
664 1524 887 1584 Podlachien,
903 1524 1068 1584 Liefland,
1079 1524 1187 1584 Smo¬

427 1572 557 1632 lensko,
576 1569 744 1629 Severien
774 1572 831 1632 und
861 1570 1135 1630 Czernichovien.

317 1621 491 1681 Entbieten
518 1616 615 1676 denen
636 1616 924 1676 Wohlgebohrnen
951 1616 1177 1676 Oberräthen,
1188 1616 1290 1676 Ober¬

269 1670 512 1730 hauptleuten,
539 1665 766 1725 Hauptleuten
804 1661 867 1721 und
904 1664 1036 1724 übrigen
1074 1665 1295 1725 Officianten,

261 1724 333 1784 auch
362 1721 417 1781 der
435 1717 557 1777 ganzen
586 1709 826 1769 Ritterschaft,
855 1712 916 1772 wie
944 1714 1017 1774 auch
1045 1715 1145 1775 denen
1180 1715 1296 1775 Magi=

266 1771 382 1831 sträten
425 1765 477 1825 der
509 1762 641 1822 Städte
674 1762 736 1822 und
769 1763 959 1823 überhaupt
986 1763 1065 1823 allen
1103 1764 1166 1824 und
1198 1763 1282 1823 jeden

276 1817 502 1877 Einwohnern
536 1814 590 1874 der
619 1814 890 1874 Herzogthümer
918 1814 1066 1874 Curland
1101 1814 1161 1874 und
1189 1814 1293 1874 Sem¬

271 1873 371 1933 gallen
407 1867 436 1927 in
472 1864 643 1924 Liefland,
679 1865 797 1925 Unsern
833 1867 933 1927 lieben
969 1867 1134 1927 Getreuen
1170 1867 1287 1927 Unsere

268 1924 465 1984 Königliche
488 1917 633 1977 Gnade.

391 1969 669 2029 Wohlgebohrne
698 1969 778 2029 liebe
812 1969 982 2029 Getreue!

321 2021 380 2081 So
407 2021 466 2081 wie
488 2019 563 2079 Wir
586 2019 607 2079 in
640 2019 780 2079 Gnaden
807 2020 1050 2080 vernommen,
1083 2023 1136 2083 daß
1164 2023 1288 2083 sowohl

271 2074 316 2134 der
351 2073 458 2133 größte
487 2070 594 2130 Theil
618 2070 668 2130 der
703 2070 998 2130 Wohlgebohrnen
1027 2073 1277 2133 Curländischen

270 2121 504 2181 Ritterschaft,
537 2119 590 2179 als
622 2120 696 2180 auch
729 2120 776 2180 die
799 2118 932 2178 Städte
964 2121 1060 2181 dieser
1082 2121 1294 2181 Herzogthü¬

276 2172 360 2232 mer,
372 2170 482 2230 Ihrem
525 2166 604 2226 schon
637 2166 774 2226 vorhero
801 2169 1034 2229 rechtmäßigen
1061 2169 1193 2229 Fürsten
1226 2169 1273 2229 dem

272 2217 601 2277 Durchlauchtigsten
635 2216 785 2276 Herzoge
807 2214 907 2274 Ernst
930 2217 1069 2277 Johann
1109 2218 1164 2278 das
1204 2217 1298 2277 schul=

277 2273 345 2333 dige
369 2267 559 2327 Homagium
600 2264 767 2324 geleistet,
791 2264 819 2324 so
843 2264 1004 2324 mißfällig
1034 2267 1131 2327 haben
1155 2264 1235 2324 Wir
1259 2264 1287 2324 es

276 2321 479 2381 vermerket,
508 2317 558 2377 daß
587 2314 688 2374 dieses
712 2312 796 2372 nicht
819 2312 869 2372 von
904 2315 976 2375 allen
1005 2315 1061 2375 aus
1096 2317 1146 2377 der
1169 2313 1298 2373 Ritter¬

272 2374 376 2434 schaft
405 2369 476 2429 auch
510 2366 598 2426 nicht
620 2364 692 2424 nach
725 2363 780 2423 der
808 2364 868 2424 von
908 2363 1001 2423 denen
1040 2366 1283 2426 versammleten

270 2423 428 2483 Ständen
456 2420 515 2480 auf
532 2414 586 2474 dem
619 2411 1093 2471 Convocations=Reichstage
1110 2414 1289 2474 gemachten

271 2470 509 2530 Disposition,
533 2467 596 2527 und
625 2462 758 2522 Unserer
795 2464 881 2524 durch
917 2463 962 2523 die
992 2467 1096 2527 Pacta
1120 2464 1293 2524 Conventa

277 2521 478 2581 geschehenen
514 2515 797 2575 Genehmigung,
815 2515 872 2575 wie
896 2514 964 2574 auch
988 2515 1045 2575 auf
1069 2515 1114 2575 die
1132 2512 1294 2572 ernstliche

266 2571 533 2631 Anmahnungen
566 2569 691 2629 sowohl
714 2566 762 2626 des
790 2566 926 2626 Senats
954 2565 1002 2625 als
1030 2563 1079 2623 des
1101 2563 1302 2623 Ritterstan=

276 2617 331 2677 des
359 2617 552 2677 geschehen,
581 2620 741 2680 vielmehr
764 2617 868 2677 einige
891 2614 946 2674 von
974 2617 1067 2677 ihnen
1096 2616 1145 2676 sich
1184 2614 1300 2674 wider¬

280 2667 409 2727 spenstig
437 2664 610 2724 bewiesen.
659 2667 707 2727 Ob
740 2666 815 2726 diese
843 2667 902 2727 nun
929 2666 1021 2726 gleich
1043 2664 1210 2724 verdienet
1232 2663 1302 2723 hät¬

273 2716 344 2776 ten,
371 2715 425 2775 daß
453 2715 512 2775 mit
535 2715 627 2775 ihnen
655 2718 725 2778 nach
753 2718 807 2778 der
835 2718 982 2778 Schärfe
1004 2715 1058 2775 der
1081 2715 1211 2775 Gesetze
1233 2714 1303 2774 ver¬

275 2768 386 2828 fahren
418 2763 555 2823 würde,
577 2763 603 2823 so
625 2765 725 2825 haben
752 2766 832 2826 Wir
854 2769 922 2829 doch
949 2768 1007 2828 vor
1039 2766 1219 2826 diesesmal
1246 2766 1304 2826 an¬

276 2817 346 2877 noch
374 2815 498 2875 Unsere
521 2811 710 2871 Königliche
732 2815 857 2875 Gnade
879 2820 1058 2880 vorwalten
1096 2817 1183 2877 laßen
1221 2814 1302 2874 wol=

270 2870 351 2930 len,
379 2866 438 2926 und
466 2861 606 2921 befehlen
639 2861 736 2921 ihnen
775 2867 910 2927 ernstlich
948 2867 1007 2927 und
1041 2868 1094 2928 bey
1127 2867 1219 2927 denen
1258 2866 1284 2926 in

282 2918 335 2978 den
363 2915 513 2975 Gesetzen
541 2909 638 2969 wider
665 2910 708 2970 die
730 2915 973 2975 Ungehorsame
1001 2918 1200 2978 festgesetzten
1228 2917 1287 2977 und

272 2969 539 3029 unausbleiblich
568 2963 595 3023 zu
623 2963 863 3023 vollziehenden
897 2969 1069 3029 Strafen,
1098 2971 1153 3031 daß
1182 2969 1220 3029 sie
1249 2969 1298 3029 die

1309 333 1535 393 Jurisdiction
1569 333 1615 393 des
1643 333 1968 393 Durchlauchtigsten
1996 336 2128 396 Fürsten
2155 333 2255 393 Ernst
2275 336 2335 396 Jo=

1301 383 1414 443 hann,
1451 383 1623 443 Herzoges
1660 380 1717 440 von
1749 386 1894 446 Curland
1926 386 1988 446 und
2015 383 2212 443 Semgallen
2244 385 2342 445 aner¬

1306 432 1458 492 kennen,
1480 434 1538 494 das
1576 431 1749 491 demselben
1787 434 1945 494 schuldige
1972 437 2168 497 Homagium
2216 434 2242 494 in
2279 434 2331 494 der

1312 483 1367 543 von
1406 485 1500 545 Ihro
1528 482 1755 542 Durchlaucht
1784 482 1855 542 dazu
1894 485 2082 545 angesetzten
2116 487 2187 547 Zeit
2216 485 2343 545 leisten,

1309 531 1366 591 und
1397 533 1632 593 Denenselben
1664 532 1690 592 in
1732 530 1810 590 allem
1863 532 1925 592 treu
1967 536 2029 596 und
2062 537 2218 597 gehorsam
2265 533 2332 593 seyn

1316 580 1423 640 sollen.
1479 580 1537 640 Da
1565 580 1641 640 Wir
1663 579 1738 639 aber
1761 578 1787 638 in
1815 578 1918 638 Kraft
1940 580 1988 640 der
2021 586 2183 646 neulichen
2211 585 2340 645 Consti¬

1301 631 1404 691 tution
1432 631 1519 691 nicht
1542 631 1629 691 allein
1663 629 1711 689 die
1728 628 1914 688 Lehnrechte
1937 629 1985 689 des
2003 637 2331 697 Durchlauchtigsten

1312 680 1460 740 Herzogs
1489 682 1587 742 Ernst
1604 679 1747 739 Johann
1775 676 1951 736 erneuret,
1979 682 2106 742 sondern
2139 687 2205 747 auch
2233 686 2326 746 Ihro

1314 730 1541 790 Durchlaucht
1563 730 1688 790 ältesten
1721 725 1861 785 Prinzen
1894 727 1996 787 Peter
2019 733 2240 793 gegenwärtig
2279 736 2337 796 auf

1312 778 1473 838 alsdann,
1489 778 1579 838 wann
1615 778 1660 838 die
1686 775 1948 835 Herzogthümer
1969 781 2115 841 Curland
2141 784 2206 844 und
2232 785 2338 845 Sem¬

1323 828 1417 888 gallen
1450 825 1533 885 durch
1566 825 1687 885 Cession
1714 825 1787 885 oder
1809 825 1946 885 Ableben
1989 830 2089 890 seines
2116 831 2343 891 Durchlauch=

1313 876 1421 936 tigsten
1460 874 1584 934 Vaters
1618 873 1721 933 Ernst
1748 877 1923 937 Johann,
1951 882 2081 942 welches
2119 884 2168 944 der
2190 882 2342 942 Himmel

1319 925 1367 985 bis
1405 924 1464 984 auf
1491 924 1539 984 die
1573 921 1702 981 späteste
1724 926 1832 986 Zeiten
1871 930 2027 990 verhüte,
2054 933 2184 993 eröfnet
2206 936 2330 996 werden

1323 975 1491 1035 möchten,
1518 972 1565 1032 die
1593 974 1750 1034 wirkliche
1772 978 1962 1038 Investitur
1989 982 2046 1042 und
2073 984 2215 1044 darüber
2237 984 2336 1044 Unser

1324 1022 1470 1082 Königl.
1493 1022 1663 1082 Diploma
1697 1025 1871 1085 ertheilet,
1895 1030 1922 1090 so
1951 1031 2098 1091 befehlen
2133 1034 2211 1094 Wir
2234 1034 2330 1094 denen

1322 1070 1610 1130 Wohlgebohrnen
1633 1079 1860 1139 Oberrathen,
1872 1082 2205 1142 Oberhauptleuten,
2216 1084 2343 1144 Haupt¬

1318 1121 1423 1181 leuten
1466 1120 1523 1180 und
1561 1126 1693 1186 übrigen
1730 1130 1957 1190 Officianten,
1995 1133 2068 1193 auch
2106 1133 2158 1193 der
2185 1133 2348 1193 Wohlge¬

1321 1172 1469 1232 bohrnen
1497 1173 1730 1233 Ritterschaft,
1762 1178 1852 1238 nicht
1874 1181 2006 1241 minder
2034 1184 2128 1244 denen
2161 1184 2352 1244 Magisträ¬

1322 1219 1366 1279 ten
1397 1222 1447 1282 der
1473 1221 1620 1281 Städte,
1646 1224 1705 1284 und
1731 1224 1807 1284 allen
1838 1225 2060 1285 Einwohnern
2091 1231 2176 1291 derer
2202 1234 2348 1294 Herzog¬

1320 1273 1451 1333 thümer
1474 1275 1621 1335 Curland
1649 1273 1709 1333 und
1737 1276 1972 1336 Semgallen,
1995 1279 2054 1339 daß
2082 1279 2120 1339 sie
2148 1279 2208 1339 auf
2230 1282 2345 1342 vorbe¬

1324 1326 1422 1386 sagten
1458 1328 1527 1388 Fall
1545 1327 1726 1387 gleichfalls
1755 1327 1824 1387 auch
1860 1327 1912 1387 des
1936 1327 2087 1387 Durchl.
2105 1329 2250 1389 Prinzen
2279 1330 2348 1390 Pe¬

1324 1381 1373 1441 ter
1401 1381 1450 1441 als
1479 1381 1550 1441 jetzo
1584 1380 1644 1440 auf
1673 1381 1805 1441 alsdenn
1845 1381 1928 1441 schon
1962 1381 2149 1441 investirten
2178 1381 2343 1441 Herzoges

1330 1431 1382 1491 von
1420 1431 1567 1491 Curland
1604 1431 1830 1491 Jurisdiction
1863 1431 2099 1491 anerkennen,
2137 1433 2331 1493 Demselben

1321 1480 1370 1540 als
1392 1479 1500 1539 Ihrem
1544 1479 1691 1539 Herzoge
1714 1482 1762 1542 die
1784 1484 1942 1544 schuldige
1964 1482 2176 1542 Observance
2199 1482 2258 1542 und
2280 1485 2350 1545 Ge¬

1327 1527 1440 1587 horsam
1477 1527 1611 1587 leisten,
1638 1527 1699 1587 und
1726 1527 1829 1587 seinen
1860 1530 2020 1590 Befehlen
2057 1533 2228 1593 schuldigst
2260 1533 2352 1593 nach¬

1321 1575 1462 1635 kommen
1500 1574 1617 1634 sollen.
1669 1575 1796 1635 Hieran
1839 1577 1966 1637 werdet
2000 1578 2051 1638 ihr
2084 1579 2164 1639 liebe
2197 1581 2347 1641 Getreue

1328 1619 1450 1679 Unserm
1488 1619 1647 1679 gnädigen
1675 1619 1796 1679 Willen
1829 1622 1892 1682 und
1925 1622 2015 1682 eurer
2037 1625 2164 1685 Pflicht
2192 1628 2350 1688 schuldige

1329 1670 1476 1730 Genüge
1493 1667 1619 1727 leisten.
1667 1670 1825 1730 Gegeben
1863 1670 1894 1730 zu
1926 1673 2132 1733 Warschau,
2159 1676 2216 1736 den
2243 1679 2332 1739 17ten

1332 1716 1383 1776 des
1417 1718 1564 1778 Monats
1593 1718 1790 1778 Januarii,
1814 1724 1915 1784 Anno
1944 1726 2062 1786 1765.
2108 1729 2249 1789 Unserer
2278 1730 2351 1790 Re¬

1328 1769 1461 1829 gierung
1491 1769 1514 1829 im
1561 1769 1642 1829 1sten
1678 1772 1788 1832 Jahr.

1377 1819 1661 1879 Stanislaus
1697 1825 1910 1885 Augustus
1946 1828 2081 1888 König.

1470 1879 1546 1939 (L.
1573 1881 1614 1941 S.

2039 1885 2080 1945 L.
2105 1885 2146 1945 S.

1525 1933 1576 1993 R.

2020 1936 2187 1996 dI.D.L.)

1351 1984 1506 2044 Clemens
1539 1984 1757 2044 Kozlowski,

1937 1984 2095 2044 Josephus
2130 1987 2277 2047 Duleba,

1839 2021 1910 2081 Ihro
1931 2023 2049 2083 Königl.
2058 2025 2171 2085 Majest.
2185 2027 2226 2087 des
2248 2025 2340 2085 großen

1325 2025 1369 2085 des
1394 2024 1487 2084 großen
1520 2023 1756 2083 Reichs=Siegels

1393 2061 1423 2121 d.
1437 2059 1471 2119 Z.
1498 2058 1695 2118 Secretarius.

1860 2055 1970 2115 Siegels
1996 2055 2038 2115 des
2064 2058 2331 2118 Großherzogthums

1922 2089 2057 2149 Litthauen
2089 2094 2282 2154 Secretarius.

1379 2141 1455 2201 Sr.
1475 2138 1621 2198 Königl.
1635 2139 1802 2199 Majestät
1822 2142 1949 2202 Befehl
1969 2146 2000 2206 an
2034 2151 2078 2211 die
2098 2148 2347 2208 Wohlgebohr¬

1330 2190 1384 2250 nen
1417 2187 1617 2247 Oberräthe,
1639 2193 1931 2253 Oberhauptleute
1953 2199 2017 2259 und
2039 2199 2261 2259 Hauptleute,
2283 2201 2342 2261 und

1332 2239 1450 2299 übrige
1474 2237 1700 2297 Officianten,
1729 2243 1785 2303 und
1819 2246 1870 2306 die
1899 2247 2000 2307 ganze
2018 2246 2261 2306 Ritterschaft,
2284 2249 2346 2309 wie

1335 2288 1406 2348 auch
1429 2286 1478 2346 die
1501 2288 1705 2348 Magisträte
1728 2294 1777 2354 der
1800 2297 1932 2357 Städte
1961 2297 2021 2357 und
2055 2297 2115 2357 alle
2138 2300 2342 2360 Einwohner

1335 2339 1383 2399 der
1411 2339 1676 2399 Herzogthümer
1698 2341 1725 2401 in
1753 2347 1893 2407 Liefland
1916 2348 1948 2408 zu
1976 2351 2122 2411 Curland
2155 2350 2220 2410 und
2248 2351 2355 2411 Sem¬

1336 2390 1469 2450 gallen,
1493 2389 1544 2449 daß
1580 2390 1620 2450 sie
1650 2392 1736 2452 ihrem
1789 2399 2115 2459 Durchlauchtigsten
2150 2403 2277 2463 Fürsten
2318 2404 2341 2464 in

1334 2437 1413 2497 allem
1451 2438 1619 2498 gehorchen
1652 2444 1709 2504 und
1731 2449 1963 2509 gehorsamen.

1344 2515 1679 2575 Wechsel-Cours
1707 2522 1712 2582 &
1766 2527 1923 2587 Species
1950 2529 1989 2589 d.
2003 2531 2075 2591 31.
2095 2533 2200 2593 Jan.
2220 2533 2345 2593 1765.

1336 2569 1523 2629 Amsterdam
1558 2573 1597 2633 41
1620 2575 1705 2635 Tage
1729 2581 1785 2641 310
1808 2578 1858 2638 gr.

1945 2578 1981 2638 71
2000 2584 2090 2644 Tage
2116 2587 2273 2647 3083gr.

1334 2620 1508 2680 Hamburg
1539 2618 1550 2678 3
1581 2626 1634 2686 W.
1647 2630 1712 2690 134
1731 2635 1784 2695 gr.

1901 2626 1920 2686 6
1946 2630 2001 2690 W.
2021 2633 2184 2693 1332gr.

1336 2670 1440 2730 Berlin

1840 2677 1990 2737 Dantzig
2030 2680 2068 2740 24
2097 2679 2153 2739 pr.
2165 2679 2242 2739 Cto.

1335 2718 1479 2778 Ducaten
1501 2721 1575 2781 neue
1597 2723 1607 2783 9
1635 2727 1667 2787 fl.
1678 2729 1688 2789 4
1710 2732 1763 2792 gr.

1900 2727 2030 2787 Alberts
2049 2728 2144 2788 Taler
2163 2735 2251 2795 1291
2275 2741 2322 2801 gr.

1335 2769 1449 2829 Rubel
1467 2772 1534 2832 112
1557 2776 1614 2836 gr.

1819 2776 1873 2836 Alt
1891 2778 2030 2838 Polnisch
2061 2781 2133 2841 Geld
2157 2783 2193 2843 13
2212 2787 2265 2847 pr.
2279 2787 2356 2847 Cto.

1339 2820 1410 2880 Alte
1435 2821 1475 2881 72
1500 2825 1511 2885 6
1542 2823 1589 2883 pr.
1607 2826 1689 2886 Cto.

1337 2885 1436 2945 Diese
1453 2888 1592 2948 Gelehrte
1616 2890 1670 2950 und
1694 2891 1857 2951 Politische
1873 2891 1997 2951 Zeitung
2028 2891 2098 2951 wird
2122 2893 2167 2953 des
2192 2899 2346 2959 Montag=

1446 2931 1500 2991 und
1531 2933 1677 2993 Freytags
1698 2933 1899 2993 Vormittags
1920 2933 1954 2993 um
1996 2933 2020 2993 10
2051 2936 2111 2996 Uhr
2127 2937 2152 2997 in
2177 2939 2222 2999 dem

1519 2978 1716 3038 Kanterschen
1748 2975 1924 3035 Buchladen
1951 2978 2164 3038 ausgegeben.
