2479 3508
258 300 1296 372 auch Proben ihrer Gnügsamkeit, Gastfreyheit,
261 369 1302 430 Treue in Bundespflichten, und ehrlicher Wohlthä¬
254 413 1302 467 tigkeit, welche die ersten Spuren eines eingepflanz¬
261 468 1304 516 ten guten Naturtriebes sind. Hätten sie das alles
254 515 1297 571 aus Ueberzeugung gethan, was sie aus bloßem In¬
272 565 1292 630 stinkt thaten: so wurden sie uns Europäer noch
262 626 1305 681 mehr beschämen. Eine kleine Geschichte von ihrer
272 666 1304 722 großen Einfalt wollen wir hier schlüßlich erzählen.
267 717 1302 765 Columbus wußte, daß einstens an einem Abend
270 763 1301 823 eine Mondfinsterniß seyn würde. Er bediente sich
267 816 1302 870 dieser Begebenheit, und kündigte den Indianern,
267 860 1306 915 die eben rebellisch geworden waren, an, daß GOtt
272 911 1304 973 sie strafen, und zu dem Ende ein Zeichen am Him¬
267 965 1304 1021 mel noch an eben dem Abend sehen laßen werde.
276 1009 1306 1065 Wie heftig entsetzte sich das arme Volk! sie schrien
267 1056 1300 1124 gewaltig, als sie den Mond verfinstert sahen, und
272 1107 1310 1159 versprachen eilend Besserung und Gehorsam. Co¬
270 1156 1310 1206 lumbus, der die Zeit des Endes der Finsterniß
276 1203 1305 1263 auch voraus wußte, kündigte ihnen darauf an, daß
272 1254 1304 1304 der Himmel ihnen gnädig seyn, und deshalb das
276 1297 1301 1359 Zeichen seiner Strafe am Himmel in wenig Au¬
276 1352 1312 1418 genblicken verschwinden würde. Uebrigens mel¬
276 1405 1306 1456 den wir noch, daß die Kupfer bey diesem ersten
282 1459 1297 1532 Theil ziemlich wohl ausgedruckt, und genau er¬
272 1498 1305 1589 läuternd sind. Kostet in den Kanterschen Buch=
276 1564 780 1643 handlungen 2 fl. 18 gr.
336 1645 1265 1734 Der Nord=Britte, 45tes Stück.
279 1730 1308 1794 Da dieses Stück in England so viel Aufsehens
284 1782 1306 1844 gemacht hat, und Herr Wilkes deswegen sein Va¬
279 1830 1315 1919 terland verlassen müssen, so glauben wir mit sol¬
399 1883 1199 1957 chem dem Publico einen Dienst zu thun.
279 1957 1318 2042 s beruft sich der Nord=Britte auf die gute Ver¬
296 2018 1304 2081 nunft und Aufrichtigkeit der Englischen Nation.
282 2068 1301 2130 In der gegenwärtigen noch nicht festgesetzten und
288 2109 1310 2175 zweifelhaften Regierungs=Verwaltung befürchtet er
288 2163 1310 2216 wirklich in Fehler wider seinen Willen zu gerathen,
291 2215 1256 2271 und ist gar nicht gesinnet Jemanden zu verleiten.
342 2259 1312 2306 Seine Vernunftschlüsse sind allesamt auf die stren¬
291 2305 1313 2374 ge Gründe geschehener Dinge gebauet, wiewohl er
284 2356 1313 2411 von dem ganzen inneren Zustande der Regierung noch
284 2405 1313 2461 keinen so pünktlichen Unterricht hat; daß er sich gegen¬
284 2452 1319 2505 wärtig wagen darf seine rohe oder unverdaute Ideen
284 2507 1310 2567 über die jetzige politische Crisis dem unterscheidenden
288 2557 1180 2618 und unpartheyischen Publico zu unterwerfen.
343 2598 1318 2664 Der schottische Minister hat sich zwar zurück bege¬
291 2654 1306 2725 ben, ist aber seine würkende Kraft zum Ende? Oder
291 2704 1315 2757 regiert derselbe noch durch die drey nichtswürdige
293 2751 1318 2816 Werkzeuge seiner Macht; welche zu ihrer unaus¬
293 2803 1318 2857 löschlichen Schande die abscheulichsten seiner Anschlä¬
288 2850 1313 2915 ge, des neulichen schändlichen Friedens und die bos¬
293 2901 1318 2971 hafte Ausdehnung der unbeschrenkten Mode der Ae=
1329 318 2355 402 cise, unterstützet haben. Der Nord=Britte hat sich
1345 370 2362 447 standhaft zur Hinderniß gegen einen einzeln, frevel¬
1335 429 2358 497 haften, untüchtigen despotischen Minister gesetzt,
1336 478 2353 536 und ist auch eben so bereit zum Dienst seines Vater¬
1330 518 2353 593 landes die dreyköpfichte cerberianische Administration,
1330 579 2361 635 wo der Schotte diese vermischte Gestalt annehmen
1340 621 2352 692 solte; zu bestreiten. Bis auf diese Stunde ist durch
1332 671 2352 727 ihn jede Einrichtung gemacht worden deren Kund¬
1330 724 2355 782 thuung er ordentlich durch seine eigenhändige Briefe
1330 769 1675 840 eingesandt hat.
1695 782 2361 842 Es scheinet daher ein klarer Be¬
1336 830 2358 893 weiß zu seyn, daß er nur gesinnet ist, sich in denjeni¬
1339 875 2361 924 gen Zustand zurück zu begeben in welchen er sich be¬
1340 926 2352 986 fand ehe er die Siegel erhalten, ich meyne nemlich
1335 970 2358 1040 die Dictatur aller Theile der Königlichen Administra¬
1339 1023 2357 1077 tion. Der Nord=Britte ersucht, daß man ihn anse¬
1340 1069 2361 1139 hen wolle als ob er sich verbürget habe ein standhaf¬
1336 1125 2357 1185 ter und unerschrockener Behaupter der Rechte seiner
1342 1167 2361 1250 Mitbürger und der Freyheiten der Whigs und Eng¬
1338 1207 1652 1283 länder zu seyn.
1382 1283 2357 1359 Genus orationis atrox et vehemens cui opponi-
1437 1336 2029 1407 tur lenitatis et mansuetudinis.
2198 1343 2369 1415 CICERO.
1386 1404 2364 1480 Die Anrede des Königs ist allezeit von der Legi¬
1353 1459 2366 1527 statur und dem Volke als die Rede des Ministers
1339 1519 2370 1576 ausführlich betrachtet worden. Sie wurde beym An¬
1336 1563 2364 1622 fange einer jeden Seßion des Parlaments ordentlich
1345 1621 2364 1679 von beyden Häusern einer Committee zur Erwegung
1348 1665 2364 1722 übergeben, und, wenn der Kron=Minister der Na¬
1347 1711 2366 1776 tion strafwürdig gewesen, mit äusserster Freyheit un¬
1340 1756 2362 1829 tersuchet. Die Staatsminister dieses freyen Landes,
1348 1806 2365 1877 da ihnen die unstreitige Vorzüge eines so herzhaften
1345 1858 2364 1914 Volks wohl bekannt und sie den Schrecken des Par¬
1348 1911 2364 1970 laments vor ihren Augen hatten; sind allezeit vor¬
1357 1960 2361 2014 sichtig gewesen, sowohl in der Sache selbst als in
1353 2010 2364 2056 den Ausdrücken der Reden welche sie dem Souve¬
1351 2063 2366 2115 rain bey der Eröfnung einer jeden Sitzung vom
1345 2107 2368 2162 Throne zu halten angerathen haben. Denn ihnen
1342 2156 2364 2215 war wohl bewust daß ein redliches Parlaments=Haus
1351 2209 2364 2269 so sich des ihm anvertrauten treulich bedienet, nicht
1342 2255 2366 2321 ermangeln könne die sophistischen Künste zu entde¬
1347 2302 2370 2366 cken oder gegen die kühnen gewaltthätigen Handlun=
1342 2358 2361 2412 gen, die von irgend einem Minister ausgeübet wer¬
1351 2404 2364 2459 den, Vorstellung zu machen. Die Anrede beym
1347 2451 2364 2515 Schluß der Seßion ist immer als das sicherste Mittel
1345 2506 2370 2555 den favoritischen Hof=Glauben unter dem gemeinen
1342 2553 2370 2611 Volke zu verkündigen, angesehen worden: dieweil
1340 2611 2364 2667 alsdenn das Parlament welches der gesetzmäßig ver¬
1342 2654 2361 2714 ordnete Bewahrer der Freyheiten des Volks ist: kei¬
1342 2695 2366 2755 ne Gelegenheit mehr hat, gegen einen boshaften
1342 2748 2357 2802 Kron=Bedienten Vorstellung zu machen oder densel=
1345 2799 1658 2867 ben anzuklagen.
1390 2847 2364 2906 Diese Woche giebt dem Publico das allerausge¬
1340 2902 2372 2971 lassenste Beyspiel ministerialischer Unverschämtheit,
