2479 3508
348 317 1080 396 Beschluß des Nord=Britten.
256 385 1230 441 Ein despotisch gesinnter Minister wird allezeit sei¬
201 433 1229 486 nen Prinzen mit hochtrabenden Begriffen des Vor¬
210 480 1229 534 zuges und der Ehre seiner Kron zu verblenden trach=
204 534 1227 596 ten, welche er standhaft zu unterstützen die Parade
201 577 1230 660 machen wird. Meines Theils wünsch ich so sehr
201 627 1225 677 wie jemand im Königreich die Ehre der Kron. Ko¬
206 676 1227 754 niglicher Würde gemäß, behauptet zu sehen, verlage
206 727 1227 781 aber dieselbe bis zur Verunehrung gesunken zu fin¬
206 781 1231 837 den. Was vor Schande war es die Sicherheit die=
213 822 1227 880 ses Landes (wider die Meynung der Königlichen
206 880 1224 934 Würde selbst) wegcomplimentiret und solche dem
206 931 1225 980 Vorurtheile und der Unwissenheit einer Gattung Leu¬
210 981 1229 1034 ten aufgeopfert zu sehen, die am allerwenigsten ge¬
215 1027 1227 1085 schickt sind, in einer Sache welche die Sicherheit des
201 1076 1224 1132 Hauses Hannover angehet, um Rath befraget zu
201 1127 1227 1181 werden? Ich wünsche die Ehre der Kron in Anse¬
201 1172 1224 1239 hung unserer Alliirten heilig vertheidiget und die
204 1222 1224 1277 Würde derselben gegen ausländische Fürsten gewissen=
206 1274 1215 1329 haft behauptet zu sehen. Ists möglich, daß eine so
206 1316 1218 1377 schändliche Sache, ein solches Opfer der Ehre der
204 1359 1216 1417 Kron Englands, sich zugetragen haben kann: daß
201 1404 1221 1468 ein Minister bereits die Hand Sr. Majestät bey sei¬
196 1453 1221 1507 ner Ernennung nach dem übermuͤthigsten und undank¬
199 1501 1211 1560 baresten Hof von der Welt, zu gehen, geküsset haben
210 1560 1222 1613 solle, ohne vorhergängige Versicherung einer gegen¬
206 1608 1218 1663 seitigen Ernennung zu haben, worauf doch der ge¬
201 1658 1220 1716 ringste Hof bestehen wuͤrde, ehe er anders fortfüͤhre
201 1704 1224 1770 eine Sache zu thun welche dessen Ehre sonst so nach¬
204 1765 1229 1819 theilig ist? Allein die Churfürstliche Staatskunst
201 1812 1221 1866 ist immer dem Wiener Hofe gehorsam gewesen und
201 1861 1221 1911 vergißt den Stolz mit welchen der Graf Colloredo
206 1906 1225 1960 England verlassen hat. Aus Bewegursachen von
204 1955 1224 2006 Würde und Oeconomie küssete Lord Stormond ein
219 1996 1215 2062 schottischer Pair aus dem getreuen Hause der Mur¬
210 2052 1220 2106 rays, am Freytage in der Österwoche, wie ich mey¬
201 2099 1220 2155 ne, Ihro Majestät die Hand, doch dies schändliche
206 2149 1218 2214 Verfahren hat in der Londoner Gazette der Nation
210 2210 1220 2269 noch keine Schande angehangen. Das Ministerium
212 2257 1218 2305 schämt sich nicht die Sache in geheim zu thun, es
215 2302 1217 2364 fürchtet sich nur für die Publication. War es zärt¬
212 2356 1217 2414 liche Achtung für die Ehre des verstorbenen Königs
213 2397 1220 2456 oder für die Ehre Ihro gegenwartigen Majestät,
210 2452 1215 2518 welche in diesen ersten Tagen des Friedens den Lord
210 2491 1221 2562 George Sackwill nach Hofe berief, an der allgemei¬
210 2544 1218 2605 nen Freude welche ein jeder rechtschaffene Hofmann
206 2594 1218 2655 bey der dem Lord Ligonier angebotenen Beschimpfung
204 2648 1224 2729 und der Beförderung des — empfand, theil zu neh¬
1261 308 2280 391 men? Geschahe dies um eine fürstliche Dankbarkeit
1265 381 2274 449 für die herrlichen Dienste des vollkommenen Gene¬
1258 433 2274 487 rals aus dem Hause Braunschweig zu zeigen? wel¬
1265 484 2280 534 cher so großen Theil an der Errettung Europens von
1258 536 2274 586 dem französischen Joche hat, dessen Nefen wir in
1258 578 2280 645 dem Besitze der allerliebenswürdigsten Prinzeßin von
1256 635 2276 689 der Welt, bald glücklich gemacht zu sehen hoffen.
1256 680 2274 735 Oder ist man willens die Ehre der Kron nur gegen
1261 728 2267 787 die vereinigten Wünsche eines getreuen wohlgezoge¬
1252 780 2274 837 nen Volks zu behaupten, welches sich auf die glückli¬
1258 830 2274 884 che Experienz der Talente, Geschicklichkeit, Redlich¬
1256 877 2274 931 keit und Tugend derjenigen gründet, die den Ruhm
1252 920 2274 984 erhalten daß sie ihr Vaterland von der Dienstbarkeit
1256 975 2274 1032 und dem Verderben befreyet; um durch alle Kunst
1261 1034 2274 1086 der Bestechung und Furchteinjagung eine Art schwa¬
1256 1075 2276 1134 cher, verrenkter, untüchtiger — zu unterstützen, die
1258 1126 2271 1191 ich alles nur nicht einen Minister nennen wil; mit
1258 1177 2271 1239 denen der Favorite noch immer überleget wie er die¬
1256 1227 2274 1285 ses Königreich mit der eisernen Ruthe beherrschen
1252 1279 2267 1333 möge. Das Stuartsche Haus hat allezeit den Kopf
1249 1324 2271 1368 von den Sklavischen Lehrsätzen der absoluten unab¬
1256 1366 2267 1421 hängigen und unbegränzten Macht der Krone, voll
1254 1425 2266 1474 gehabt, und einige von dieser Linie waren so schlecht
1252 1459 2266 1521 unterrichtet worden, daß sie solche sogar in die Aus¬
1245 1510 2266 1567 übung haben bringen wollen, allein die englische Na¬
1245 1556 2266 1613 tion war zu wachsam auch den geringsten Eingrif in
1245 1611 2242 1666 die alten Freiheiten dieses Königreichs zu erleiden.
1294 1662 2267 1716 Der König von Engelland ist nur die fürnehmste
1249 1717 2261 1769 obrigkeitliche Person dieses Landes, aber von den
1258 1761 2264 1828 Gesetzen mit der ganzen Vollziehungsmacht belehnet,
1258 1811 2266 1876 jedennoch haftet er seinem Volke wegen gehöriger
1252 1861 2264 1910 Vorstreckung des Königlichen Amts in der Wahl der
1252 1908 2261 1970 Minister rc. wie der geringste seiner Unterthanen in
1261 1956 2260 2016 seinen Particulier=Pflichten. Der persönliche Cha=
1249 2001 2255 2067 racter unsers gegenwärtigen liebreichen Souverains
1244 2057 2257 2117 macht uns ruhig und glücklich, daß eine so große
1252 2099 2257 2164 Macht in solche Hände geleget ist; aber der Favorite
1244 2155 2264 2206 hat zu gerechte Ursach vor sich gegeben, als daß er
1245 2205 2253 2260 dem allgemeinen Verdachte entgehen solte. Das
1245 2251 2257 2308 Vorrecht der Kron ist, die landesgesetzliche Macht,
1245 2305 2248 2352 die ihr anvertrauet ist, nicht nach blinder Gunst und
1258 2357 2257 2412 Partheylichkeit sondern mit Weisheit und Urthei¬
1252 2402 2257 2455 lungskraft, zu gebrauchen. Dies ist die Seele un¬
1256 2447 2261 2506 serer Landes=Verordnung. Auch das Volk hat sein
1245 2498 2255 2565 Vorrecht und ich hoffe die schönen Worte des Dry¬
1245 2543 2157 2597 den werden unserem Herzen eingegraben seyn:
1294 2596 2212 2687 Die Freiheit ist der englischen Unterthanen ihr
1631 2643 1883 2725 Vorrecht!
