2479 3508
609 1646 728 1706 13tes
770 1646 913 1706 Stück.
971 1649 1163 1709 Freytag,
1212 1649 1267 1709 den
1317 1649 1396 1709 15.
1421 1649 1621 1709 Februar,
1655 1651 1798 1711 1765.

178 1770 361 1830 der
385 1778 567 1838 Religion,
592 1781 833 1841 Königsberg,
858 1784 981 1844 Leipzig
1017 1784 1075 1844 und
1111 1784 1187 1844 Mi¬

163 1820 266 1880 tau,
284 1828 382 1888 8vo."
440 1823 520 1883 Der
544 1828 711 1888 Verfasser
740 1829 832 1889 dieser
856 1831 1017 1891 Schrift,
1046 1834 1179 1894 welcher

155 1874 213 1934 von
246 1876 294 1936 der
316 1873 444 1933 Hoheit
461 1873 589 1933 unserer
611 1876 761 1936 Religion
794 1876 836 1936 ein
863 1878 1062 1938 öffentliches
1084 1879 1164 1939 Zeug

161 1922 209 1982 niß
237 1924 373 1984 ablegt,
395 1923 482 1983 sucht
505 1921 586 1981 nicht
608 1924 733 1984 sowohl
750 1924 924 1984 diejenigen
957 1925 1049 1985 Leute
1066 1927 1175 1987 zurüch

165 1972 190 2032 zu
222 1972 362 2032 weisen,
388 1972 502 2032 welche
529 1972 591 2032 aus
612 1972 700 2032 einem
742 1972 939 2032 verdorbnen
966 1972 1085 2032 Herzen
1116 1972 1173 2032 vol

161 2024 249 2084 böser
272 2023 545 2083 Leidenschaften,
568 2023 796 2083 Spöttereyen
824 2020 918 2080 wider
947 2023 991 2083 die
1014 2023 1169 2083 Religior

162 2073 362 2133 ausstoßen,
387 2075 445 2135 und
481 2073 569 2133 jeden
600 2073 794 2133 Augenblick
818 2073 871 2133 bey
901 2073 995 2133 ihren
1025 2073 1160 2133 witzigen
1208 2067 1438 2127 tugendhaften
1474 2064 1728 2124 Gemüthern,
1764 2063 1816 2123 die
1853 2061 1929 2121 über
1965 2064 2017 2124 die
2054 2068 2206 2128 Religion

167 2127 314 2187 Anfallen
345 2127 480 2187 zeigen,
504 2124 563 2184 daß
587 2124 681 2184 ihnen
717 2127 770 2187 der
800 2126 1001 2186 gekreuzigte
1019 2124 1172 2184 Christu=

161 2176 233 2236 eine
267 2177 457 2237 Thorheit,
485 2172 546 2232 und
586 2172 675 2232 wohl
709 2176 764 2236 gar
793 2178 865 2238 eine
893 2175 1072 2235 Aergerniß
1111 2178 1155 2238 sey

168 2229 300 2289 sondern
329 2226 416 2286 giebt
439 2223 483 2283 sich
511 2222 671 2282 vielmehr
705 2223 765 2283 mit
793 2226 1020 2286 denenjenigen
1054 2227 1164 2287 Wider

167 2277 290 2337 sachern
321 2275 385 2335 ab,
409 2272 480 2332 die,
504 2270 592 2330 wenn
623 2271 657 2331 sie
676 2273 770 2333 gleich
800 2276 900 2336 heftig
930 2276 1084 2336 streiten,
1114 2276 1190 2336 den¬

159 2327 227 2387 noch
267 2323 427 2383 Männer
457 2318 513 2378 von
548 2321 789 2381 edelmüthigen
830 2324 1064 2384 Gesinnungen
1105 2327 1184 2387 sind,

168 2376 229 2436 und
252 2374 301 2434 die
324 2372 368 2432 die
391 2366 479 2426 Ehre
497 2365 552 2425 der
574 2369 663 2429 Welt
686 2372 746 2432 seyn
775 2374 908 2434 würden

1007 2372 1115 2432 wenn
1143 2375 1180 2435 si-

167 2426 316 2486 Christen
340 2418 466 2478 wären.
519 2417 576 2477 Da
606 2418 663 2478 nun
692 2422 772 2482 diese
790 2426 934 2486 Parthey
964 2426 1009 2486 des
1039 2426 1182 2486 Unglau=
1213 2420 1264 2480 dem
1311 2420 1460 2480 Vorzuge
1484 2417 1535 2477 des
1559 2417 1743 2477 Verfassers
1773 2414 1870 2474 nichts
1900 2414 1986 2474 mehr
2016 2415 2211 2475 hinzufügen

161 2473 271 2533 bens,
295 2470 370 2530 bald
399 2466 457 2526 aus
492 2464 545 2524 der
574 2467 736 2527 Ursache,
772 2471 853 2531 weil
877 2473 911 2533 sie
941 2473 993 2533 die
1017 2476 1173 2536 Religion

169 2523 255 2583 nicht
273 2523 331 2583 von
361 2517 436 2577 allen
466 2515 552 2575 ihren
576 2515 803 2575 interessanten
833 2521 955 2581 Seiten
990 2524 1106 2584 kennen
1136 2524 1187 2584 ge=

167 2575 294 2635 lernet,
318 2570 387 2630 bald
417 2566 492 2626 weil
510 2563 550 2623 sie
574 2563 661 2623 durch
690 2564 742 2624 das
772 2569 929 2629 Geschrey
953 2572 1086 2632 anderer
1115 2571 1184 2631 ver¬

170 2623 370 2683 meintlichen
408 2617 521 2677 großen
560 2611 665 2671 Köpfe
691 2615 748 2675 zum
799 2620 980 2680 Nachtheil
1006 2623 1056 2683 der
1088 2623 1181 2683 Reli=
1207 2620 1325 2680 Kostet
1346 2620 1370 2680 in
1408 2617 1458 2677 der
1477 2614 1690 2674 Kanterschen
1716 2611 1979 2671 Buchhandlung
2012 2613 2142 2673 allhier,
2162 2617 2218 2677 wie

171 2670 241 2730 gion
285 2670 462 2730 überiäubt
492 2664 647 2724 worden,
677 2663 726 2723 sich
762 2664 861 2724 wider
891 2667 940 2727 die
976 2670 1090 2730 Fahne
1127 2670 1176 2730 der
1212 2670 1290 2730 auch
1312 2667 1340 2727 in
1362 2667 1482 2727 Elbing
1511 2664 1568 2724 und
1597 2662 1710 2722 Mitau
1732 2659 1774 2719 24
1796 2660 1853 2720 gr.

173 2718 317 2778 Christen
348 2718 522 2778 erklären,
541 2713 570 2773 so
602 2712 770 2772 verdienen
807 2713 843 2773 sie
873 2718 934 2778 aus
970 2718 1067 2778 diesem
1116 2718 1187 2778 Ge¬

172 2767 410 2827 sichtspunkte,
436 2768 479 2828 die
506 2763 619 2823 Sorge
645 2760 707 2820 und
733 2762 776 2822 die
802 2766 1066 2826 Zurechthelfung
1098 2769 1179 2829 eines

169 2814 256 2874 jeden
282 2819 538 2879 rechtschaffenen
570 2811 733 2871 Christen.
777 2811 858 2871 Der
878 2815 1040 2875 Verfasser
1060 2817 1109 2877 der
1135 2820 1184 2880 ge=

172 2861 389 2921 genwärtigen
426 2867 570 2927 Schrift
595 2861 746 2921 bemühet
777 2861 825 2921 sich
862 2864 1036 2924 gleichfalls
1080 2867 1176 2927 "nach

182 2909 250 2969 der
282 2912 382 2972 Gabe
414 2918 476 2978 und
514 2916 721 2976 Erkänntniß
753 2915 802 2975 die
828 2915 915 2975 ihme
941 2918 1153 2978 beywohnet,

195 1730 290 1790 Bey
313 1730 423 1790 unsern
453 1730 608 1790 Verleger
638 1730 674 1790 ist
690 1733 1029 1793 herausgekommen:
1060 1731 1177 1791 "Von
1223 1727 1273 1787 bey
1304 1728 1391 1788 dieser
1422 1727 1480 1787 Art
1503 1727 1554 1787 von
1585 1727 1813 1787 Unglaubigen
1850 1727 1902 1787 die
1918 1727 2071 1787 Religion
2109 1729 2130 1789 in
2168 1730 2219 1790 den

1212 1778 1303 1838 Rang
1326 1781 1360 1841 zu
1390 1778 1503 1838 setzen,
1532 1778 1584 1838 den
1613 1775 1646 1835 sie
1670 1775 1853 1835 verdienet.
1917 1778 1973 1838 So
2002 1780 2117 1840 redlich
2146 1781 2225 1841 seine

1210 1828 1369 1888 Absichten
1399 1825 1493 1885 sind,
1518 1825 1540 1885 so
1571 1822 1735 1882 sorgfältig
1766 1825 1919 1885 bemühet
1937 1825 1966 1885 er
1990 1827 2037 1887 sich
2061 1826 2131 1886 auch
2162 1828 2226 1888 die¬

1209 1875 1343 1935 selbigen
1376 1873 1408 1933 zu
1430 1873 1581 1933 erfüllen.
1630 1873 1694 1933 Ich
1722 1873 1889 1933 vermeyne
1911 1873 2018 1933 hiebey
2046 1875 2159 1935 spricht
2176 1878 2224 1938 er,

1207 1921 1256 1981 die
1279 1921 1395 1981 großen
1423 1919 1600 1979 Männer,
1628 1918 1678 1978 die
1700 1918 1744 1978 ein
1772 1921 1905 1981 gleiches
1933 1920 2010 1980 schon
2050 1924 2215 1984 längstens

1208 1969 1403 2029 weitläuftig
1430 1966 1491 2026 und
1518 1968 1656 2028 glücklich
1683 1969 1930 2029 unternommen
1961 1969 2085 2029 haben,
2111 1972 2214 2032 weder

1208 2020 1238 2080 zu
1270 2017 1486 2077 übertreffen,
1512 2015 1584 2075 noch
1611 2016 1636 2076 zu
1667 2016 1847 2076 erreichen,
1874 2014 1915 2074 ich
1941 2017 2111 2077 vermeyne
2142 2021 2214 2081 aber

1204 2118 1400 2178 nachdenken
1428 2115 1573 2175 wollen,
1596 2115 1691 2175 durch
1714 2112 1781 2172 eine
1804 2112 1898 2172 kurze
1916 2115 2128 2175 Vorstellung
2168 2120 2217 2180 des

1208 2171 1345 2231 Werths
1376 2166 1525 2226 derselben
1556 2166 1658 2226 Anlaß
1683 2166 1712 2226 zu
1743 2166 1862 2226 geben,
1893 2166 1916 2226 in
1947 2169 2031 2229 einer
2055 2169 2079 2229 so
2103 2172 2223 2232 wichti¬

1208 2224 1261 2284 gen
1292 2220 1406 2280 Sache
1424 2217 1484 2277 wie
1509 2217 1556 2277 die
1581 2217 1689 2277 Sache
1714 2217 1797 2277 ihres
1828 2218 1954 2278 wahren
1985 2220 2080 2280 Heils
2105 2222 2159 2282 ist,
2178 2223 2207 2283 zu

1212 2271 1298 2331 einem
1336 2270 1427 2330 festen
1461 2269 1525 2329 und
1558 2269 1742 2329 gesegneten
1770 2267 1964 2327 Entschlusse
1992 2270 2024 2330 zu
2057 2270 2218 2330 kommen.

1212 2317 1285 2377 Wir
1314 2320 1506 2380 wünschen,
1535 2318 1585 2378 daß
1620 2318 1698 2378 diese
1722 2318 1988 2378 Betrachtungen
2023 2318 2073 2378 den
2107 2319 2225 2379 gehof¬

1203 2372 1250 2432 ten
1282 2369 1403 2429 Nutzen
1435 2369 1519 2429 nicht
1546 2366 1709 2426 verfehlen
1747 2366 1889 2426 mögen,
1921 2366 1984 2426 und
2011 2366 2142 2426 glauben
2180 2369 2205 2429 zu

1209 2473 1236 2533 zu
1265 2470 1403 2530 dörfen,
1431 2467 1475 2527 als
1504 2465 1559 2525 daß
1587 2466 1620 2526 es
1643 2464 1731 2524 Herr
1748 2464 1798 2524 M.
1821 2462 1960 2522 Jacob
1994 2461 2210 2521 Friedrich

1206 2518 1437 2578 Schmidt,
1475 2518 1527 2578 der
1559 2515 1718 2575 bekannte
1750 2509 1913 2569 Verfasser
1950 2509 2002 2569 der
2035 2512 2208 2572 poetischen

1212 2569 1377 2629 Gemälde
1400 2563 1471 2623 sey,
1505 2565 1593 2625 deren
1627 2563 1737 2623 Werth
1760 2560 1925 2620 längstens
1954 2560 2135 2620 entschieden
2169 2565 2218 2625 ist.

1259 2756 1329 2816 2D.
1352 2762 1458 2822 Joh.
1488 2757 1651 2817 Theod.
1674 2752 1816 2812 Ellers
1853 2763 2224 2823 Physicalisch=Medi=

1213 2814 1365 2874 "einische
1401 2808 1695 2868 Abhandlungen,
1737 2805 1795 2865 aus
1836 2808 1889 2868 den
1931 2811 2212 2871 Gedenkschriften

1228 2861 1287 2921 der
1312 2861 1455 2921 Königl.
1474 2855 1648 2915 Akademie
1673 2855 1726 2915 der
1745 2861 2003 2921 Wissenschaften
2040 2864 2220 2924 herausge¬

1219 2915 1360 2975 "zogen,
1385 2912 1446 2972 und
1472 2907 1625 2967 übersetzt
1644 2906 1699 2966 von
1731 2909 1780 2969 D.
1793 2910 1903 2970 Carl
1928 2912 2094 2972 Abrah.
2120 2912 2230 2972 Ger=

2081 2961 2230 3021 "hard.
