2479 3508
236 337 286 397 gen
315 336 519 396 Entleibung
554 333 605 393 des
640 333 707 393 Hrn
747 333 912 393 Chawort
941 333 1100 393 verhöret
1129 333 1247 393 werden

232 383 306 443 soll.
357 381 471 441 Seine
501 383 614 443 Sache
632 383 739 443 macht
758 383 825 443 eben
866 383 888 443 so
917 383 979 443 viel
997 386 1185 446 Aufsehen,
1208 386 1253 446 als

233 435 287 495 des
315 431 392 491 Lord
420 431 557 491 Ferrers
585 434 639 494 vor
667 436 788 496 einigen
822 434 975 494 Jahren.

430 485 757 545 Copenhagen,
786 485 843 545 den
878 483 947 543 15.
970 485 1073 545 Febr.

230 583 312 643 hard
341 583 456 643 David
485 585 623 645 Hauber
646 583 711 643 mit
735 580 822 640 Tode
851 583 1083 643 abgegangen.

476 634 741 694 Linköping,
765 634 823 694 den
858 634 898 694 4.
921 634 1031 694 Febr.

297 679 415 739 Wegen
448 684 496 744 des
529 682 685 742 gehabten
718 682 857 742 unsteten
885 680 1030 740 Wetters
1063 682 1127 742 mit
1144 682 1252 742 Regen

237 730 301 790 und
328 735 460 795 Schnee
482 735 545 795 und
578 735 700 795 darauf
716 733 871 793 schleunig
909 733 1142 793 eingefallener
1164 733 1259 793 Kälte

247 781 282 841 ist
309 782 339 842 in
376 781 474 841 dieser
505 784 645 844 Gegend
676 783 727 843 den
764 778 991 838 abgewichnen
1028 781 1162 841 Monat
1199 783 1265 843 eine

242 831 371 891 Menge
398 831 527 891 Bienen
554 828 652 888 theils
673 831 719 891 in,
730 831 787 891 und
808 831 901 891 theils
923 831 1021 891 außer
1037 831 1083 891 den
1110 831 1254 891 Städten

245 880 315 940 todt
331 880 487 940 gefunden
518 879 670 939 worden.
711 879 796 939 Man
827 882 883 942 hat
904 882 1111 942 angemerkt,
1122 882 1172 942 daß
1203 881 1268 941 eine

247 930 370 990 trockne
397 930 494 990 Kalte
515 930 566 990 den
598 930 726 990 Bienen
758 933 840 993 nicht
866 933 1010 993 schadet,
1042 933 1134 993 allein
1171 931 1258 991 wenn

247 981 289 1041 sie
311 981 470 1041 entweder
497 981 570 1041 beym
613 981 835 1041 Ausfliegen,
862 981 936 1041 oder
958 984 1047 1044 durch
1086 984 1154 1044 eine
1176 984 1276 1044 feuch¬

243 1025 275 1085 te
297 1030 372 1090 Luft
389 1031 449 1091 naß
477 1031 645 1091 geworden
673 1031 765 1091 sind,
793 1033 852 1093 und
880 1031 1016 1091 alsdenn
1055 1033 1120 1093 eine
1153 1034 1277 1094 plötzli¬

241 1079 293 1139 che
322 1080 420 1140 Kålte
444 1082 601 1142 einfällt,
625 1082 653 1142 so
677 1082 781 1142 laufen
811 1082 851 1142 sie
869 1082 967 1142 große
991 1082 1141 1142 Gefahr.

478 1133 738 1193 Warschau,
761 1132 816 1192 den
850 1130 916 1190 28.
944 1130 1043 1190 Febr.

299 1176 351 1236 Am
394 1181 606 1241 verwichenen
638 1178 787 1238 Montag
814 1178 952 1238 begaben
984 1175 1031 1235 sich
1053 1175 1127 1235 Sr.
1144 1172 1281 1232 Königl.

246 1228 345 1288 Maj.
365 1228 409 1288 U.
429 1228 478 1288 A.
494 1225 542 1285 H.
563 1225 622 1285 mit
647 1222 884 1282 verschiedenen
914 1222 1102 1282 Cavalliers
1133 1219 1191 1279 auf
1222 1219 1270 1279 die

248 1276 340 1336 Jagd
368 1270 405 1330 10
438 1270 568 1330 Meilen
602 1270 662 1330 von
695 1270 765 1330 hier
798 1267 906 1327 hinter
929 1270 1196 1330 Miednieweiz,
1224 1270 1277 1330 all¬

246 1321 289 1381 wo
317 1318 387 1378 Sie
409 1319 420 1379 6
453 1321 605 1381 Elende,
633 1320 670 1380 12
698 1321 796 1381 wilde
824 1321 1025 1381 Schweine,
1053 1324 1112 1384 und
1140 1321 1177 1381 20
1211 1321 1275 1381 Re¬

247 1371 288 1431 he
325 1372 483 1432 erleget;
520 1372 640 1432 gestern
690 1375 762 1435 aber
793 1373 859 1433 sind
891 1372 968 1432 Sr.
1000 1378 1096 1438 Maj.
1121 1378 1266 1438 glücklich

251 1422 321 1482 hier
343 1422 456 1482 wieder
484 1422 711 1482 eingetroffen.
755 1425 825 1485 Auf
847 1423 890 1483 die
913 1425 1161 1485 bevorstehende
1184 1425 1275 1485 Krie¬

245 1476 510 1536 gescommission
555 1476 635 1536 wird
668 1476 738 1536 hier
761 1476 874 1536 täglich
907 1476 1096 1536 vermuthet
1124 1478 1172 1538 der
1205 1476 1275 1536 Hr.

243 1524 407 1584 Woywod
429 1524 488 1584 von
521 1525 643 1585 Cracau
681 1525 1029 1585 Kronunterfeldherr
1056 1524 1157 1584 Graf
1185 1524 1275 1584 Rza¬

245 1572 374 1632 wuski.
447 1572 493 1632 Es
536 1572 618 1632 wird
655 1573 727 1633 auch
765 1575 863 1635 gegen
894 1574 951 1634 den
993 1573 1262 1633 bevorstehenden

248 1622 409 1682 Sonntag
438 1622 538 1682 gewiß
572 1622 761 1682 eintreffen,
784 1620 834 1680 der
857 1619 923 1679 Hr.
946 1622 1275 1682 Kronhofmarschall

248 1670 345 1730 Graf
368 1673 525 1733 Minszk,
553 1672 689 1732 welcher
711 1667 781 1727 nach
809 1667 896 1727 einem
935 1667 1043 1727 kurzen
1076 1673 1272 1733 Aufenthalt

251 1721 297 1781 sich
333 1721 402 1781 nach
437 1718 541 1778 Posen
583 1715 629 1775 als
659 1715 809 1775 General
839 1715 897 1775 von
926 1719 1147 1779 Großpohlen
1183 1721 1275 1781 bege¬

250 1766 303 1826 ben
335 1766 440 1826 wird,
468 1766 504 1826 um
547 1763 680 1823 daselbst
702 1763 770 1823 eine
792 1769 1031 1829 Jurisduction
1058 1768 1089 1828 zu
1122 1766 1275 1826 eröfnen.

255 1813 303 1873 Es
331 1814 455 1874 werden
488 1814 557 1874 auch
580 1814 693 1874 täglich
721 1817 877 1877 verhoffet
899 1817 947 1877 der
969 1817 1066 1877 Fürst
1089 1814 1282 1874 Lubomirs¬

248 1864 298 1924 ki,
326 1862 493 1922 Woywod
522 1864 577 1924 von
611 1869 783 1929 Braclau,
818 1867 906 1927 nebst
935 1864 990 1924 dem
1030 1863 1157 1923 Grafen
1186 1864 1263 1924 Wie

243 1915 393 1975 lopolski
416 1916 684 1976 Küchenmeister
718 1918 774 1978 von
808 1915 986 1975 Lithauen.
1037 1918 1115 1978 Die
1138 1918 1277 1978 Schatz¬

256 1969 450 2029 commission
489 1968 578 2028 setzet
601 1969 673 2029 ihre
701 1969 885 2029 Sessiones
913 1966 1024 2026 fleißig
1058 1968 1152 2028 fort,
1186 1969 1275 2029 derer

253 2020 605 2080 Berathschlagungen
634 2020 764 2080 sowohl
782 2017 826 2077 die
850 2018 1065 2078 Eröfnungen
1105 2018 1156 2078 des
1185 2019 1280 2079 Okei=

245 2070 370 2130 nischen
409 2068 616 2128 Bergwerks
644 2067 693 2127 als
720 2069 797 2129 auch
830 2067 878 2127 die
906 2067 1168 2127 Verschreibung
1213 2070 1283 2130 ver¬

256 2118 419 2178 ständiger
457 2118 642 2178 Bergleute
670 2118 844 2178 betreffen.

914 2116 961 2176 Es
999 2115 1085 2175 wird
1117 2118 1192 2178 auch
1236 2116 1267 2176 zu

256 2166 369 2226 Rathe
402 2166 569 2226 gezogen,
592 2166 662 2226 was
700 2166 754 2226 für
793 2166 944 2226 Münzen
983 2166 1074 2226 sollen
1118 2166 1258 2226 gepräge

244 2212 407 2272 werden,
433 2212 492 2272 und
522 2209 581 2269 wie
607 2211 676 2271 man
706 2211 894 2271 versichert,
920 2211 979 2271 soll
999 2214 1053 2274 das
1084 2214 1162 2274 erste
1188 2213 1271 2273 Geld

257 2263 284 2323 in
312 2258 367 2318 der
390 2258 545 2318 Thorner
562 2261 689 2321 Münze
718 2260 772 2320 auf
795 2257 906 2317 Kosten
940 2257 1011 2317 Sr.
1028 2261 1128 2321 Maj.
1145 2264 1278 2324 geschla=

256 2316 315 2376 gen
348 2309 493 2369 werden.
559 2309 639 2369 Das
667 2309 915 2369 Instructorium
959 2309 1012 2369 für
1029 2311 1083 2371 den
1110 2314 1277 2374 General¬

254 2369 319 2429 zoll
337 2364 390 2424 hat
414 2360 539 2420 besagte
564 2357 890 2417 Schatzcommission
920 2360 991 2420 noch
1015 2363 1098 2423 nicht
1129 2363 1282 2423 verserti=

251 2414 332 2474 get,
355 2412 389 2472 es
414 2413 495 2473 wird
524 2409 594 2469 aber
629 2408 652 2468 im
693 2408 803 2468 kurzen
845 2408 867 2468 im
908 2411 1053 2471 Publiko
1083 2414 1257 2474 erscheinen

249 2464 276 2524 in
306 2464 436 2524 welchem
488 2460 572 2520 nicht
597 2458 659 2518 nur
688 2458 778 2518 allein
819 2458 869 2518 die
893 2458 978 2518 Taxe
1007 2462 1064 2522 von
1099 2461 1269 2521 allerhand

252 2515 427 2575 Waaren,
457 2512 587 2572 sondern
616 2511 684 2571 auch
713 2509 758 2569 die
782 2509 1015 2569 Bestimmung
1049 2512 1101 2572 der
1124 2509 1271 2569 Waaren

250 2563 312 2623 und
348 2564 400 2624 des
431 2562 643 2622 Gewichtes,
680 2559 742 2619 und
779 2560 882 2620 alles,
909 2560 975 2620 was
1012 2561 1063 2621 zur
1090 2561 1271 2621 Handlung

256 2611 416 2671 gehöret,
439 2614 650 2674 einbegriffen
678 2612 766 2672 seyn.
817 2608 866 2668 Am
911 2611 1105 2671 verwichnen
1134 2611 1271 2671 Freytag

248 2658 285 2718 ist
313 2658 361 2718 der
395 2658 486 2718 Graf
515 2662 683 2722 Branicki
711 2658 1049 2718 Kronuntertruchses
1088 2661 1136 2721 als
1169 2656 1277 2716 Abge¬

253 2707 382 2767 sandter
416 2706 469 2766 vom
513 2710 649 2770 Könige
682 2712 742 2772 und
780 2710 828 2770 der
857 2710 1019 2770 Republik
1053 2711 1122 2771 nach
1151 2707 1269 2767 Berlin

251 2757 449 2817 abgereiset,
478 2756 562 2816 nebst
586 2759 636 2819 den
670 2762 760 2822 Hrn.
778 2760 924 2820 Zawisza
948 2760 1185 2820 Jägermeister
1208 2754 1264 2814 von

245 2809 410 2869 Lenezge,
437 2805 500 2865 und
527 2808 723 2868 Secretario
750 2811 803 2871 des
830 2808 930 2868 letzten
963 2810 1276 2870 Krönungsreichs¬

250 2860 370 2920 tages,
395 2852 528 2912 welcher
559 2853 691 2913 letzterer
722 2858 783 2918 von
820 2861 940 2921 Berlin
971 2861 1020 2921 sich
1057 2858 1165 2918 weiter
1196 2855 1268 2915 nach

249 2913 306 2973 dem
342 2909 434 2969 Haag
458 2903 585 2963 begeben
621 2906 719 2966 wird,
737 2909 771 2969 um
813 2912 946 2972 daselbst
970 2912 1021 2972 den
1045 2909 1161 2969 Posten
1185 2906 1271 2966 eines

1295 336 1383 396 eines
1414 339 1561 399 Königl.
1580 339 1774 399 Residenten
1811 341 1864 401 bey
1906 339 2000 399 denen
2036 337 2308 397 Generalstaaten

1296 389 1323 449 zu
1357 389 1540 449 bekleiden.
1618 386 1695 446 Des
1730 389 1829 449 Hrn.
1858 388 2019 448 Bischofs
2053 386 2113 446 von
2154 387 2314 447 Ermland

1296 437 1445 497 Durchl.
1468 437 1534 497 sind
1562 436 1656 496 durch
1690 437 1795 497 einige
1824 438 1901 498 Zeit
1924 437 2034 497 wegen
2074 437 2162 497 eines
2190 437 2306 497 starken

1295 485 1416 545 Flusses
1444 485 1507 545 und
1534 485 1698 545 verlornen
1725 487 1878 547 Gehöres
1905 490 1963 550 aus
1995 488 2069 548 dero
2091 487 2212 547 Palais
2234 486 2318 546 nicht

285 530 400 590 Heute
418 530 527 590 Abend
557 533 590 593 um
637 533 654 593 7
684 533 752 593 Uhr
782 531 822 591 ist
846 533 960 593 allhier
990 534 1059 594 Hr.
1082 536 1140 596 D.
1158 533 1261 593 Eber=
1296 536 1556 596 ausgefahren,
1585 533 1660 593 Sr.
1678 536 1822 596 Durchl.
1845 539 2001 599 hingegen
2030 539 2082 599 der
2106 539 2203 599 Fürst
2227 539 2324 599 Czar¬

1294 586 1429 646 toryski
1462 583 1788 643 Kronjägermeister
1827 586 1984 646 gelangen
2028 589 2087 649 zur
2120 587 2321 647 Genesung.

1299 634 1374 694 Auf
1396 637 1498 697 Ordre
1526 635 1596 695 Sr.
1618 634 1763 694 Durchl.
1786 631 1834 691 des
1861 634 1990 694 Fürsten
2024 637 2223 697 Woywoden
2256 637 2310 697 von

1301 688 1463 748 Rußland
1490 688 1538 748 als
1572 680 2076 740 Generalkronregimentarius
2109 688 2217 748 ziehen
2256 688 2325 748 ver¬

1304 736 1463 796 schiedene
1486 736 1701 796 Regimenter
1725 733 1785 793 und
1813 730 1918 790 Poln.
1941 734 2073 794 Fahnen
2107 736 2162 796 bey
2191 739 2323 799 Czerni¬

1299 784 1353 844 kow
1397 786 1609 846 zusammen,
1637 785 1674 845 um
1713 781 1849 841 daselbst
1871 781 1915 841 ein
1943 784 2166 844 Campement
2193 786 2220 846 zu
2259 789 2323 849 ma=

1296 833 1400 893 chen,
1423 837 1528 897 wohin
1562 834 1595 894 sie
1618 834 1695 894 aber
1718 831 1828 891 weiter
1857 828 2045 888 aufbrechen
2084 831 2239 891 dörften,
2268 837 2323 897 sol¬

1305 885 1372 945 ches
1395 885 1485 945 läßet
1503 888 1553 948 sich
1582 887 1655 947 noch
1679 881 1763 941 nicht
1787 879 1843 939 mit
1866 882 2064 942 Gewißheit
2082 882 2189 942 sagen.
2246 883 2319 943 Die

1304 937 1536 997 Janitscharen
1570 936 1625 996 und
1649 933 1842 993 Ungarische
1859 933 2109 993 Compagnien,
2132 933 2247 993 welche
2270 936 2319 996 sich

1304 987 1357 1047 bis
1380 986 1449 1046 dato
1478 983 1526 1043 bey
1554 984 1798 1044 hochgedachten
1831 986 1955 1046 Fürsten
1983 981 2233 1041 Regimentario
2261 986 2331 1046 auf=

1309 1035 1452 1095 gehalten
1486 1029 1608 1089 haben,
1625 1028 1686 1088 sind
1715 1031 1891 1091 nunmehro
1920 1034 2030 1094 zurüͤck
2053 1034 2119 1094 nach
2148 1033 2325 1093 Bialistock

1309 1084 1365 1144 zum
1406 1076 1496 1136 Hrn.
1514 1080 1859 1140 Krongroßfeldherrn
1888 1085 2143 1145 aufgebrochen.
2195 1085 2246 1145 In
2275 1084 2325 1144 der

1309 1124 1441 1184 porigen
1469 1127 1584 1187 Woche
1618 1133 1755 1193 nahmen
1789 1136 1882 1196 Ihro
1911 1136 2009 1196 Maj.
2026 1136 2120 1196 Dero
2148 1135 2202 1195 neu
2231 1136 2329 1196 ange¬

1300 1172 1455 1232 worbnes
1487 1178 1695 1238 Regiment,
1726 1183 1861 1243 welches
1888 1183 1970 1243 schon
2002 1183 2069 1243 800
2101 1186 2209 1246 Mann
2246 1184 2329 1244 aus¬

1308 1222 1437 1282 macht,
1464 1222 1489 1282 in
1516 1223 1614 1283 hohen
1646 1228 1895 1288 Augenschein,
1921 1228 1983 1288 und
2014 1230 2128 1290 solches
2160 1228 2248 1288 hatte
2280 1234 2326 1294 die

1314 1273 1427 1333 Ehre,
1450 1273 1669 1333 verschiedene
1693 1276 1986 1336 Kriegesübungen
2021 1276 2071 1336 vor
2094 1276 2172 1336 Sr.
2190 1278 2330 1338 Königl.

1313 1327 1410 1387 Maj.
1434 1330 1462 1390 zu
1499 1326 1695 1386 verrichten.
1748 1327 1823 1387 Aus
1853 1327 2009 1387 Dresden
2044 1324 2124 1384 wird
2160 1330 2333 1390 gemeldet,

1305 1381 1362 1441 daß
1392 1381 1519 1441 daselbst
1543 1380 1595 1440 den
1624 1380 1717 1440 17ten
1746 1381 1822 1441 cur.
1846 1381 1892 1441 der
1921 1381 2153 1441 Sicilianische
2177 1378 2333 1438 Gesand=

1307 1431 1340 1491 te
1363 1431 1458 1491 Fürst
1476 1431 1532 1491 von
1566 1431 1752 1491 Calubritto
1775 1431 1808 1491 an
1843 1431 1927 1491 einem
1967 1431 2164 1491 Geschwüre
2187 1431 2215 1491 im
2249 1431 2328 1491 Hal¬

1308 1485 1336 1545 se
1355 1482 1539 1542 gestorben.
1586 1479 1667 1539 Sr.
1685 1482 1829 1542 Durchl.
1853 1482 1904 1542 der
1928 1482 2032 1542 Prinz
2056 1482 2154 1542 Carl,
2184 1482 2322 1542 Bruder

1312 1536 1362 1596 des
1391 1533 1605 1593 Churfürsten
1634 1527 1690 1587 von
1719 1532 1865 1592 Sachsen
1893 1532 1994 1592 hatten
2023 1533 2079 1593 das
2108 1533 2265 1593 Unglück,
2288 1532 2316 1592 in

1303 1584 1356 1644 der
1383 1581 1622 1641 Porte=Chaise
1644 1578 1702 1638 von
1735 1578 1782 1638 den
1815 1581 2000 1641 Heyducken
2028 1581 2251 1641 umgeworfen
2289 1581 2320 1641 zu

1303 1631 1459 1691 werden,
1491 1628 1522 1688 so
1559 1624 1616 1684 daß
1658 1622 1730 1682 Sie
1757 1625 1783 1685 in
1825 1625 1924 1685 etwas
1956 1628 2153 1688 verwundet
2175 1628 2331 1688 worden.

1309 1679 1402 1739 Drey
1436 1674 1524 1734 Tage
1547 1670 1679 1730 hernach
1707 1672 1851 1732 bekamen
1885 1676 1951 1736 Sie
1974 1676 2023 1736 die
2046 1676 2334 1736 Kinderblattern,

1304 1724 1419 1784 welche
1442 1721 1518 1781 aber
1541 1718 1600 1778 von
1629 1718 1722 1778 guter
1745 1721 1810 1781 Art
1827 1720 1920 1780 seyn.

1571 1766 1742 1826 Wilda,
1786 1769 1841 1829 den
1878 1772 1920 1832 1.
1945 1772 2074 1832 März.

1354 1818 1428 1878 Die
1453 1817 1645 1877 Witterung
1683 1819 1744 1879 hat
1776 1819 1825 1879 sich
1864 1822 1937 1882 hier
1969 1822 2024 1882 seit
2050 1825 2174 1885 einigen
2212 1827 2316 1887 Tagen

1314 1871 1381 1931 sehr
1415 1873 1596 1933 geändert,
1626 1870 1687 1930 und
1727 1873 1778 1933 der
1818 1873 1891 1933 gute
1926 1876 2169 1936 Schlittenweg
2210 1876 2333 1936 nimmt

1310 1924 1451 1984 gänzlich
1483 1924 1544 1984 sein
1577 1924 1693 1984 Ende.
1762 1921 1817 1981 Es
1843 1925 1991 1985 kommen
2022 1927 2090 1987 hier
2116 1924 2183 1984 fast
2209 1927 2325 1987 täglich

1304 1976 1450 2036 mehrere
1495 1975 1690 2035 Magnaten
1740 1975 1799 2035 an.
1866 1978 1963 2038 Noch
2007 1978 2094 2038 weiß
2144 1978 2214 2038 man
2269 1975 2323 2035 zur

1308 2025 1380 2085 Zeit
1401 2025 1509 2085 nicht,
1536 2025 1624 2085 wenn
1655 2024 1701 2084 die
1722 2025 2070 2085 Kriegescommission
2107 2023 2158 2083 des
2184 2025 2334 2085 Herzog¬

1306 2076 1424 2136 thums
1455 2073 1610 2133 Lithauen
1647 2073 1739 2133 ihren
1776 2070 1910 2130 Anfang
1942 2073 2081 2133 nehmen
2112 2070 2221 2130 wird,
2252 2072 2334 2132 weil

1314 2123 1407 2183 beyde
1436 2124 1606 2184 Feldherrn
1640 2119 1683 2179 sich
1723 2118 1755 2178 zu
1783 2118 1855 2178 Sr.
1872 2121 2098 2181 Erlauchten,
2126 2121 2175 2181 dem
2220 2118 2330 2178 Groß¬

1312 2175 1466 2235 feldherrn
1506 2169 1633 2229 Grafen
1667 2166 1727 2226 von
1761 2166 1928 2226 Branicki
1962 2169 2161 2229 hinbegeben
2207 2169 2328 2229 haben,

1306 2223 1349 2283 um
1394 2226 1500 2286 höchst
1526 2217 1670 2277 wichtige
1702 2215 2047 2275 Berathschlagungen
2086 2220 2148 2280 mit
2180 2222 2229 2282 ihm
2286 2223 2317 2283 zu

1314 2273 1440 2333 halten.
1491 2267 1566 2327 Die
1586 2265 1706 2325 Russen
1732 2267 1832 2327 haben
1858 2269 1921 2329 uns
1947 2272 2084 2332 gänzlich
2111 2276 2280 2336 verlaßen.

1621 2363 2015 2423 AVERTISSEMENT.

1365 2412 1436 2472 Bey
1473 2411 1520 2471 dem
1576 2417 1732 2477 Verleger
1763 2420 1859 2480 dieser
1896 2423 2028 2483 Zeitung
2059 2423 2100 2483 ist
2131 2423 2161 2483 zu
2198 2423 2330 2483 haben:

1315 2465 1389 2525 Der
1419 2461 1534 2521 Mann
1569 2464 1638 2524 nach
1674 2465 1725 2525 der
1755 2470 1841 2530 Uhr,
1877 2470 1916 2530 ein
1952 2470 2125 2530 Lustspiel,
2154 2473 2218 2533 12,
2242 2474 2333 2534 765,

1314 2515 1349 2575 18
1379 2515 1432 2575 gr.
1481 2515 1551 2575 Die
1582 2515 1718 2575 Tochter
1742 2520 1795 2580 des
1820 2521 2004 2581 Aristides,
2028 2523 2069 2583 ein
2099 2524 2271 2584 Lustspiel,
2289 2526 2330 2586 8,

1326 2563 1405 2623 764,
1428 2563 1472 2623 12
1496 2563 1552 2623 gr.
1621 2568 1705 2628 Das
1734 2569 1932 2629 Mißtrauen
1961 2569 2017 2629 aus
2046 2572 2266 2632 Zärtlichkeit,
2290 2575 2328 2635 8,

1312 2616 1443 2676 Hamb.
1471 2615 1563 2675 764,
1603 2617 1643 2677 15
1683 2623 1742 2683 gr.

1816 2619 2066 2679 Shakespears
2100 2620 2323 2680 theatralische

1319 2664 1453 2724 Werke,
1479 2664 1552 2724 6ter
1584 2667 1706 2727 Band,
1732 2672 1786 2732 gr.
1799 2673 1836 2733 8,
1861 2670 1965 2730 Zürch
1991 2669 2076 2729 764,
2108 2670 2126 2730 3
2151 2670 2187 2730 fl.
2213 2670 2249 2730 18
2274 2672 2329 2732 gr.

1323 2715 1563 2775 Musicalisches
1592 2721 1777 2781 Magazin,
1798 2721 1873 2781 5tes
1902 2721 1970 2781 St.
1998 2720 2066 2780 fol.
2088 2721 2218 2781 Leipzig
2239 2724 2328 2784 764,

1320 2766 1330 2826 1
1354 2766 1393 2826 fl.
1422 2766 1462 2826 21
1491 2766 1542 2826 gr.

1312 2826 1407 2886 Diese
1432 2826 1568 2886 Gelehrte
1593 2826 1650 2886 und
1675 2829 1835 2889 Politische
1852 2824 1980 2884 Zeitung
2006 2826 2078 2886 wird
2103 2826 2150 2886 des
2175 2834 2327 2894 Montags

1423 2867 1480 2927 und
1512 2870 1656 2930 Freytags
1683 2870 1880 2930 Vormittags
1901 2866 1937 2926 um
1974 2865 1999 2925 10
2031 2867 2092 2927 Uhr
2108 2871 2134 2931 in
2155 2873 2201 2933 dem

1502 2915 1700 2975 Kanterschen
1727 2912 1904 2972 Buchladen
1931 2912 2145 2972 ausgegeben.
