2479 3508
144 338 220 398 nach
246 342 297 402 den
330 342 618 402 Wissenschaften;
650 344 713 404 nur
741 345 842 405 meine
868 342 1002 402 Armuth
1029 342 1163 402 hindert

133 389 240 449 mich,
264 391 366 451 diesen
395 389 503 449 Durst
527 391 555 451 zu
584 392 709 452 stillen.

774 392 936 452 Sogleich
966 392 1085 452 schickte
1104 389 1151 449 ihn

137 435 185 495 der
216 439 325 499 König
363 437 392 497 in
430 437 509 497 seine
540 443 729 503 Residenz,
760 443 821 503 und
852 443 907 503 ließ
944 440 1041 500 ihm,
1072 440 1163 500 nebst

138 484 221 544 einem
267 488 479 548 anstäͤndigen
508 491 704 551 Unterhalt,
727 492 782 552 von
816 492 866 552 den
895 491 990 551 besten
1024 491 1152 551 Lehrern

137 533 376 593 unterrichten.
450 540 530 600 Der
565 545 737 605 Jüngling
778 544 865 604 hatte
899 542 992 602 nun,
1019 542 1085 602 was
1126 540 1158 600 er

139 582 329 642 wünschte:
364 583 398 643 er
428 590 514 650 ward
549 595 693 655 gelehrt.

739 592 782 652 Um
838 589 892 649 das
926 592 1024 652 Ende
1058 589 1156 649 seiner

141 631 329 691 Geschichte
352 635 437 695 nicht
455 640 483 700 zu
518 643 717 703 verzöͤgern,

745 646 767 706 so
802 640 991 700 erkundigte
1020 639 1071 699 sich
1101 640 1152 700 der

138 679 215 739 gute
235 682 344 742 König
371 691 473 751 einige
494 694 609 754 Jahre
629 694 791 754 nachher,
818 691 888 751 was
915 691 978 751 aus
1012 690 1063 750 ihm
1109 690 1166 750 ge¬

147 733 275 793 worden
303 740 403 800 wäre.
452 745 546 805 Man
574 745 709 805 meldete
730 745 818 805 ihm,
839 742 892 802 daß
920 744 1014 804 dieser
1042 744 1163 804 gelehr=

1195 339 1225 399 te
1251 342 1449 402 Jüngling,
1474 344 1524 404 als
1549 342 1592 402 ein
1623 342 1729 402 Greis
1760 342 1815 402 von
1853 343 1946 403 Drey
1971 344 2033 404 und
2065 341 2207 401 zwanzig

1195 389 1357 449 Jahren,
1385 392 1514 452 nachdem
1558 392 1590 452 er
1612 389 1704 449 durch
1732 392 1943 452 übermäßige
1965 389 2197 449 Nachtwachen

1198 440 1258 500 und
1287 440 1353 500 eine
1375 440 1480 500 Reihe
1503 442 1702 502 tiefsinniger
1724 443 1984 503 Spekulationen
2013 443 2112 503 seinen
2140 440 2200 500 Leib

1195 489 1256 549 und
1284 488 1378 548 Geist
1401 488 1568 548 verzehret
1585 491 1696 551 hatte,
1730 491 1897 551 nunmehr
1925 491 1953 551 im
1998 491 2120 551 Begrif
2148 493 2209 553 sey,

1199 539 1252 599 der
1282 539 1371 599 Welt
1396 539 1448 599 den
1484 539 1633 599 Abschied
1669 541 1698 601 zu
1729 539 1853 599 geben.

1918 539 1967 599 Er
2002 542 2085 602 hatte
2125 542 2202 602 seine

1193 587 1356 647 Wünsche
1389 586 1459 646 nach
1492 586 1759 646 Gelehrsamkeit
1787 589 1868 649 nicht
1896 589 1972 649 eher
2000 592 2211 652 befriediget,

1202 638 1252 698 als
1275 637 1326 697 bis
1349 638 1377 698 er
1400 637 1450 697 für
1480 637 1530 697 die
1548 637 1643 697 Welt
1661 640 1802 700 unnütz,
1831 640 1876 700 sich
1905 638 1995 698 selbst
2019 642 2109 702 durch
2143 643 2211 703 eine

1195 688 1445 748 eingewurzelte
1468 688 1718 748 Misanthropie
1742 689 1953 749 unerträglich
1982 691 2086 751 ward.

1401 742 1487 802 (Die
1507 740 1707 800 Fortsetzung
1741 742 1827 802 folgt
1848 742 2008 802 künftig.)

388 903 578 963 Berlin,
616 909 667 969 den
705 909 777 969 26.
800 909 902 969 Jan.

192 947 269 1007 Die
300 954 451 1014 Königl.
475 957 655 1017 Akademie
687 957 741 1017 der
765 957 891 1017 schönen
935 957 1061 1017 Künste
1091 954 1151 1014 und

138 998 398 1058 Wissenschaften
433 1001 512 1061 hielt
529 1004 563 1064 am
603 1004 801 1064 verwichnen
835 1007 1044 1067 Donnerstag
1079 1004 1152 1064 ihre

138 1048 320 1108 öffentliche
349 1052 631 1112 Versammlung.
682 1054 759 1114 Sie
781 1055 876 1115 genoß
909 1057 1003 1117 dabey
1031 1055 1080 1115 der
1103 1055 1158 1115 ho¬

136 1095 192 1155 hen
221 1100 436 1160 Gegenwart
454 1103 561 1163 Ihrer
585 1104 727 1164 Königl.
745 1106 903 1166 Hoheiten
932 1106 983 1166 des
1006 1106 1148 1166 Prinzer

139 1143 200 1203 von
232 1151 423 1211 Preussen,
454 1151 531 1211 dero
557 1151 660 1211 Herrn
697 1154 877 1214 Bruders,
909 1156 960 1216 des
1002 1155 1146 1215 Prinzen

132 1196 334 1256 Heinrichs,
356 1199 409 1259 des
447 1199 670 1259 Marggrafen
708 1201 889 1261 Heinrichs
917 1204 975 1264 und
1007 1204 1060 1264 der
1087 1203 1161 1263 bey¬

135 1241 189 1301 den
217 1246 363 1306 Prinzen
396 1246 450 1306 von
478 1247 745 1307 Braunschweig
778 1252 984 1312 Hochfürstl.
1007 1252 1159 1312 Durchl.

139 1291 242 1351 ausser
268 1296 356 1356 einer
377 1295 496 1355 großen
527 1297 656 1357 Anzahl
678 1297 776 1357 vieler
802 1297 900 1357 hohen
926 1297 1164 1357 Standesper¬

138 1340 233 1400 sonen
267 1342 324 1402 und
354 1344 593 1404 einheimischen
618 1342 675 1402 und
694 1342 833 1402 fremden
858 1342 958 1402 Herrn
983 1342 1160 1402 Minister.

128 1387 207 1447 Der
233 1390 416 1450 beständige
451 1387 630 1447 Secretair
660 1384 843 1444 derselben,
869 1386 918 1446 der
948 1384 1037 1444 Herr
1068 1387 1156 1447 Pro¬

137 1434 232 1494 fessor
254 1434 424 1494 Formey,
451 1432 600 1492 eröfnete
627 1431 675 1491 die
707 1431 856 1491 Sitzung
888 1434 951 1494 mit
978 1434 1063 1494 einer
1096 1433 1148 1493 den

138 1482 333 1542 Umständen
362 1482 511 1542 gemäßen
552 1482 668 1542 Rede;
691 1482 880 1542 hiernächst
903 1485 1003 1545 zeigte
1037 1484 1064 1544 er
1099 1484 1154 1544 an,

138 1533 193 1593 daß
227 1533 277 1593 die
294 1533 505 1593 Commißion
539 1533 651 1593 welche
673 1533 723 1593 die
746 1536 924 1596 Akademie
936 1535 1158 1595 niedergesetzt

139 1584 247 1644 hatte,
277 1585 311 1645 um
352 1587 398 1647 die
422 1587 496 1647 über
519 1587 565 1647 die
589 1589 848 1649 vorgeschlagene
872 1590 1004 1650 Frage:
1022 1590 1154 1650 Welche
1190 1587 1304 1647 Livres
1329 1590 1460 1650 jährlich
1490 1590 1617 1650 erheben
1652 1593 1795 1653 können.

139 1637 308 1697 Struktur
338 1637 389 1697 der
412 1637 622 1697 Stubenöfen
652 1640 685 1700 zu
714 1642 765 1702 der
788 1641 981 1701 Ersparung
1005 1640 1055 1700 des
1079 1642 1163 1702 Hol=

130 1691 188 1751 zes
212 1691 246 1751 am
293 1691 595 1751 vortheilhaftesten
625 1691 700 1751 sey?
730 1694 968 1754 eingeschickten
1004 1694 1160 1754 Abhand¬

135 1741 251 1801 lungen
285 1742 312 1802 zu
341 1745 569 1805 untersuchen,
591 1745 646 1805 den
680 1745 791 1805 Preiß
825 1745 880 1805 für
908 1747 1003 1807 Nro.
1020 1747 1058 1807 2.
1087 1747 1164 1807 wel¬

132 1788 204 1848 ches
227 1793 282 1853 zur
304 1795 432 1855 Devise
449 1796 560 1856 hatte:
594 1796 699 1856 Nihil
717 1794 760 1854 est
783 1794 810 1854 in
839 1796 1033 1856 intellectu,
1067 1796 1149 1856 quod

138 1838 196 1898 non
224 1842 315 1902 antea
338 1843 440 1903 fuerit
462 1843 483 1903 in
516 1843 624 1903 sensu,
646 1846 813 1906 bestimmt
835 1846 932 1906 habe.
981 1848 1072 1908 Nach
1100 1848 1159 1908 Er=
1186 1846 1332 1906 zweenen
1365 1845 1656 1905 Duodezbänden,
1673 1846 1699 1906 zu
1727 1845 1953 1905 überreichen.

129 1888 257 1948 öfnung
289 1891 348 1951 des
381 1891 589 1951 versiegelten
627 1894 755 1954 Billets
782 1897 857 1957 fand
895 1894 969 1954 sich,
1002 1894 1060 1954 daß
1103 1897 1156 1957 der

135 1936 221 1996 Herr
244 1939 386 1999 Johann
419 1939 516 1999 Paul
539 1942 713 2002 Baumer,
741 1942 921 2002 Mediciná
949 1939 1063 1999 Doct.
1091 1944 1150 2004 und

143 1988 301 2048 Mitglied
330 1990 381 2050 der
405 1990 613 2050 Churfürstl.
631 1990 852 2050 Mainzischen
892 1990 1085 2050 Akademie,
1114 1995 1147 2055 zu

136 2040 260 2100 Erfurt
272 2040 464 2100 wohnhaft,
488 2043 624 2103 selbigen
653 2040 817 2100 erhalten.
869 2040 959 2100 Man
988 2037 1067 2097 wird
1090 2040 1158 2100 die¬

140 2093 168 2153 se
191 2091 332 2151 Schrift
355 2091 439 2151 nebst
468 2095 542 2155 noch
576 2094 683 2154 zwoen
718 2094 859 2154 andern,
893 2091 1006 2151 welche
1029 2091 1079 2151 ihr
1103 2090 1136 2150 am

136 2140 275 2200 nächsten
305 2145 513 2205 gekommen,
537 2145 629 2205 durch
666 2145 723 2205 den
764 2144 874 2204 Druck
904 2143 956 2203 dem
1003 2144 1147 2204 Publice

138 2190 170 2250 in
197 2192 245 2252 die
268 2193 387 2253 Hande
414 2194 550 2254 liefern.
622 2196 713 2256 Herr
741 2196 914 2256 Lambert,
937 2196 1072 2256 welcher
1100 2196 1159 2256 auf

139 2242 411 2302 allergnädigsten
441 2243 571 2303 Befehl
595 2243 666 2303 Sr.
690 2246 784 2306 Maj.
809 2246 861 2306 des
886 2249 1039 2309 Königs,
1058 2248 1086 2308 zu
1117 2248 1163 2308 ei¬

135 2286 190 2346 nem
235 2291 445 2351 ordentlichen
485 2292 645 2352 Mitglied
668 2294 723 2354 der
746 2295 923 2355 physischen
963 2300 1067 2360 Classe
1090 2299 1162 2359 auf¬

133 2339 324 2399 genommen
360 2340 516 2400 worden,
558 2342 645 2402 hielt
675 2345 855 2405 hiernächst
890 2348 971 2408 seine
1007 2345 1157 2405 Aufneh¬

139 2387 360 2447 mungsrede,
384 2390 446 2450 auf
475 2391 588 2451 welche
617 2393 668 2453 der
691 2396 782 2456 Herr
811 2396 987 2456 Professor
1011 2399 1152 2459 Formey

140 2435 356 2495 antwortete,
383 2437 441 2497 und
473 2437 520 2497 die
553 2442 695 2502 Sitzung
733 2445 822 2505 durch
860 2446 1039 2506 Herlesung
1066 2446 1150 2506 eines

136 2485 237 2545 Lobes
272 2483 328 2543 auf
357 2486 408 2546 den
442 2491 669 2551 verstorbenen
698 2495 800 2555 Herrn
835 2497 891 2557 von
925 2497 1158 2557 Premontval

134 2536 287 2596 endigte.

390 2587 598 2647 Stettin,
626 2590 688 2650 den
723 2592 785 2652 21.
814 2596 903 2656 Jan.

186 2641 235 2701 Im
279 2635 477 2695 verwichnen
509 2638 595 2698 Jahr
620 2638 682 2698 sind
708 2641 738 2701 in
763 2642 843 2702 ganz
862 2645 1036 2705 Preußisch
1061 2646 1166 2706 Pom=

131 2687 216 2747 mern
249 2688 306 2748 und
334 2688 360 2748 in
398 2687 493 2747 denen
531 2688 620 2748 unter
659 2690 712 2750 das
744 2691 935 2751 Caminsche
957 2694 1084 2754 Gebiet
1111 2694 1159 2754 ge¬

135 2785 188 2845 der
211 2787 373 2847 geboren,
396 2790 460 2850 und
483 2790 574 2850 7479
602 2790 765 2850 Personen
792 2793 982 2853 gestorben.
1016 2793 1064 2853 Es
1091 2796 1150 2856 sind

132 2838 193 2898 also
221 2838 282 2898 fast
300 2839 372 2899 noch
406 2841 529 2901 einmal
546 2841 646 2901 soviel
663 2841 797 2901 geboren
831 2841 875 2901 als
898 2844 1088 2904 gestorben.

425 2889 579 2949 Haag,
603 2894 656 2954 den
693 2891 733 2951 8.
764 2891 858 2951 Jan.

186 2934 239 2994 Am
276 2939 474 2999 verwichnen
505 2945 721 3005 Sonnabend
739 2942 817 3002 ging
842 2945 895 3005 der
920 2947 1070 3007 General
1101 2947 1148 3007 der

1193 906 1397 966 Cavallerie,
1420 906 1570 966 Oberster
1604 906 1692 966 eines
1726 906 2108 966 Infanterieregiments
2142 902 2202 962 und

1195 954 1374 1014 Präsident
1396 957 1450 1017 des
1467 957 1564 1017 hohen
1592 957 1809 1017 Kriegsraths
1837 955 1885 1015 der
1902 957 1966 1017 Hr.
1983 957 2037 1017 von
2059 954 2211 1014 Kinschot

1193 1004 1220 1064 im
1259 1006 1364 1066 77sten
1398 1005 1486 1065 Jahr
1509 1006 1609 1066 seines
1637 1007 1747 1067 Alters
1770 1004 1831 1064 mit
1853 1001 1941 1061 Tode
1964 1004 2019 1064 ab.
2098 998 2147 1058 Er
2175 1001 2213 1061 ist

1184 1052 1237 1112 der
1264 1052 1338 1112 10te
1366 1055 1530 1115 General,
1552 1055 1599 1115 den
1632 1055 1722 1115 unsre
1738 1055 1903 1115 Republik
1925 1052 2094 1112 innerhalb
2122 1053 2212 1113 Jah¬

1190 1103 1321 1163 resfrist
1343 1105 1490 1165 verliert.
1527 1103 1748 1163 Vermuthlich
1780 1104 1880 1164 dürfte
1902 1101 1954 1161 der
1976 1103 2212 1163 Generallieu¬

1189 1154 1308 1214 tenant
1336 1152 1389 1212 von
1422 1154 1574 1214 Evertsen
1607 1156 1666 1216 sein
1699 1155 1905 1215 Nachfolger
1933 1152 1959 1212 in
1998 1154 2051 1214 der
2073 1154 2213 1214 Kriegs¬

1188 1204 1588 1264 rathspräsidentenstelle
1611 1204 1757 1264 werden.

1470 1252 1642 1312 Paris,
1676 1255 1728 1315 den
1763 1256 1808 1316 8.
1838 1255 1929 1315 Jan.

1239 1302 1334 1362 Nach
1372 1301 1419 1361 dem
1468 1303 1564 1363 neuen
1601 1305 1745 1365 Königl.
1764 1303 1860 1363 Edict
1891 1300 1951 1360 von
1976 1302 2127 1362 Tilgung
2158 1299 2211 1359 der

1191 1346 1362 1406 Schulden
1392 1348 1441 1408 des
1471 1351 1603 1411 Staats
1628 1351 1730 1411 sollten
1765 1348 1809 1408 die
1834 1351 2113 1411 Generalpächter
2148 1349 2197 1409 den

1186 1389 1357 1449 Zehenden
1382 1390 1472 1450 ihrer
1497 1393 1621 1453 Renten
1650 1396 1764 1456 geben.
1818 1396 1889 1456 Sie
1914 1396 2009 1456 haben
2043 1396 2114 1456 aber
2139 1396 2195 1456 nun

1187 1434 1357 1494 erhalten,
1388 1436 1443 1496 daß
1469 1437 1554 1497 jeder
1580 1437 1634 1497 von
1660 1440 1756 1500 ihnen
1782 1438 1917 1498 jährlich
1943 1437 2058 1497 16000
2089 1440 2199 1500 Livres

1184 1482 1374 1542 überhaupt
1396 1485 1442 1545 als
1468 1485 1509 1545 ein
1540 1488 1777 1548 Abonnement
1793 1488 1906 1548 giebt,
1938 1488 1999 1548 und
2031 1488 2113 1548 wird
2140 1488 2201 1548 also

1189 1536 1242 1596 der
1266 1536 1372 1596 König
1402 1536 1455 1596 von
1485 1536 1585 1596 dieser
1610 1539 1822 1599 Gesellschaft
1841 1539 2024 1599 zusammen
2054 1541 2195 1601 960000

1403 1643 1684 1703 Versailles,
1715 1646 1774 1706 den
1811 1646 1869 1706 10.
1901 1643 1995 1703 Jan.

1235 1691 1313 1751 Den
1331 1694 1398 1754 6ten
1433 1694 1523 1754 dieses
1552 1697 1637 1757 hatte
1660 1697 1711 1757 der
1729 1697 1836 1757 Ritter
1865 1696 2023 1756 d'Origny
2053 1694 2097 1754 die
2115 1692 2211 1752 Gna=

1184 1745 1215 1805 de
1241 1745 1292 1805 dem
1340 1745 1469 1805 Könige
1490 1746 1536 1806 ein
1563 1748 1661 1808 neues
1687 1742 1785 1802 Werk
1812 1742 1868 1802 von
1900 1742 1998 1802 seiner
2025 1745 2138 1805 Arbeit
2160 1741 2206 1801 be¬

1186 1796 1309 1856 tittelt:
1333 1796 1407 1856 Die
1430 1796 1662 1856 Zeitrechnung
1691 1796 1742 1856 der
1765 1793 1975 1853 Egyptischen
2004 1795 2145 1855 Könige,
2169 1793 2196 1853 in

1456 1894 1667 1954 London,
1700 1897 1759 1957 den
1792 1894 1830 1954 5.
1863 1894 1955 1954 Jan.

1239 1942 1324 2002 Eine
1347 1940 1476 2000 gewisse
1499 1942 1661 2002 Herzogin
1689 1942 1808 2002 machte
1835 1942 1894 2002 vor
1922 1942 2051 2002 einigen
2085 1942 2193 2002 Tagen

1187 1987 1224 2047 an
1256 1989 1303 2049 der
1325 1988 1467 2048 Königin
1500 1992 1599 2052 Maj.
1621 1990 1663 2050 ein
1701 1990 1849 2050 Präsent
1876 1990 1939 2050 mit
1966 1989 2050 2049 einer
2082 1990 2193 2050 seltnen

1187 2037 1297 2097 Ober=
1322 2037 1382 2097 und
1408 2037 1609 2097 Untertasse,
1639 2037 1674 2097 an
1710 2037 1840 2097 welchen
1876 2037 2076 2097 verschiedne
2107 2037 2207 2097 bibli¬

1193 2088 1254 2148 sche
1272 2088 1520 2148 Vorstellungen
1549 2089 1639 2149 durch
1679 2087 1730 2147 die
1753 2085 1985 2145 vortreflichste
2014 2088 2194 2148 Mahlerey

1187 2139 1407 2199 angebracht
1432 2140 1530 2200 sind.

1573 2139 1697 2199 Dieses
1732 2138 1896 2198 Geschenk
1931 2136 2010 2196 wird
2045 2138 2101 2198 auf
2130 2138 2191 2198 300

1193 2190 1346 2250 Guineen
1369 2190 1539 2250 geschätzt.
1585 2190 1647 2250 Ein
1687 2190 1817 2250 hiesiger
1852 2190 2010 2250 Bürger,
2039 2190 2197 2250 Namens

1189 2242 1284 2302 John
1313 2240 1437 2300 Dowe,
1467 2240 1523 2300 hat
1546 2240 1613 2300 eine
1637 2243 1715 2303 neue
1739 2240 1908 2300 künstliche
1932 2240 2113 2300 Methode,
2136 2239 2192 2299 das

1193 2294 1397 2354 Salzwasser
1431 2294 1574 2354 gänzlich
1613 2293 1662 2353 süß
1707 2294 1767 2354 und
1801 2291 1966 2351 trinckbar
1994 2288 2027 2348 zu
2061 2288 2204 2348 machen,

1189 2342 1369 2402 erfunden.
1421 2341 1467 2401 Er
1499 2342 1560 2402 hat
1576 2342 1648 2402 auch
1685 2342 1803 2402 bereits
1840 2339 1891 2399 bey
1923 2338 1974 2398 dem
2021 2336 2206 2396 Staatsse¬

1192 2393 1330 2453 cretair,
1346 2393 1474 2453 Grafen
1500 2393 1556 2453 von
1598 2393 1762 2453 Egmont,
1793 2390 1880 2450 einen
1922 2387 2055 2447 Versuch
2092 2387 2199 2447 damit

1195 2443 1362 2503 angestellt
1384 2443 1443 2503 und
1470 2441 1562 2501 dessen
1601 2443 1740 2503 Beyfall
1768 2439 1930 2499 erhalten.
1990 2435 2038 2495 Es
2061 2435 2098 2495 ist
2120 2435 2190 2495 auch

1192 2492 1239 2552 ein
1271 2491 1408 2551 Project
1430 2491 1482 2551 auf
1503 2493 1556 2553 dem
1598 2491 1724 2551 Tapet,
1746 2490 1793 2550 die
1820 2485 2062 2545 Steinkohlen,
2084 2485 2199 2545 welche

1192 2542 1307 2602 bisher
1334 2542 1450 2602 immer
1482 2542 1629 2602 gemessen
1672 2539 1798 2599 worden
1836 2536 1925 2596 sind,
1962 2533 2088 2593 künftig
2120 2535 2188 2595 nach

1187 2593 1244 2653 dem
1293 2590 1462 2650 Gewichte
1489 2592 1520 2652 zu
1558 2590 1760 2650 verkaufen,
1792 2586 1850 2646 und
1883 2583 1935 2643 der
1967 2581 2110 2641 Königl.
2127 2587 2206 2647 So=

1198 2642 1294 2702 cietät
1312 2641 1345 2701 ist
1368 2641 1413 2701 ein
1447 2641 1633 2701 künstlicher
1662 2637 1763 2697 Abriß
1792 2632 1877 2692 einer
1911 2634 2193 2694 Hydrostatischen

1196 2689 1392 2749 Maschine,
1427 2688 1478 2748 die
1502 2688 1525 2748 in
1555 2687 1641 2747 einer
1659 2684 1803 2744 Minute
1827 2681 1861 2741 30
1891 2685 2040 2745 Gallons
2071 2688 2197 2748 Wasser

140 2736 269 2796 hörigen
304 2736 501 2796 Ländereyen
541 2739 630 2799 4551
654 2739 743 2799 Paar
767 2742 912 2802 getraut,
936 2745 1048 2805 14236
1077 2745 1155 2805 Kin=
1196 2741 1370 2801 auswirft,
1399 2736 1567 2796 vorgelegt
1585 2734 1731 2794 worden.
1782 2731 1872 2791 Man
1901 2733 1940 2793 ist
1957 2733 1979 2793 im
2025 2736 2148 2796 Begrif
2166 2738 2194 2798 in

1195 2793 1246 2853 den
1275 2788 1484 2848 irländischen
1513 2784 1614 2844 Häfen
1643 2784 1699 2844 zur
1717 2782 1925 2842 Niederlage
1954 2787 2197 2847 verunglückter

1195 2838 1443 2898 Schiffsgüter,
1466 2835 1655 2895 Magazine
1677 2835 1878 2895 anzulegen,
1911 2838 2019 2898 wobey
2053 2838 2117 2898 man
2150 2838 2198 2898 sich

1193 2891 1229 2951 10
1267 2888 1319 2948 pro
1346 2888 1430 2948 Cent
1452 2885 1504 2945 von
1532 2882 1700 2942 gedachten
1728 2886 1859 2946 Gutern
1892 2885 1939 2945 für
1961 2885 2008 2945 die
2040 2885 2193 2945 Unkosten

1191 2940 1411 3000 ausbedingt.
1457 2934 1677 2994 Verschiedne
1701 2939 1876 2999 bemittelte
1900 2936 2069 2996 Personen
2098 2936 2193 2996 haben

2150 3007 2211 3030 sich
