2479 3508
647 1622 771 1682 20tes
803 1622 951 1682 Stück.
1007 1623 1210 1683 Montag,
1243 1622 1304 1682 den
1352 1622 1430 1682 11.
1470 1622 1610 1682 März,
1651 1622 1798 1682 1765.

188 1692 303 1752 Die
323 1705 600 1765 Geschicklichkeit
620 1706 684 1766 und
711 1706 768 1766 das
795 1706 903 1766 Genie
937 1709 1000 1769 sind
1027 1710 1116 1770 nicht
1143 1706 1207 1766 im¬

178 1802 374 1862 kündigen,
407 1805 470 1865 und
508 1805 587 1865 viele
620 1806 693 1866 gute
720 1811 858 1871 Früchte
885 1811 938 1871 des
970 1808 1092 1868 Witzes
1124 1811 1182 1871 ode

176 1850 228 1910 der
249 1851 395 1911 Einsicht
416 1849 536 1909 bleiben
568 1854 777 1914 verborgen,
809 1857 887 1917 weil
914 1858 950 1918 sie
982 1858 1065 1918 keine
1092 1858 1206 1918 Anrei¬

186 1901 263 1961 zung
295 1900 434 1960 finden,
455 1900 506 1960 sich
538 1903 786 1963 mitzutheilen.
849 1906 895 1966 Um
942 1906 1107 1966 deswillen
1144 1906 1201 1966 hat

185 1948 255 2008 man
288 1948 337 2008 sich
365 1948 424 2008 seit
441 1951 549 2011 langer
577 1951 648 2011 Zeit
670 1951 718 2011 der
752 1952 948 2012 öffentlichen
976 1954 1101 2014 Fragen
1139 1954 1198 2014 und

182 1999 350 2059 Aufgaben
384 2001 443 2061 mit
465 2001 514 2061 dem
553 2002 650 2062 besten
678 2000 814 2060 Erfolge
836 2005 988 2065 bedient,
1011 2002 1119 2062 damit
1136 2002 1201 2062 die=
1229 1993 1381 2053 werden.

186 2049 308 2109 jenige,
332 2049 449 2109 welche
473 2049 542 2109 eine
566 2052 588 2112 in
618 2052 746 2112 gewisse
770 2055 939 2115 Materien
963 2052 1202 2112 einschlagende

182 2146 230 2206 laß
264 2151 439 2211 nähmen,
472 2154 509 2214 sie
544 2154 570 2214 zu
609 2157 773 2217 vollenden
812 2158 872 2218 und
905 2157 1047 2217 bekannt
1075 2154 1107 2214 zu
1141 2154 1206 2214 ma¬

177 2196 273 2256 chen.
325 2196 399 2256 Der
422 2199 582 2259 Verleger
606 2203 703 2263 dieser
726 2208 891 2268 Zeitung,
914 2208 1046 2268 welcher
1069 2208 1120 2268 den
1149 2205 1205 2265 An¬

193 2246 294 2306 schlag
331 2246 445 2306 gefaßt
476 2246 566 2306 hat,
602 2252 704 2312 etwas
747 2255 915 2315 ähnliches
953 2258 982 2318 zu
1025 2255 1205 2315 versuchen,

192 2291 302 2351 würde
325 2294 374 2354 sich
403 2294 491 2354 selbst
514 2297 719 2357 verkennen,
742 2303 830 2363 wenn
859 2306 891 2366 er
914 2307 1047 2367 glaubte
1076 2306 1103 2366 im
1142 2303 1214 2363 Be¬

190 2339 259 2399 sitze
288 2342 317 2402 zu
346 2342 444 2402 seyn,
479 2342 548 2402 eine
578 2344 635 2404 den
671 2352 861 2412 Talenten,
891 2356 937 2416 die
972 2357 1000 2417 er
1036 2357 1070 2417 zu
1099 2354 1197 2414 reizen

190 2390 298 2450 sucht,
331 2390 472 2450 gemäße
500 2393 705 2453 Belohnung
744 2402 814 2462 oder
847 2405 939 2465 Ehre
967 2405 1129 2465 darbieten
1168 2404 1200 2464 zu

190 2435 334 2495 können.
401 2437 512 2497 Allein
547 2441 613 2501 da,
636 2443 707 2503 was
747 2448 796 2508 die
830 2452 941 2512 erstere
975 2455 1114 2515 betrift,
1148 2455 1202 2515 das

190 2484 309 2544 Geld,
332 2485 365 2545 ob
400 2485 434 2545 es
463 2487 559 2547 gleich
599 2489 655 2549 das
679 2493 787 2553 Maaß
822 2498 878 2558 von
918 2503 969 2563 dem
1009 2503 1151 2563 Werthe
1180 2500 1202 2560 so

194 2536 294 2596 vieler
320 2536 433 2596 Dinge
453 2536 509 2596 ist,
529 2539 698 2599 schwerlich
731 2544 818 2604 gegen
850 2551 1021 2611 Weisheit
1040 2554 1115 2614 kann
1147 2551 1197 2611 auf

195 2587 342 2647 gewogen
371 2587 524 2647 werden,
547 2587 609 2647 und
638 2590 683 2650 die
707 2595 934 2655 Wissenschaft
951 2602 1042 2662 wohl
1065 2603 1098 2663 zu
1128 2602 1201 2662 allen

190 2638 295 2698 Zeiten
329 2638 424 2698 unter
447 2638 524 2698 allen
553 2638 766 2698 Verdiensten
794 2642 827 2702 am
867 2649 1040 2709 wenigsten
1068 2649 1213 2709 einträg=

198 2685 248 2745 lich
277 2688 413 2748 gewesen
442 2688 499 2748 ist,
522 2688 556 2748 da
590 2687 721 2747 ferner,
750 2688 772 2748 in
813 2697 983 2757 Ansehung
1018 2700 1068 2760 des
1097 2700 1216 2760 rühm¬

190 2735 286 2795 lichen
321 2736 509 2796 Beyfalls,
545 2738 596 2798 ein
631 2736 790 2796 einzelner
825 2745 1013 2805 Ausspruch
1043 2748 1111 2808 doch
1146 2751 1213 2811 nie¬

197 2784 280 2844 mals
314 2787 370 2847 vor
398 2787 448 2847 den
488 2785 599 2845 Werth
639 2787 722 2847 einer
750 2787 889 2847 Schrift
924 2796 1119 2856 entschieden
1164 2799 1214 2859 ist,

204 2835 266 2895 und
292 2835 406 2895 welche
427 2836 556 2896 Richter
582 2838 608 2898 es
634 2838 706 2898 auch
738 2838 804 2898 seyn
831 2839 975 2899 mögen,
1007 2847 1064 2907 das
1090 2849 1224 2909 Endur¬

203 2885 286 2945 theil
312 2888 370 2948 dem
416 2888 590 2948 Publikum
643 2888 752 2948 zuletzt
779 2890 953 2950 überlaßen
1005 2897 1140 2957 bleibt:
1186 2897 1211 2957 so

1232 1706 1433 1766 schmeichelt
1453 1703 1498 1763 sich
1525 1703 1577 1763 der
1604 1700 1779 1760 Verleger,
1799 1698 1857 1758 das
1884 1694 2014 1754 Urtheil
2035 1694 2119 1754 eines
2145 1691 2255 1751 Man¬

180 1750 365 1810 mer
402 1757 465 1817 mit
487 1757 537 1817 der
566 1759 731 1819 Neigung
760 1763 981 1823 verbunden,
1011 1763 1067 1823 sich
1097 1761 1203 1821 anzu=
1233 1760 1318 1820 nes,
1348 1757 1411 1817 von
1448 1754 1612 1814 allgemein
1656 1750 1892 1810 zugestandner
1921 1745 2149 1805 Wissenschaft
2179 1739 2242 1799 und

1233 1805 1400 1865 Einsicht,
1430 1805 1563 1865 welcher
1598 1802 1626 1862 es
1662 1798 1783 1858 gütigst
1813 1796 2050 1856 übernommen
2085 1790 2166 1850 hat,
2190 1789 2241 1849 den

1232 1855 1421 1915 Ausspruch
1453 1852 1491 1912 zu
1523 1849 1642 1909 thun,
1693 1844 1800 1904 werde
1832 1843 1876 1903 als
1921 1843 1964 1903 ein
2002 1840 2160 1900 Vorspiel
2192 1836 2248 1896 des

1230 1902 1431 1962 öffentlichen
1467 1897 1656 1957 Beyfalls,
1698 1893 1762 1953 und
1792 1893 1839 1953 als
1876 1891 1916 1951 ein
1952 1890 2034 1950 nicht
2065 1888 2253 1948 unrühmli¬

1232 1948 1301 2008 ches
1337 1948 1553 2008 Kennzeichen
1603 1945 1651 2005 der
1680 1942 1958 2002 Geschicklichkeit
1987 1939 2238 1999 aufgenommen

1276 2045 1344 2105 Die
1369 2040 1561 2100 Aufgaben,
1574 2040 1692 2100 welche
1718 2037 1773 2097 von
1798 2034 1873 2094 Zeit
1892 2033 1922 2093 zu
1948 2033 2015 2093 Zeit
2035 2031 2090 2091 zum
2135 2028 2252 2088 Preise

194 2098 335 2158 Einsicht
356 2101 531 2161 vorzüglich
559 2103 585 2163 zu
613 2106 734 2166 besitzen
769 2106 965 2166 glaubeten,
993 2105 1113 2165 daraus
1141 2100 1208 2160 An=
1236 2094 1418 2154 aufgestellt
1439 2091 1588 2151 werden,
1609 2088 1696 2148 sollen
1730 2085 1797 2145 sehr
1818 2082 2047 2142 abgesonderte
2069 2082 2237 2142 Materien

1234 2148 1410 2208 betreffen,
1438 2145 1526 2205 deren
1554 2139 1696 2199 Umfang
1731 2139 1791 2199 nur
1819 2133 1900 2193 klein
1928 2132 1989 2192 ist,
2017 2133 2077 2193 und
2112 2133 2159 2193 die
2187 2133 2247 2193 Ab¬

1238 2199 1473 2259 handlungen,
1506 2196 1531 2256 in
1570 2193 1742 2253 Ansehung
1781 2188 1870 2248 deren
1909 2185 2017 2245 Kürze
2050 2184 2119 2244 oder
2145 2182 2234 2242 deren

1232 2248 1517 2308 Weitläuftigkeit
1543 2246 1616 2306 man
1654 2241 1753 2301 nichts
1784 2237 2002 2297 vorschreibt,
2033 2234 2157 2294 werden
2189 2231 2250 2291 wie

1234 2302 1323 2362 sonst
1349 2297 1579 2357 gewöhnlich,
1611 2296 1675 2356 mit
1701 2294 1783 2354 einer
1810 2289 1937 2349 Devise
1963 2285 2160 2345 bezeichnet,
2200 2282 2250 2342 die

1237 2351 1372 2411 zugleich
1403 2348 1458 2408 auf
1490 2345 1575 2405 einem
1619 2345 1816 2405 versiegelten
1854 2339 1976 2399 Zettel,
2002 2336 2056 2396 der
2088 2333 2136 2393 den
2174 2330 2247 2390 Na¬

1234 2399 1301 2459 men
1339 2398 1394 2458 des
1426 2393 1618 2453 Verfassers
1650 2393 1804 2453 enthält,
1836 2387 2003 2447 befindlich
2041 2380 2108 2440 seyn
2152 2378 2251 2438 muß,

1239 2448 1298 2508 und
1322 2447 1357 2507 an
1393 2446 1446 2506 den
1476 2443 1636 2503 Verleger
1666 2443 1719 2503 der
1750 2439 1886 2499 Zeitung
1916 2432 2117 2492 eingesandt.
2171 2423 2241 2483 Vor

1244 2499 1311 2559 jetzo
1342 2496 1396 2556 sind
1422 2494 1470 2554 die
1496 2494 1698 2554 Aufgaben,
1729 2490 1815 2550 deren
1853 2482 1926 2542 eine
1951 2479 2019 2539 jede
2050 2475 2111 2535 mit
2142 2473 2227 2533 einem

1244 2548 1358 2608 Preise
1379 2542 1436 2602 von
1469 2542 1571 2602 zwoen
1597 2542 1731 2602 goldnen
1758 2536 1853 2596 Peter
1873 2529 2033 2589 Imperial
2053 2527 2103 2587 vor
2131 2527 2174 2587 die
2207 2528 2258 2588 be=

1239 2603 1282 2663 ste
1297 2597 1479 2657 Auflösung
1509 2593 1656 2653 begleitet
1671 2590 1729 2650 ist,
1751 2584 1926 2644 folgende:

1616 2649 1712 2709 Die
1751 2642 1869 2702 erste.

1288 2709 1395 2769 Wenn
1426 2706 1533 2766 irgend
1557 2706 1579 2766 in
1612 2705 1695 2765 einem
1734 2697 1841 2757 Lande
1865 2697 1925 2757 eine
1950 2697 2264 2757 Nationalfaulheit

1238 2772 1468 2832 eingewurzelt
1488 2768 1540 2828 ist,
1560 2766 1586 2826 zu
1613 2763 1737 2823 finden,
1758 2757 1869 2817 welche
1897 2757 1942 2817 die
1962 2760 2119 2820 Ursachen
2146 2757 2244 2817 davon

1249 2835 1314 2895 seyn
1344 2832 1481 2892 können,
1503 2827 1561 2887 und
1592 2823 1700 2883 welche
1722 2820 1991 2880 Aufmunterung
2014 2823 2086 2883 oder
2108 2817 2246 2877 Zwangs

1242 2897 1344 2957 mittel
1366 2893 1502 2953 dagegen
1530 2888 1632 2948 etwas
1661 2888 1852 2948 verschlagen
1887 2888 2044 2948 möchten.

2165 2924 2263 2984 Die
