2479 3508
202 335 401 395 arianischer
436 330 600 390 Prediger
635 329 663 389 in
704 329 789 389 einer
830 330 1017 390 Englischen
1064 332 1228 392 Monats¬

219 383 343 443 schrift,
371 380 425 440 daß
463 379 511 439 die
539 377 636 437 Lehre
669 380 722 440 von
762 377 810 437 der
837 380 1097 440 Dreyeinigkeit
1130 380 1227 440 daran

221 431 351 491 Schuld
374 431 435 491 ist,
464 428 548 488 wenn
583 428 712 488 Juden,
736 431 1046 491 Muhammedaner
1069 428 1125 488 und
1148 430 1238 490 Hey=

219 479 272 539 den
316 479 402 539 nicht
429 479 482 539 zum
537 479 677 539 Christl.
705 479 861 539 Glauben
905 481 1056 541 gebracht
1089 479 1234 539 werden.

218 527 334 587 Sonst
356 530 456 590 wissen
489 530 546 590 wir
574 530 679 590 nicht,
706 530 738 590 ob
765 530 875 590 irgend
903 530 981 590 neue
1003 530 1230 590 Erklärungen

216 579 487 639 moralischer
520 580 787 640 Schriftsteller,
815 580 852 640 sie
874 580 983 640 mögen
1010 580 1037 640 so
1065 578 1233 638 besonders

222 628 322 688 seyn,
344 630 391 690 als
423 628 460 688 sie
481 629 619 689 wollen,
646 631 741 691 denen
773 628 900 688 Heyden
932 628 990 688 und
1018 628 1245 688 Muhamme¬

223 679 338 739 danern
372 679 515 739 anstößig
549 679 615 739 seyn
649 679 798 739 können;
837 679 1036 739 wenigstens
1076 679 1130 739 hat
1159 679 1230 739 noch

220 729 319 789 keiner
342 730 397 790 von
431 730 524 790 ihnen
564 728 641 788 über
669 729 763 789 unsre
786 727 924 787 Christl.
947 728 1068 788 Moral
1091 727 1235 787 geklagt.

218 776 295 836 Der
321 780 394 840 Hr.
415 778 466 838 D.
493 777 570 837 wird
602 778 638 838 am
685 778 783 838 besten
820 775 955 835 wissen,
981 778 1048 838 was
1085 778 1136 838 für
1168 778 1235 838 eine

216 828 497 888 Glaubenslehre
519 826 577 886 aus
604 825 721 885 bisher
743 825 896 885 erklärten
924 825 1168 885 Schriftstellen
1205 823 1237 883 er

218 879 393 939 gemeynet
414 877 515 937 habe.
573 875 663 935 Was
696 875 774 935 sonst
796 876 907 936 weiter
929 876 955 936 in
982 878 1077 938 diesem
1120 876 1156 936 §.
1178 873 1230 933 von

219 928 268 988 den
301 927 524 987 Meynungen
558 924 617 984 und
645 926 830 986 Charakter
853 926 901 986 des
929 927 978 987 H.
995 926 1234 986 Augustins

222 978 428 1038 vorkommt,
454 977 526 1037 gibt
547 975 609 1035 uns
635 975 702 1035 eine
723 977 950 1037 Vermuthung
976 975 1033 1035 von
1064 975 1110 1035 der
1131 972 1239 1032 beson¬

221 1028 295 1088 dern
322 1028 406 1088 Art,
433 1028 491 1088 wie
518 1025 571 1085 der
593 1025 661 1085 Hr.
677 1025 724 1085 D.
741 1025 793 1085 den
826 1025 926 1085 Brief
948 1025 979 1085 an
1017 1022 1069 1082 die
1097 1021 1239 1081 Galater

215 1077 349 1137 erklären
381 1076 485 1136 wird,
511 1076 542 1136 da
574 1075 745 1135 besonders
772 1073 818 1133 die
840 1073 938 1133 Lehre
959 1070 1016 1130 von
1048 1070 1099 1130 der
1121 1068 1240 1128 Recht¬

227 1127 386 1187 fertigung
413 1124 469 1184 und
495 1124 551 1184 von
583 1123 634 1183 den
666 1122 800 1182 Kräften
831 1121 882 1181 des
909 1119 1084 1179 Menschen
1121 1118 1244 1178 gewal¬

219 1174 285 1234 tige
311 1169 599 1229 Erschütterungen
630 1171 727 1231 leiden
759 1166 892 1226 könnte.
954 1168 1031 1228 Bey
1063 1169 1108 1229 dem
1155 1166 1185 1226 3.
1207 1166 1242 1226 §.

221 1219 265 1279 wo
290 1219 339 1279 der
365 1219 434 1279 Hr.
449 1217 493 1277 D.
519 1216 558 1276 ein
588 1216 672 1276 recht
692 1215 850 1275 frommes
880 1213 1053 1273 Mitleiden
1088 1213 1153 1273 mit
1173 1210 1222 1270 dem

213 1269 415 1329 arianischen
442 1264 644 1324 Wetstein
682 1263 741 1323 und
768 1261 869 1321 seinem
912 1263 1082 1323 Schicksal
1104 1261 1130 1321 zu
1163 1261 1248 1321 Ba¬

217 1322 279 1382 sel
302 1318 444 1378 äußert,
467 1315 586 1375 scheint
604 1315 632 1375 es
661 1315 752 1375 wohl
769 1312 831 1372 nur
855 1315 973 1375 darauf
1003 1313 1173 1373 angesehen
1202 1311 1229 1371 zu

217 1369 316 1429 seyn,
345 1369 400 1429 daß
428 1369 483 1429 der
501 1368 572 1428 Hr.
584 1366 633 1426 D.
651 1366 678 1426 in
712 1366 761 1426 der
790 1366 906 1426 zwoten
940 1366 1151 1426 Anmerkung
1190 1365 1234 1425 die

216 1421 383 1481 bisherige
411 1417 712 1477 Beschuldigung,
746 1418 796 1478 als
830 1416 919 1476 wenn
953 1416 986 1476 er
1015 1418 1059 1478 ein
1093 1416 1232 1476 Arianer

212 1470 284 1530 oder
316 1471 529 1531 Socinianer
560 1470 638 1530 oder
669 1468 877 1528 Pelagianer
909 1470 981 1530 sey,
1013 1470 1080 1530 mit
1102 1469 1225 1529 einigen

216 1523 398 1583 handfesten
432 1521 637 1581 Ausdrücken
666 1518 821 1578 ablehnt.
871 1515 982 1575 Wenn
1015 1518 1059 1578 Er
1082 1518 1132 1578 sich
1160 1515 1231 1575 aber

216 1572 458 1632 verwundert,
494 1572 554 1632 daß
596 1569 676 1629 sein
712 1566 914 1626 neuester
945 1567 1122 1627 Gegner
1163 1566 1223 1626 sein

218 1619 348 1679 Urtheil
369 1616 469 1676 wider
490 1616 575 1676 ihn,
595 1613 908 1673 zurückgenommen
939 1610 1014 1670 hat:
1049 1610 1079 1670 so
1110 1610 1230 1670 möchte

207 1667 286 1727 diese
311 1664 574 1724 Bewunderung
604 1661 698 1721 wohl
718 1658 802 1718 nicht
822 1659 916 1719 lange
942 1658 1080 1718 dauren.
1115 1657 1229 1717 Sein

218 1712 397 1772 Gegner
429 1709 486 1769 hat
513 1709 560 1769 sich
597 1708 654 1768 aus
681 1706 955 1766 Bescheidenheit
982 1703 1008 1763 so
1040 1703 1118 1763 weit
1140 1703 1239 1763 über¬

211 1760 384 1820 wunden,
413 1756 460 1816 den
495 1754 586 1814 Hrn.
601 1754 643 1814 D.
664 1751 721 1811 S.
741 1752 822 1812 nicht
852 1751 875 1811 im
919 1751 1126 1811 allgemeinen
1160 1748 1241 1808 Ver¬

214 1811 322 1871 stande
350 1808 403 1868 für
426 1805 512 1865 einen
540 1805 751 1865 Socinianer
774 1805 806 1865 zu
834 1802 969 1862 halten,
997 1802 1072 1862 weil
1095 1802 1148 1862 der
1171 1799 1235 1859 Hr.

208 1862 260 1922 D.
278 1860 335 1920 mit
359 1856 382 1916 so
412 1858 505 1918 vieler
534 1854 697 1914 Emphasi
715 1855 832 1915 immer
856 1855 1012 1915 bezeugt,
1037 1855 1065 1915 er
1095 1854 1135 1914 sey
1164 1852 1228 1912 kein

214 1912 335 1972 irriger
358 1912 492 1972 Lehrer.
544 1909 619 1969 Aus
648 1907 880 1967 Hochachtung
915 1906 967 1966 für
997 1907 1066 1967 dies
1095 1909 1239 1969 eigne,

209 1963 286 2023 aber
318 1963 390 2023 noch
427 1961 484 2021 auf
516 1960 619 2020 keinen
656 1957 827 2017 Beweisen
864 1960 915 2020 der
947 1960 1149 2020 Orthodoxie
1186 1957 1237 2017 be¬

208 2014 357 2074 ruhende
397 2014 652 2074 Bekenntniß,
691 2011 768 2071 muß
808 2011 880 2071 man
919 2011 969 2071 sich
1003 2011 1052 2071 der
1081 2008 1230 2068 Urtheile

219 2064 401 2124 enthalten.
451 2064 539 2124 Aber
573 2063 628 2123 das
661 2061 766 2121 Recht
788 2060 904 2120 behält
927 2058 1009 2118 sein
1049 2061 1225 2121 Gegner

218 2115 284 2175 noch
316 2114 465 2174 immer,
497 2111 553 2171 daß
590 2111 620 2171 er
652 2110 703 2170 dem
750 2109 894 2169 Publiko
931 2110 977 2170 die
1003 2109 1147 2169 Gründe
1179 2107 1235 2167 an¬

214 2163 323 2223 zeigt,
344 2160 479 2220 woraus
505 2160 534 2220 er
565 2160 760 2220 ehemals
791 2158 846 2218 den
876 2159 971 2219 Hrn.
987 2157 1036 2217 D.
1062 2157 1117 2217 für
1147 2154 1227 2214 nicht

213 2210 275 2270 rein
312 2208 337 2268 in
379 2208 435 2268 der
462 2205 566 2265 Lehre
598 2205 654 2265 von
707 2205 759 2265 der
790 2204 951 2264 Gottheit
972 2199 1071 2259 JEsu
1108 2202 1232 2262 hielte;

212 2258 307 2318 wenn
338 2255 362 2315 er
388 2255 478 2315 gleich
504 2252 569 2312 jetzt
594 2252 669 2312 diese
695 2249 836 2309 Gründe
857 2252 952 2312 gerne
978 2249 1002 2309 in
1033 2249 1128 2309 seinem
1169 2246 1234 2306 Ge¬

216 2307 324 2367 müthe
347 2305 520 2365 entkräften
548 2303 651 2363 mag,
684 2302 743 2362 und
782 2300 836 2360 das
875 2300 961 2360 eigne
989 2300 1135 2360 Zeugniß
1174 2296 1222 2356 des

219 2360 313 2420 Hrn.
330 2357 373 2417 D.
391 2354 452 2414 von
480 2354 557 2414 sich,
585 2351 685 2411 lieber
713 2348 812 2408 gelten
852 2351 940 2411 laßen
974 2348 1062 2408 will.
1135 2348 1229 2408 Doch

215 2411 304 2471 wåre
337 2408 368 2468 es
401 2408 458 2468 für
485 2405 538 2465 den
576 2402 666 2462 guten
698 2400 825 2460 Namen
857 2399 904 2459 des
931 2399 1026 2459 Hrn.
1042 2399 1084 2459 D.
1112 2396 1238 2456 sichrer,

218 2459 307 2519 wenn
334 2460 365 2520 er
388 2458 445 2518 sein
477 2452 689 2512 Bekenntniß
722 2449 774 2509 der
806 2446 1012 2506 lutherischen
1039 2446 1134 2506 Lehre
1166 2446 1223 2506 von

214 2507 261 2567 sich
288 2509 388 2569 gäbe,
415 2509 473 2569 und
500 2505 552 2565 bey
579 2503 674 2563 denen
706 2497 902 2557 dringenden
935 2497 1045 2557 Bitten
1073 2497 1136 2557 uns
1163 2496 1220 2556 nun

219 2554 285 2614 doch
313 2560 434 2620 zeigte,
457 2558 517 2618 auf
539 2555 611 2615 was
640 2552 694 2612 für
728 2548 894 2608 biblischen
922 2548 1087 2608 Beweisen
1126 2545 1153 2605 er
1182 2545 1231 2605 die

215 2605 313 2665 Lehre
334 2608 391 2668 von
423 2608 469 2668 der
495 2605 755 2665 Dreyeinigkeit
776 2599 848 2659 denn
880 2599 947 2659 noch
974 2599 1119 2659 gründe,
1135 2596 1222 2656 wenn

215 2652 246 2712 er
268 2652 320 2712 ihr
342 2655 432 2715 gleich
464 2657 506 2717 die
533 2652 871 2712 Uebereinstimmung
898 2649 956 2709 mit
978 2649 1072 2709 denen
1105 2646 1226 2706 ältesten

213 2705 316 2765 Zeiten
349 2703 408 2763 und
436 2706 621 2766 bisherigen
648 2704 817 2764 Beweisen
850 2700 1024 2760 abspricht.
1073 2694 1132 2754 So
1166 2696 1236 2756 lan¬

210 2758 253 2818 ge
275 2751 340 2811 dies
367 2751 448 2811 nicht
476 2754 643 2814 geschicht,
660 2755 686 2815 so
714 2753 790 2813 wird
818 2751 866 2811 die
888 2750 980 2810 bloße
997 2748 1218 2808 Exklamation

216 2805 275 2865 daß
302 2802 372 2862 man
400 2802 448 2862 ihm
487 2802 622 2862 Unrecht
639 2805 742 2865 thäte,
759 2802 850 2862 wohl
873 2802 970 2862 nichts
993 2799 1117 2859 helfen,
1133 2797 1219 2857 wenn

214 2855 284 2915 auch
315 2854 361 2914 der
392 2852 456 2912 Hr.
469 2852 509 2912 D.
534 2852 599 2912 noch
629 2854 669 2914 ein
700 2855 919 2915 halbhundert
943 2852 1037 2912 grobe
1055 2851 1232 2911 Schimpf=

1267 332 1380 392 namen
1408 332 1461 392 für
1484 332 1565 392 seine
1592 332 1727 392 Gegner
1750 333 1901 393 erfindet.
1950 330 2026 390 Von
2059 332 2162 392 seinem
2200 332 2297 392 neue¬

1274 381 1330 441 sten
1356 380 1495 440 Gegner
1521 380 1593 440 aber
1615 382 1702 442 sollte
1723 380 1748 440 er
1774 381 1826 441 die
1852 380 2064 440 vernünftige
2090 380 2146 440 Art
2168 383 2301 443 lernen,

1270 429 1326 489 den
1362 429 1588 489 gelehrten
1625 431 1913 491 Pilatismus
1944 431 1974 491 zu
2006 431 2211 491 verbannen,
2227 433 2288 493 und

1276 479 1338 539 mit
1361 479 1559 539 Höflichkeit
1582 479 1644 539 und
1678 477 1830 537 nöthiger
1854 482 2119 542 Zurückziehung
2148 481 2175 541 zu
2210 482 2300 542 strei¬

1265 530 1344 590 ten.
1392 530 1540 590 Welcher
1557 527 1785 587 Vernünftige
1806 527 1886 587 wird
1908 530 1970 590 mit
1987 532 2072 592 einem
2109 530 2300 590 schimpfen¬

1275 578 1330 638 den
1358 578 1484 638 Doktor
1513 575 1667 635 kriegen?
1707 575 1894 635 Uebrigens
1933 579 2022 639 wenn
2056 582 2121 642 Hr.
2139 582 2193 642 S.
2216 583 2298 643 sagt,

1290 627 1332 687 'er
1364 628 1524 688 überlaße
1555 624 1586 684 es
1617 622 1721 682 GOtt
1747 620 1808 680 und
1846 624 1901 684 der
1927 625 2037 685 Zeit,"
2075 631 2160 691 seine
2187 631 2297 691 Sache

1277 680 1306 740 zu
1336 678 1554 738 entscheiden:
1578 673 1607 733 so
1637 671 1766 731 nehmen
1796 670 1854 730 wir
1878 673 2002 733 daraus
2026 677 2190 737 abermals
2220 682 2290 742 eine

1275 727 1354 787 gute
1373 727 1558 787 Hofnung,
1571 724 1625 784 von
1657 724 1706 784 dem
1750 721 1841 781 Hrn.
1854 718 1897 778 D.
1916 721 1983 781 noch
2009 727 2088 787 einst
2108 729 2150 789 ein
2175 731 2298 791 gründ=

1278 777 1375 837 liches
1407 777 1609 837 lutherisches
1640 769 1904 829 Glaubensbuch
1935 771 1965 831 zu
1996 772 2118 832 sehen,
2156 780 2192 840 da
2230 780 2290 840 wir

1277 825 1353 885 denn
1382 825 1414 885 an
1442 822 1498 882 den
1526 822 1597 882 Tag
1631 819 1714 879 legen
1747 816 1897 876 werden,
1930 821 1996 881 mit
2019 819 2151 879 wieviel
2174 828 2301 888 unpar¬

1277 873 1454 933 theyischer
1473 870 1697 930 Hochachtung
1728 867 1786 927 wir
1811 868 1887 928 seine
1912 870 2005 930 große
2036 875 2296 935 Gelehrsamkeit

1273 921 1451 981 verehren.
1502 918 1593 978 Was
1621 915 1702 975 sonst
1730 915 1783 975 den
1816 921 2022 981 Wetstein
2061 924 2245 984 anbetrift,
2273 927 2294 987 so

1274 969 1435 1029 enthalten
1469 963 1530 1023 wir
1559 965 1625 1025 uns
1653 966 1709 1026 des
1743 969 1921 1029 Urtheils;
1955 970 1993 1030 da
2027 974 2077 1034 der
2106 975 2178 1035 Hr.
2195 976 2300 1036 Ober¬

1277 1013 1487 1073 hofprediger
1527 1013 1698 1073 Boysen
1749 1016 1804 1076 dem
1866 1022 2165 1082 Recensenten
2210 1026 2292 1086 ganz

1280 1061 1437 1121 neuerlich
1464 1061 1486 1121 in
1519 1061 1600 1121 einem
1644 1065 1850 1125 Handbriefe
1878 1071 2084 1131 versprochen
2124 1076 2205 1136 hat,
2227 1076 2281 1136 ihm

1282 1112 1362 1172 seine
1384 1112 1632 1172 Anmerkungen
1665 1118 1740 1178 über
1768 1118 1816 1178 den
1843 1121 2075 1181 Wetstein,
2102 1124 2150 1184 die
2178 1127 2210 1187 er
2232 1127 2291 1187 auf

1279 1162 1465 1222 Verlangen
1507 1164 1558 1224 des
1590 1164 1651 1224 sel.
1678 1169 1760 1229 Abts
1792 1169 2045 1229 Steinmetz
2067 1175 2289 1235 herausgeben

1278 1210 1386 1270 wird,
1408 1211 1640 1271 zuzuschicken.
1703 1213 1854 1273 Alsdenn
1880 1216 1989 1276 wollen
2020 1216 2077 1276 wir
2098 1220 2217 1280 sehen,
2254 1222 2289 1282 ob

1279 1261 1480 1321 Wetstein
1515 1261 1560 1321 die
1586 1261 1812 1321 Hochachtung
1843 1264 1989 1324 verdient
2010 1264 2084 1324 oder
2105 1267 2211 1327 nicht,
2242 1270 2291 1330 die

1279 1312 1346 1372 Hr.
1370 1315 1420 1375 S.
1437 1314 1487 1374 für
1516 1312 1561 1372 ihn
1590 1315 1696 1375 heget.
1748 1312 1883 1372 Endlich
1906 1312 1996 1372 rufen
2025 1315 2086 1375 wir
2109 1318 2227 1378 denen,
2245 1318 2289 1378 die

1276 1366 1303 1426 es
1331 1369 1380 1429 sich
1420 1366 1496 1426 etwa
1526 1366 1724 1426 unterstehen
1763 1366 1918 1426 wollten,
1946 1368 2017 1428 über
2052 1369 2156 1429 einige
2185 1369 2295 1429 beson¬

1276 1416 1331 1476 dre
1354 1416 1458 1476 Sätze
1482 1416 1536 1476 des
1559 1417 1653 1477 Hrn.
1670 1419 1720 1479 D.
1737 1419 1764 1479 zu
1792 1417 1986 1477 urtheilen,
2020 1419 2069 1479 die
2087 1419 2203 1479 Worte
2231 1418 2297 1478 Si¬

1276 1467 1361 1527 rachs
1400 1467 1459 1527 mit
1486 1467 1589 1527 etwas
1622 1467 1832 1527 verändertem
1882 1470 2054 1530 Ausdruck
2077 1470 2135 1530 zu:
2168 1470 2281 1530 Fleuch

1276 1518 1334 1578 vor
1357 1517 1475 1577 Ihm,
1503 1515 1551 1575 als
1578 1515 1632 1575 vor
1659 1518 1740 1578 einer
1768 1518 1968 1578 Schlange:
2001 1520 2075 1580 denn
2109 1521 2152 1581 wo
2179 1522 2211 1582 du
2239 1524 2287 1584 ihr

1271 1568 1298 1628 zu
1327 1566 1411 1626 nahe
1434 1566 1597 1626 kommst,
1620 1566 1647 1626 so
1682 1566 1771 1626 sticht
1789 1566 1849 1626 sie!

1325 1631 1469 1691 "Contes
1495 1631 1531 1691 de
1557 1628 1753 1688 Guillaume
1779 1631 1862 1691 Vadé
1899 1635 1960 1695 par
1981 1637 2048 1697 Mr.
2070 1639 2105 1699 de
2126 1640 2291 1700 Voltaire.

1286 1681 1331 1741 ’8.
1360 1679 1449 1739 Gen.
1467 1679 1574 1739 1764.
1649 1679 1727 1739 Der
1756 1679 1823 1739 Hr.
1841 1682 1896 1742 von
1925 1685 2163 1745 Voltaire,
2186 1688 2281 1748 dessen

1279 1724 1459 1784 fruchtbare
1485 1728 1583 1788 Feder
1604 1727 1676 1787 noch
1713 1729 1738 1789 im
1780 1729 1867 1789 Alter
1899 1728 1965 1788 viel
1981 1732 2089 1792 Laune
2116 1735 2224 1795 zeigt,
2250 1738 2286 1798 ob

1277 1778 1369 1838 gleich
1399 1775 1446 1835 der
1470 1777 1550 1837 Fluß
1581 1775 1679 1835 seiner
1703 1779 1907 1839 Schreibart
1925 1781 2041 1841 matter
2065 1787 2222 1847 schleicht,
2246 1789 2303 1849 lie¬

1280 1828 1337 1888 fert
1364 1826 1460 1886 unter
1497 1828 1550 1888 dem
1604 1828 1784 1888 usurpirten
1827 1831 1964 1891 Namen
2013 1834 2097 1894 eines
2140 1838 2283 1898 gewissen

1273 1879 1466 1939 Guillaume
1500 1879 1616 1939 Vadé,
1650 1881 1705 1941 der
1733 1885 1844 1945 Opern
1883 1885 2077 1945 versertiget
2111 1888 2188 1948 hat,
2222 1890 2293 1950 Er¬

1274 1933 1522 1993 zählungen
1562 1933 1622 1993 und
1662 1934 1761 1994 andre
1794 1936 1966 1996 Einfälle,
1994 1937 2043 1997 die
2072 1939 2182 1999 erstern
2215 1939 2276 1999 sind

1270 1984 1508 2044 meistentheils
1536 1984 1697 2044 schmutzig
1731 1986 1791 2046 und
1825 1985 2024 2045 schlüpfrig,
2069 1990 2129 2050 und
2163 1987 2279 2047 kleiden

1269 2034 1357 2094 einen
1387 2032 1490 2092 Greis
1515 2031 1776 2091 destoweniger,
1801 2034 1849 2094 die
1870 2031 1987 2091 andern
2013 2034 2105 2094 tasten
2135 2036 2204 2096 nach
2239 2036 2292 2096 sei¬

1269 2082 1325 2142 ner
1346 2079 1624 2139 graugewordnen
1656 2079 1785 2139 Sünde
1806 2079 1857 2139 hin
1884 2079 1945 2139 und
1966 2079 2023 2139 her
2054 2082 2105 2142 die
2126 2082 2275 2142 Religion

1275 2130 1367 2190 unter
1389 2127 1477 2187 einer
1498 2127 1741 2187 gleisnerischen
1773 2127 1876 2187 Mine
1897 2127 1985 2187 eines
2012 2129 2162 2189 ehrlichen
2188 2131 2296 2191 Man¬

1268 2176 1324 2236 nes
1345 2175 1407 2235 an.
1454 2174 1546 2234 Man
1578 2174 1613 2234 ist
1645 2174 1696 2234 der
1717 2175 1815 2235 vielen
1852 2175 2011 2235 zweymal
2033 2178 2177 2238 gesagten
2208 2181 2285 2241 Ein¬

1274 2223 1373 2283 fälle,
1396 2223 1445 2283 die
1479 2223 1561 2283 schon
1601 2223 1689 2283 ihren
1734 2226 1877 2286 Stachel
1906 2226 2083 2286 verloren,
2116 2229 2287 2289 gewohnt.

1278 2273 1375 2333 Unter
1397 2270 1445 2330 den
1478 2270 1704 2330 Erzählungen
1742 2276 1833 2336 sticht
1861 2276 1903 2336 die
1936 2276 1990 2336 von
2017 2276 2189 2336 Hänschen
2217 2282 2276 2342 und

1273 2322 1421 2382 Niklas,
1448 2321 1495 2381 als
1522 2321 1569 2381 die
1591 2324 1712 2384 einzige
1734 2327 1988 2387 untadelhafte,
2010 2329 2147 2389 hervor.
2206 2333 2279 2393 Sie

1276 2375 1329 2435 hat
1351 2372 1502 2432 gesundes
1530 2370 1643 2430 Salz,
1670 2375 1730 2435 und
1757 2375 1827 2435 eine
1849 2378 1919 2438 gute
1947 2378 2043 2438 Lehre
2071 2378 2098 2438 in
2136 2382 2184 2442 dem
2228 2384 2286 2444 Ar¬

1268 2423 1354 2483 tickel
1382 2423 1436 2483 der
1464 2423 1655 2483 Erziehung
1693 2425 1747 2485 bey
1786 2429 1900 2489 Leuten
1939 2430 1998 2490 von
2037 2434 2206 2494 Stande,
2244 2435 2282 2495 da

1273 2472 1341 2532 noch
1371 2470 1458 2530 wohl
1476 2470 1527 2530 oft
1545 2470 1568 2530 so
1592 2472 1661 2532 fehl
1679 2476 1858 2536 geschlossen
1888 2479 1985 2539 wird.
2022 2482 2136 2542 Kostet
2161 2485 2189 2545 in
2219 2482 2287 2542 vor¬

1274 2524 1445 2584 bemeldten
1479 2524 1684 2584 Kanterschen
1712 2530 2023 2590 Buchhandlungen
2046 2533 2056 2593 4
2079 2533 2112 2593 fl.
2130 2533 2168 2593 15
2185 2535 2240 2595 gr.

1469 2602 1776 2662 Königsberg,
1805 2605 1855 2665 den
1890 2605 1929 2665 1.
1959 2602 2083 2662 März.

1318 2644 1455 2704 Gestern
1498 2649 1715 2709 vertheidigte
1747 2654 1800 2714 der
1827 2652 1917 2712 Herr
1944 2652 2187 2712 Criminalrath
2220 2653 2277 2713 und

1266 2697 1625 2757 Hofgerichtsadvocat
1647 2700 1700 2760 D.
1716 2703 1831 2763 Braun
1858 2700 1938 2760 seine
1959 2700 2170 2760 Disputation
2197 2705 2286 2765 Vor¬

1266 2746 1325 2806 und
1351 2748 1608 2808 Nachmittage,
1634 2751 1744 2811 welche
1770 2751 1804 2811 de
1830 2748 2006 2808 effectibus
2032 2748 2066 2808 et
2082 2751 2203 2811 poenis
2228 2753 2278 2813 di-

1270 2795 1367 2855 vortii
1388 2796 1434 2856 tam
1476 2799 1626 2859 partialis
1647 2802 1724 2862 quam
1765 2802 1879 2862 totalis
1900 2802 2075 2862 handelte,
2102 2804 2148 2864 als
2174 2805 2282 2865 Prof.

1263 2849 1369 2909 Juris
1398 2849 1606 2909 Ordinarius
1634 2855 1791 2915 qvartus.
