2479 3508
419 331 617 391 Berlin,
649 333 698 393 den
737 330 804 390 26.
830 333 935 393 Febr.

220 386 305 446 Wir
329 386 444 446 können
480 383 560 443 nicht
584 382 728 442 umhin,
758 380 907 440 folgende
937 380 1115 440 Nachricht
1139 379 1191 439 ge¬

170 437 413 497 meinnütziger
435 433 466 493 zu
493 431 640 491 machen,
667 431 778 491 welche
806 431 831 491 in
858 431 905 491 den
932 431 1038 491 freyen
1065 429 1197 489 Urthei¬

164 491 240 551 len,
262 487 377 547 welche
399 481 486 541 1755
514 481 546 541 zu
574 482 748 542 Hamburg
776 482 1087 542 herausgekommen
1121 479 1191 539 No.

166 540 211 600 47
240 534 400 594 befindlich
429 531 480 591 ist.
538 530 623 590 Mit
652 533 698 593 der
722 533 818 593 Asche
847 530 904 590 von
934 530 1019 590 Torf
1037 530 1094 590 hat
1117 527 1185 587 man

169 583 219 643 die
249 583 361 643 Aecker
402 580 457 640 von
488 580 538 640 der
574 582 736 642 Picardie
762 582 822 642 und
858 580 914 640 den
950 578 1182 638 benachbarten

172 634 358 694 Provinzen
391 631 572 691 gedünget,
583 633 647 693 und
674 632 775 692 einige
802 629 914 689 Aecker
936 628 1090 688 derselben
1123 627 1175 687 dop

167 685 233 745 pelt
267 683 295 743 so
329 680 501 740 fruchtbar
536 682 702 742 gemacht,
731 679 959 739 insonderheit
988 679 1043 739 zum
1094 679 1194 739 Klee,

173 733 328 793 Wicken,
356 730 460 790 Linsen
489 730 549 790 und
578 728 715 788 Erbsen.
782 728 870 788 Man
899 727 987 787 trägt
1004 727 1042 787 sie
1065 727 1098 787 um
1143 726 1186 786 die

172 784 282 844 Mitte
308 778 358 838 des
384 778 601 838 Novembers
631 780 691 840 auf
722 780 767 840 die
793 778 878 838 Erde
909 778 984 838 aber
1015 778 1186 838 ordentlich

170 831 289 891 wartet
322 828 425 888 man,
447 828 495 888 bis
540 827 588 887 die
621 829 724 889 Saat
752 825 980 885 aufgegangen
1013 828 1077 888 ist,
1111 828 1181 888 auch

165 882 230 942 was
258 880 307 940 die
329 878 455 938 Wiesen
483 879 653 939 anlangt,
687 879 763 939 denn
802 879 884 939 ohne
906 879 1005 939 Thau
1044 878 1104 938 und
1132 875 1197 935 Re¬

169 934 222 994 gen
254 930 380 990 würden
413 927 460 987 die
482 927 593 987 Salze
614 927 710 987 liegen
742 927 884 987 bleiben.
960 929 1081 989 Drey,
1108 927 1192 987 vier,

173 981 226 1041 bis
265 981 346 1041 fünf
374 978 482 1038 Säcke
520 975 650 1035 davon,
678 978 769 1038 deren
803 977 883 1037 jeden
922 978 1008 1038 einen
1047 975 1198 1035 Scheffel

173 1030 309 1090 Pariser
340 1028 452 1088 Maaß
482 1022 637 1082 enthält,
673 1028 738 1088 sind
774 1028 976 1088 hinlänglich
1012 1026 1066 1086 für
1102 1025 1184 1085 einen

170 1079 319 1139 Morgen
353 1076 408 1136 von
436 1076 497 1136 100
526 1073 691 1133 Ruthen,
714 1076 763 1136 die
786 1076 903 1136 Ruthe
931 1076 958 1136 zu
998 1078 1036 1138 20
1070 1076 1180 1136 Schuh

166 1130 351 1190 gerechnet.
399 1125 445 1185 Um
492 1124 596 1184 Paris
626 1123 678 1183 har
702 1124 760 1184 auf
778 1124 859 1184 diese
883 1124 993 1184 Weise
1022 1125 1062 1185 ein
1092 1124 1196 1184 Mor¬

167 1181 228 1241 gen
260 1175 343 1235 Erde
369 1172 498 1232 doppelt
519 1171 545 1231 so
567 1171 633 1231 viel
654 1172 825 1232 getragen.

399 1222 655 1282 Hamburg,
685 1222 737 1282 den
772 1222 836 1282 19.
860 1219 965 1279 Febr.

216 1267 296 1327 Die
324 1270 437 1330 allhier
470 1268 632 1328 errichtete
654 1268 1070 1328 Assecuranzcompagnie,
1097 1265 1183 1325 deren

170 1315 260 1375 Fond
288 1315 346 1375 aus
374 1315 459 1375 einem
501 1314 636 1374 Capital
659 1315 713 1375 von
745 1315 831 1375 einer
863 1312 922 1372 und
958 1312 1044 1372 einer
1072 1312 1184 1372 halben

166 1360 309 1420 Million
344 1360 492 1420 Marcken
523 1360 640 1420 Banco
666 1357 818 1417 bestehet,
844 1355 883 1415 ist
908 1354 1071 1414 nunmehr
1096 1352 1189 1412 völlig

167 1410 333 1470 complet,
359 1404 419 1464 und
450 1404 525 1464 wird
551 1404 688 1464 geliebts
719 1402 820 1462 GOtt
840 1402 870 1462 am
921 1402 1063 1462 nächsten
1099 1402 1194 1462 Frey¬

170 1457 245 1517 tage
267 1458 315 1518 den
348 1454 456 1514 22sten
489 1452 586 1512 dieses
614 1452 661 1512 für
689 1450 759 1510 See
781 1449 916 1509 Risico,
938 1449 1002 1509 und
1030 1449 1083 1509 den
1122 1448 1197 1508 dar¬

166 1512 228 1572 auf
245 1507 416 1567 folgenden
445 1506 524 1566 1sten
554 1503 650 1563 März
679 1503 730 1563 für
754 1500 999 1560 Feuersgefahr
1023 1500 1079 1560 auf
1097 1500 1198 1560 Waa¬

160 1559 216 1619 ren
245 1563 267 1623 in
302 1558 530 1618 Packhäusern
559 1555 622 1615 und
645 1556 707 1616 auf
725 1554 879 1614 Fabriken
919 1554 941 1614 im
988 1552 1198 1612 Assecuranz¬

166 1614 302 1674 comtoir
325 1612 382 1672 auf
405 1610 456 1670 dem
496 1610 565 1670 Neß
594 1609 622 1669 zu
651 1608 787 1668 zeichnen
816 1608 868 1668 den
891 1608 1022 1668 Anfang
1051 1605 1193 1665 machen.

429 1661 623 1721 Altona,
647 1661 699 1721 den
742 1658 806 1718 18.
830 1660 935 1720 Febr.

218 1715 291 1775 Die
320 1715 461 1775 neuesten
496 1713 614 1773 Briefe
643 1711 706 1771 aus
735 1711 955 1771 Tranquebar
990 1708 1045 1768 vom
1086 1709 1187 1769 März

172 1765 233 1825 und
270 1766 383 1826 Aprill
409 1764 501 1824 1764
538 1763 697 1823 enthalten
739 1760 831 1820 unter
862 1757 1011 1817 andern,
1042 1757 1099 1817 daß
1135 1757 1186 1817 be¬

173 1814 221 1874 der
249 1814 427 1874 Dänischen
461 1811 596 1871 Mission
629 1811 672 1871 die
700 1807 906 1867 Christlichen
939 1808 1123 1868 Gemeinen
1151 1808 1177 1868 im

167 1866 268 1926 letzten
299 1863 389 1923 Jahr
415 1861 476 1921 mit
502 1861 562 1921 342
588 1858 710 1918 Seelen
736 1855 923 1915 vermehret
944 1852 1095 1912 worden.

394 1906 665 1966 Hannover,
692 1903 749 1963 den
786 1902 848 1962 15.
875 1900 979 1960 Febr.

212 1956 291 2016 Der
319 1957 600 2017 Hessencasselsche
622 1951 792 2011 Gesandte
825 1948 861 2008 am
905 1947 1064 2007 Berliner
1086 1945 1192 2005 Hofe,

163 2011 218 2071 der
241 2011 313 2071 Hr.
330 2008 474 2068 geheime
497 2005 586 2065 Rath
614 2005 669 2065 von
692 1999 864 2059 Hochstedt
881 1996 1020 2056 befindet
1043 1996 1086 2056 sich
1109 1996 1181 2056 noch

165 2061 298 2121 allhier,
322 2059 383 2119 und
406 2058 484 2118 wird
512 2056 640 2116 morgen
674 2055 746 2115 nach
775 2051 892 2111 Berlin
920 2046 1082 2106 abgehen.

379 2108 682 2168 Maynstrom,
706 2106 763 2166 den
792 2105 860 2165 16.
884 2100 981 2160 Febr.

211 2157 272 2217 Da
306 2157 529 2217 gegenwärtig
569 2157 596 2217 in
635 2154 853 2214 verschiednen
893 2149 1194 2209 Römischkatholi¬

168 2208 245 2268 schen
274 2208 413 2268 Ländern
435 2208 530 2268 theils
558 2205 664 2265 wegen
687 2205 954 2265 Einschränkung
983 2202 1032 2262 der
1049 2201 1194 2261 Klöster,

169 2255 266 2315 theils
293 2252 396 2312 wegen
428 2255 697 2315 Verminderung
729 2255 780 2315 der
801 2253 982 2313 Einkünfte
1008 2250 1055 2310 der
1081 2249 1179 2309 Geist

172 2300 314 2360 lichkeit,
347 2299 404 2359 und
431 2300 515 2360 ihrer
537 2306 716 2366 Beysteuer
743 2303 769 2363 zu
801 2303 854 2363 den
881 2303 1086 2363 allgemeinen
1124 2299 1192 2359 Be¬

167 2347 370 2407 dürfnissen,
403 2351 675 2411 Verordnungen
718 2354 926 2414 erschienen;
970 2351 996 2411 so
1034 2350 1114 2410 kann
1157 2348 1188 2408 es

167 2396 252 2456 nicht
274 2393 390 2453 anders
428 2393 523 2453 seyn,
551 2398 603 2458 als
636 2399 689 2459 daß
726 2404 859 2464 dadurch
897 2402 1023 2462 sowohl
1046 2399 1098 2459 der
1126 2399 1194 2459 Be¬

164 2440 340 2500 völkerung
367 2437 499 2497 wegen,
527 2441 574 2501 als
601 2444 675 2504 auch
702 2446 728 2506 in
756 2452 931 2512 Ansehung
963 2449 1016 2509 der
1043 2449 1192 2509 Staats¬

165 2491 329 2551 einkünfte
357 2486 394 2546 ein
428 2487 542 2547 starker
565 2491 723 2551 Zuwachs
751 2498 893 2558 erfolgen
921 2500 1013 2560 muß.
1090 2497 1177 2557 Man

167 2543 227 2603 hat
246 2540 506 2600 nachgerechnet,
531 2536 584 2596 daß
616 2536 645 2596 z.
664 2537 706 2597 E.
725 2540 754 2600 in
785 2550 985 2610 Portugall,
1010 2548 1191 2608 Spanien,

173 2593 363 2653 Frankreich
405 2590 464 2650 und
500 2584 637 2644 Pohlen
679 2590 863 2650 ohngefähr
906 2599 1017 2659 20833
1060 2596 1184 2656 Klöster

173 2646 262 2706 sind,
286 2645 339 2705 daß
375 2643 410 2703 sie
441 2640 464 2700 in
494 2636 619 2696 Pohlen
655 2635 738 2695 zwey
768 2641 941 2701 Drittheil
971 2646 1042 2706 aller
1072 2646 1190 2706 Lände¬

172 2697 299 2757 reyen,
327 2696 387 2756 und
422 2691 448 2751 in
476 2685 638 2745 Neapolis
672 2682 739 2742 vier
774 2690 962 2750 Fünftheile
990 2691 1043 2751 der
1071 2694 1179 2754 Güter

170 2748 234 2808 und
268 2745 326 2805 des
360 2742 570 2802 Vermögens
611 2736 662 2796 des
703 2736 821 2796 Reichs
861 2741 886 2801 in
926 2742 1012 2802 ihrer
1045 2745 1189 2805 Gewalt

170 2796 302 2856 haben.

385 2841 679 2901 Strasburg,
717 2832 767 2892 den
805 2832 842 2892 5.
868 2835 973 2895 Febr.

1221 331 1370 391 Königl.
1387 330 1606 390 Preußischen
1631 333 1796 393 Diensten
1821 338 1883 398 ist,
1915 337 2033 397 fangen
2073 336 2144 396 hier
2168 333 2246 393 wie¬

1226 378 1281 438 der
1301 379 1331 439 an
1362 379 1386 439 in
1417 380 1609 440 Bewegung
1640 384 1670 444 zu
1696 386 1872 446 kommen,
1898 386 1933 446 da
1964 383 2009 443 die
2035 383 2155 443 Gnade
2176 385 2236 445 und

1227 428 1579 488 Gerechtigkeitsliebe
1606 432 1720 492 großer
1748 434 1877 494 Fürsten
1916 434 1975 494 und
2008 434 2056 494 des
2084 434 2241 494 Bischofs

1223 477 1280 537 und
1310 479 1489 539 Cardinals
1519 478 1630 538 Prinz
1648 481 1682 541 de
1712 485 1903 545 Constantin
1933 485 2049 545 selbige
2073 485 2136 545 mit
2160 485 2234 545 aller

1223 527 1345 587 Macht
1369 529 1597 589 unterstüͤtzen,

1472 578 1668 638 Leyden,
1699 580 1753 640 den
1791 580 1852 640 16.
1884 580 1981 640 Febr.

1262 624 1344 684 Den
1376 628 1468 688 12ten
1495 628 1592 688 dieses
1619 626 1768 686 Monats
1794 628 1938 688 besetzten
1980 631 2026 691 die
2053 631 2233 691 Curatores

1219 676 1348 736 unserer
1369 676 1546 736 Akademie
1573 679 1619 739 die
1645 679 1770 739 zweene
1791 679 1962 739 erledigten
1999 682 2233 742 theologischen

1224 727 1484 787 Professionen,
1511 727 1622 787 wovon
1654 730 1696 790 die
1728 727 1797 787 eine
1830 729 1882 789 der
1904 728 1961 788 D.
1978 727 2137 787 Aegidius
2164 728 2243 788 Gil¬

1222 772 1332 832 lissen,
1361 776 1410 836 der
1438 775 1493 835 seit
1516 781 1605 841 1747
1633 778 1799 838 Professor
1832 778 1854 838 in
1882 778 2054 838 Franecker
2083 778 2243 838 gewesen,

1221 822 1268 882 die
1290 825 1390 885 andre
1417 825 1485 885 aber
1512 828 1581 888 Hr.
1603 828 1766 888 Hermann
1799 828 1957 888 Scholten
1995 828 2137 888 erhielt,
2164 828 2243 888 wel¬

1224 873 1289 933 cher
1314 876 1374 936 seit
1405 876 1488 936 1756
1531 879 1579 939 die
1604 882 1838 942 Pfarrerstelle
1869 879 1899 939 zu
1942 879 2158 939 Diepenheim
2201 879 2231 939 in

1223 924 1415 984 Oberrüssel
1433 927 1602 987 bekleidet.

1485 978 1650 1038 Paris,
1678 975 1733 1035 den
1776 978 1837 1038 11.
1865 975 1968 1035 Febr.

1279 1019 1330 1079 Es
1350 1022 1439 1082 läuft
1459 1025 1529 1085 hier
1556 1025 1594 1085 ein
1633 1025 1799 1085 Gerücht,
1833 1027 1890 1087 daß
1929 1025 2018 1085 unser
2051 1025 2141 1085 Hof,
2186 1023 2237 1083 der

1222 1072 1443 1132 Wienerische
1476 1076 1535 1136 und
1568 1076 1621 1136 der
1654 1073 1859 1133 Madritter,
1887 1076 1940 1136 den
1979 1076 2076 1136 neuen
2120 1073 2233 1133 König

1225 1122 1283 1182 von
1316 1121 1424 1181 Polen
1462 1124 1629 1184 nächstens
1672 1124 1699 1184 in
1732 1126 1828 1186 dieser
1867 1124 2028 1184 Qualität
2077 1124 2227 1184 erkennen

1224 1172 1375 1232 werden,
1401 1172 1470 1232 man
1496 1175 1577 1235 weiß
1608 1175 1678 1235 aber
1709 1175 1794 1235 nicht
1825 1175 1916 1235 unter
1946 1173 2077 1233 welchen
2114 1175 2249 1235 Bedin¬

1225 1222 1331 1282 gung.
1383 1222 1535 1282 Kürzlich
1564 1225 1603 1285 ist
1621 1222 1688 1282 hier
1711 1224 1864 1284 öffentlich
1892 1225 1971 1285 kund
1995 1222 2141 1282 gemacht
2164 1222 2242 1282 wor¬

1224 1269 1301 1329 den,
1327 1270 1384 1330 daß
1415 1270 1466 1330 bey
1493 1271 1544 1331 dem
1586 1273 1689 1333 Herrn
1732 1273 1881 1333 Bataille
1907 1273 1938 1333 de
1959 1273 2104 1333 France,
2125 1273 2243 1333 Gene¬

1225 1315 1583 1375 ralfinanzeinnehmer
1617 1315 1670 1375 der
1704 1320 1929 1380 Generalität
1953 1318 2010 1378 von
2049 1321 2245 1381 Soissons,

1219 1351 1269 1411 die
1292 1357 1446 1417 Summe
1469 1359 1523 1419 von
1556 1360 1664 1420 12000
1697 1360 1805 1420 Livres
1842 1363 2064 1423 niedergelegt
2088 1365 2237 1425 worden,

1218 1401 1329 1461 welche
1362 1402 1563 1462 demjenigen
1601 1404 1820 1464 auszuzahlen
1858 1406 1933 1466 sey,
1966 1407 2096 1467 welcher
2125 1410 2223 1470 inner

1222 1449 1293 1509 halb
1322 1449 1332 1509 6
1366 1450 1492 1510 Jahren
1521 1452 1609 1512 durch
1649 1451 1692 1511 ein
1732 1449 1886 1509 Exempel
1915 1455 2047 1515 gehörig
2070 1456 2224 1516 beweisen

1220 1500 1343 1560 könne,
1371 1502 1430 1562 daß
1469 1502 1512 1562 ein
1545 1503 1724 1563 Unterthan
1762 1503 1788 1563 im
1843 1506 2076 1566 Königreiche,
2104 1506 2233 1566 welcher

1223 1554 1268 1614 die
1298 1554 1563 1614 Kinderblattern
1593 1556 1679 1616 durch
1714 1554 1969 1614 Einpfropfung
1998 1557 2142 1617 gehabt,
2172 1557 2240 1617 die¬

1224 1605 1323 1665 selben
1351 1607 1407 1667 auf
1441 1607 1512 1667 eine
1540 1608 1718 1668 natürliche
1747 1608 1813 1668 Art
1841 1609 1896 1669 zum
1947 1610 2163 1670 zweytenmal
2191 1606 2241 1666 be¬

1227 1658 1370 1718 kommen
1398 1658 1498 1718 habe.
1543 1660 1625 1720 Das
1659 1659 1742 1719 Geld
1770 1659 1825 1719 soll
1842 1661 1902 1721 auf
1919 1658 1963 1718 ein
1992 1661 2163 1721 Certificat
2180 1659 2229 1719 von

1227 1707 1280 1767 dem
1324 1709 1416 1769 ersten
1449 1709 1584 1769 Medico
1612 1709 1660 1769 des
1693 1712 1839 1772 Herzogs
1867 1709 1920 1769 von
1948 1712 2116 1772 Orleans,
2133 1712 2235 1772 Herrn

1226 1759 1339 1819 Petit,
1367 1760 1436 1820 oder
1459 1760 1512 1820 dem
1550 1760 1653 1820 Herrn
1686 1760 1848 1820 Tronchin
1875 1761 1908 1821 zu
1935 1762 2043 1822 Genf,
2071 1763 2145 1823 oder
2168 1763 2216 1823 dem

1226 1811 1373 1871 Königl.
1395 1809 1559 1869 Leibarzt,
1586 1811 1696 1871 Herrn
1728 1809 1850 1869 Gatti,
1877 1811 1950 1871 oder
1993 1809 2045 1869 dem
2099 1810 2235 1870 Medico

1224 1856 1273 1916 der
1294 1857 1445 1917 Facultät
1460 1855 1485 1915 zu
1511 1856 1636 1916 Paris,
1652 1855 1717 1915 oder
1743 1858 1813 1918 auch
1839 1858 1889 1918 von
1919 1858 1999 1918 jedem
2045 1860 2231 1920 beglaubten

1219 1903 1332 1963 Arzte,
1364 1901 1497 1961 welcher
1524 1903 1570 1963 die
1596 1903 1813 1963 Inoculation
1844 1906 2014 1966 verrichtet
2030 1908 2102 1968 hat,
2123 1909 2241 1969 unver¬

1221 1948 1401 2008 weigerlich
1433 1950 1468 2010 an
1500 1951 1546 2011 den
1577 1954 1820 2014 Ueberbringer
1857 1955 1908 2015 des
1945 1957 2130 2017 Certificats
2162 1957 2244 2017 aus¬

1220 1997 1371 2057 gezahlet
1395 1996 1540 2056 werden.

1468 2046 1671 2106 Madrit,
1704 2048 1760 2108 den
1793 2049 1863 2109 27.
1889 2049 1984 2109 Jan.

1263 2097 1413 2157 Nachdem
1458 2097 1586 2157 kürzlich
1614 2097 1664 2157 der
1692 2097 1959 2157 Staatssecretär
1988 2100 2149 2160 Marquis
2183 2102 2232 2162 del

1225 2150 1349 2210 Campo
1372 2149 1406 2209 de
1429 2151 1541 2211 Villar
1570 2148 1598 2208 in
1632 2149 1682 2209 dem
1729 2149 1836 2209 73sten
1870 2151 1960 2211 Jahr
1995 2151 2096 2211 seines
2119 2151 2231 2211 Alters

1221 2202 1398 2262 verstorben
1429 2202 1487 2262 ist,
1512 2202 1540 2262 so
1565 2202 1659 2262 haben
1701 2202 1772 2262 Sr.
1790 2202 1891 2262 Maj.
1915 2204 1967 2264 der
1992 2202 2098 2262 König
2134 2205 2240 2265 höchst

1220 2248 1313 2308 Dero
1347 2250 1512 2310 Minister
1546 2249 1596 2309 bey
1635 2252 1690 2312 dem
1740 2252 1972 2312 Apostolischen
2012 2251 2149 2311 Stuhl,
2172 2252 2227 2312 den

1219 2300 1298 2360 Don
1325 2302 1489 2362 Emanuel
1516 2300 1548 2360 de
1575 2300 1664 2360 Roda
1691 2303 1723 2363 an
1755 2303 1903 2363 desselben
1930 2303 2035 2363 Stelle
2058 2300 2210 2360 ernennt.

1476 2351 1667 2411 Parma,
1703 2353 1760 2413 den
1802 2352 1859 2412 19.
1890 2353 1981 2413 Jan.

1276 2399 1361 2459 Jhro
1387 2399 1528 2459 Königl.
1548 2401 1677 2461 Hoheit
1697 2402 1745 2462 der
1777 2402 1924 2462 Jnfant,
1962 2396 2079 2456 welche
2104 2396 2154 2456 sich
2185 2395 2240 2455 be=

1222 2449 1343 2509 ständig
1366 2449 1421 2509 für
1449 2446 1504 2506 das
1533 2447 1638 2507 Wohl
1655 2446 1743 2506 ihrer
1766 2448 1938 2508 Staaten,
1961 2444 2021 2504 und
2044 2443 2094 2503 die
2116 2441 2238 2501 Glück¬

1225 2500 1360 2560 seligkeit
1390 2497 1474 2557 ihrer
1509 2497 1730 2557 Unterthanen
1765 2494 2003 2554 beschäftigen,
2043 2491 2139 2551 haben
2180 2494 2224 2554 als

1225 2551 1289 2611 eine
1316 2546 1494 2606 Folgerung
1522 2545 1607 2605 ihrer
1630 2548 1737 2608 weisen
1764 2543 1953 2603 Regierung
1986 2539 2071 2599 einen
2105 2540 2228 2600 Befehl

1219 2599 1358 2659 bekannt
1379 2595 1503 2655 machen
1534 2596 1653 2656 laßen,
1680 2595 1736 2655 und
1762 2593 1918 2653 darinnen
1944 2590 1995 2650 den
2027 2593 2217 2653 Geistlichen

1222 2649 1409 2709 auferlegt,
1432 2643 1613 2703 künftighin
1647 2642 1703 2702 von
1743 2641 1816 2701 allen
1851 2638 1941 2698 ihren
1970 2642 2128 2702 Gütern,
2157 2645 2235 2705 wel¬

1223 2700 1270 2760 che
1288 2696 1329 2756 sie
1347 2694 1400 2754 seit
1424 2691 1471 2751 dem
1513 2691 1631 2751 letztern
1661 2688 1838 2748 errichteten
1868 2692 2134 2752 Steuerregister
2158 2695 2211 2755 vom

1220 2748 1315 2808 Jahr
1342 2745 1424 2805 1761
1457 2742 1489 2802 an
1528 2741 1579 2801 sich
1605 2739 1772 2799 gebracht,
1805 2738 1849 2798 die
1882 2745 2061 2805 öffentliche
2094 2748 2228 2808 Auflage

1221 2799 1252 2859 zu
1290 2794 1466 2854 bezahlen,
1492 2790 1548 2850 nur
1580 2787 1757 2847 diejenigen
1789 2790 1901 2850 Güter
1934 2795 2002 2855 sind
2035 2796 2090 2856 von
2135 2796 2229 2856 dieser

1222 2847 1357 2907 Auflage
1381 2841 1523 2901 befreyt,
1540 2841 1585 2901 die
1603 2841 1660 2901 vor
1683 2841 1876 2901 bemeldetem
1911 2846 2023 2906 Jahre
2048 2846 2104 2906 von
2133 2847 2223 2907 ihnen

210 2897 292 2957 Die
321 2894 451 2954 Sachen
493 2894 547 2954 des
576 2890 672 2950 Hrn.
700 2885 797 2945 Paul
818 2885 935 2945 Beck,
977 2888 1114 2948 welcher
1143 2891 1169 2951 in
1219 2897 1384 2957 erworben
1413 2891 1564 2951 worden.
1606 2891 1744 2951 Gestern
1779 2894 1889 2954 Abend
1910 2897 2006 2957 gegen
2035 2896 2048 2956 8
2076 2894 2144 2954 Uhr
2173 2894 2199 2954 em

2111 2945 2235 3005 pfand,
