2479 3508
405 312 916 394 Berlin, den 6. April.
189 375 1174 433 Bey dem Kanitzischen Infanterieregimente ist der
142 424 1171 481 Capitain Herr von Collrep, Major geworden; der
148 478 1173 532 Staabscapitain Herr von Altenboccum, hat eine va=
140 527 1170 581 cante Compagnie erhalten; der Secondlieutenant
135 573 1173 634 Herr von Borchard, ist zum Premierlieutenant, der
144 626 1164 679 Fähnrich Herr von Eicke, zum Secondelieutenant,
144 671 1168 724 und der gefreyte Corporal Herr Szerdahelli zum
142 720 1171 775 Fähnrich avancirt. Sr. Maj. der König, haben den
142 772 1173 822 bisherigen Professorem Philosophiæ et Eloquentiæ
134 825 1161 892 ordinarium zu Göttingen Herrn Christian Adolph
142 874 1168 929 Klotz, mit einem ansehnlichen Gehalt nach Halle zu
144 920 1164 977 vociren, und ihm den Charakter eines Hofraths zu
144 968 492 1036 ertheilen geruhet.
210 1009 1107 1095 Aus einem Briefe von Seehausen,
487 1065 822 1134 vom 23. März.
193 1110 1171 1188 Der Todesfall eines geringen Mannes verdienet
135 1169 1171 1223 bisweilen eben so viele Achtsamkeit, als der Tod ei¬
142 1217 1161 1272 nes Grossen, um leibliche Veränderungen willen.
135 1264 1165 1315 Den 6ten dieses Monats verstarb allhier der Visita¬
142 1313 1161 1363 tor und Waagemeister bey der Königl. Accise, Peter
144 1353 1162 1409 Feutu, in dem 77sten Jahre seines Lebens. Die
135 1402 1159 1458 Umstände seines Todes waren sonderbar. Er war
144 1441 1161 1505 ein redlicher, aufrichtiger und ernsthafter Mann, der
135 1498 1165 1558 seinen GOtt von Herzen fürchtete, seinem Könige
148 1549 1155 1608 getreu war, und sich auf sein Ende immer bereitete.
135 1598 1165 1655 Als er den Tag vor seinem Ende die Gewißheit im
142 1647 1171 1717 Gemüthe erhielte, daß er bey vollen Kräften des Lei¬
148 1706 1165 1766 bes sterben würde, so gieng er zum Tischler, und be¬
151 1758 1170 1816 stellte seinen Sarg. Er besuchte den Kirchen=Pro¬
142 1809 1165 1870 visoren, und machte die Gebühr für seine Beerdigung
142 1862 1161 1910 an der Kirche und Schule richtig. Darauf nahm er
144 1900 1157 1960 von seinem Einnehmer, Hrn. Nehlung, und dessen
161 1950 1165 2008 Frau, den beweglichsten Abschied, und bat sie, seiner
144 1998 1168 2061 Leiche zu folgen. Dieses that er auch bey allen sei¬
142 2041 1161 2106 nen Nachbaren und Freunden. Er schrieb sodann
142 2098 1165 2155 einen Brief an seinen Sohn, einen Unterofficier
148 2148 1161 2202 bey dem Mansteinschen Reuterregiment, berichtete
139 2202 1166 2255 ihm seinen Tod, und bat ihn, am folgenden Sonn¬
138 2255 1166 2315 tage zur Beerdigung herüber zu kommen. Als er
147 2300 1161 2364 alles in Ordnung hatte, sprach er: "Bald hätte ich
166 2347 1159 2404 'noch eins vergessen. Mein Sohn muß für sein
142 2398 1161 2452 „Pferd Futter haben. Er gieng also hinaus zum
152 2438 1157 2505 Futterladen und schnitte so viel Hechsel, als er meyn¬
144 2491 1156 2562 te nöthig zu haben. Nun war es Abend. Erblieb
142 2544 1166 2605 aber in völliger Bereitung zum Tode. Seine Frau
142 2589 1166 2654 wolte ihm alle Todesgedanken ausreden, weil er mun¬
144 2647 1156 2703 ter und frisch war; allein, er ließ sich nichts irre ma¬
142 2699 1161 2746 chen. Endlich merkte sie an ihm, daß er zitterte, und
143 2735 1164 2808 die Lippen ihm blau wurden. Als er noch einige
139 2795 1164 2849 weisse Tropfen eingenommen hatte, gieng er selbst
147 2842 1161 2907 hinaus, und machte die Fensterladen zu. Darauf
135 2896 1161 2963 gieng er zu Bette. Die ganze Nacht hindurch lag
1196 322 2222 392 er im Gebet zu GOtt; und zu seiner wachenden Frau
1205 375 2222 430 sagte er: "Wer zu Christo wil, muß aller Creatur
1217 419 2226 479 Liebe fahren lassen, und sich einzig und allein an sei¬
1199 477 2228 530 nen Erlöser hängen." Gegen den Morgen forderte
1199 525 2224 581 er noch einmal zu trinken, und starb darauf mit ge¬
1202 576 2221 634 faltenen Händen und gen Himmel erhabenen Augen
1202 619 1929 689 ganz sanft, als ein Schlafender, hin.
1396 657 2014 727 Maynstrom, den 30. März.
1242 713 2227 777 Durch das Absterben des Holländischen General¬
1199 772 2217 831 lieutenants von der Cavallerie, Grafen von Hom¬
1199 814 2215 871 pesch, haben die Herren Generalstaaten seit einem
1199 870 1907 939 Jahre den 14ten General verloren.
1300 918 2146 982 Preßburg in Ungarn, den 13. März.
1246 969 2218 1025 Aus Carlsburg in Siebenbürgen, ist uns nachste=
1201 1014 2221 1077 hende erschröckliche Begebenheit, welche sich zu Panor,
1202 1068 2227 1124 zwo Stunden weit von gedachter Stadt zugetragen
1199 1112 2222 1175 hat, einberichtet worden: ”Allhier ist neulich ein
1199 1164 2228 1226 Wallach hingerichtet worden, welcher aus Eifersucht
1208 1219 2221 1272 sein 18jähriges Eheweib auf die grausamste Art er¬
1192 1272 2221 1326 mordet hatte. Schon etlichemale ward er an diesem
1193 1312 2218 1369 teuflischen Vorhaben verhindert, endlich aber gelung
1196 1361 2230 1420 es ihm doch, seiner Mordbegierde ein Genüge zu thun.
1199 1403 2218 1458 Er versperrte sich nämlich an einem Abende mit seinem
1197 1451 2215 1513 Weibe und ihrer Mutter in sein Haus, welches im
1202 1496 2221 1558 Gebirge von andern Wohnungen entfernet ist, nagel¬
1193 1552 2221 1607 te sein Weib, im Angesichte ihrer Mutter mit hölzer¬
1193 1603 2221 1661 nen Nägeln an die Wand, schnitt ihr die Nase, die
1199 1652 2222 1714 Ohren und die Brüste ab, trieb ihr zwey spitzige Höl¬
1202 1706 2219 1764 zer durch die Ohren, und einen Pflock durch den un¬
1193 1757 2221 1816 tern Leib. Er eröfnete ihr sodann die eine Seite mit
1202 1809 2215 1869 einem Messer; als er aber das Herz nicht gefunden,
1202 1856 2215 1911 auch die andere, und riß ihr das Herz aus dem Leibe.
1199 1902 2218 1955 Endlich heftete er diese Unglückselige mit 3 Pflöcken
1193 1950 2221 2004 neben dem Bette auf die Erde, und legte sich, gleich¬
1202 2000 2209 2052 sam von Grausamkeit berauscht, neben ihr nieder, und
1199 2050 2222 2108 schlief ein. Dadurch bekam die Mutter, welche sonst
1193 2098 2217 2160 gewiß auch ein Schlachtopfer seiner Wuth gewesen
1199 2144 2211 2208 seyn würde, Gelegenheit, die Thüre zu eröfnen, und
1199 2199 2215 2258 sich in Freyheit zu setzen. Selbige zeigte dieses gräu¬
1199 2255 2211 2309 liche Spectakel an, und der Thäter, den man noch
1199 2299 2215 2357 schlafend fand, wurde gebunden, und in gefängliche
1193 2351 2210 2400 Verwahrung gebracht. Außer diesem Zustande hätte
1187 2397 2210 2456 man ihm nicht so leicht beykommen köͤnnen, indem er
1193 2443 2204 2509 ein starker verwegener Kerl von 30 Jahren war, der
1201 2491 2209 2554 sich sonst schon bey andern Gelegenheiten unterstanden
1196 2556 2211 2607 hatte, gegen 20 Mann sich zu setzen. Das über ihn
1187 2596 2210 2650 ergangene unerhörte Todesurtheil war ziemlich scy¬
1193 2642 2210 2706 thisch, und seinem entsetzlichen Verbrechen völlig ge=
1187 2684 2206 2755 mäs. Er wurde nämlich zu Fuße zum Galgen ge¬
1193 2745 2211 2802 führet, alsdenn ausgezogen, und ihm mit glüenden
1187 2793 2210 2856 Zangen die Nase, beyde Ohren, und das Fleisch an
1186 2851 2210 2909 der Brust weggerissen. Auf gleiche Weise sollte er
1190 2897 2206 2964 auch der Augen beraubet werden, weil er aber, als
