2479 3508
237 292 1137 373 Sie graben tief mit ausgeschärften Spitzen
233 372 1038 467 Und Niemand ruft: Es ist vollbracht!
284 442 1237 529 Ich sink, ich sink in Mittelpunkt der Erden
229 533 1014 623 Vor seinem Weh, der Seelen Kauf!
232 604 1216 691 Wer wolte nun des Leichtsinns Herold werden,
233 684 906 763 Er opfert seine Stirn ihm auf!
231 756 1194 851 O laß mich GOtt! dein Dornenstachel ritzen
228 821 928 915 Wenn mich die Eitelkeit bethört-
231 889 1188 1003 Und nie laß mich bey deinen Spöttern sitzen,
233 973 973 1059 Weil dich ihr armer Witz entehrt!
300 1090 1198 1175 Die Erde solt dem Laster Dornen tragen
231 1146 1065 1223 Und Disteln — Aber GOtt verpflanzt
233 1231 1271 1315 Die Dornen auf sein Haupt — mit sieben Plagen
231 1314 982 1390 Aus Eden ist die Stirn verschanzt
224 1372 1272 1454 Nun blüht für uns, aus seinem Schmerz geboren
237 1448 832 1549 Ein aromatisch Feld heraus
233 1537 1128 1618 Und seine Erde steht nicht mehr verloren,
237 1606 1029 1695 Wird GOttes Pforte, GOttes Haus!
289 1692 1215 1784 Die Heucheley, die sich verlarvt, versöhnet
240 1780 963 1858 Er in des Purpurs Maskenkleid:
231 1853 1180 1953 Die Thorheit lacht, indes sein Auge thränet;
240 1926 919 2003 Er denkt den Fall der Eitelkeit:
224 1999 1215 2069 Wie werden einst die schöne Larven schwinden;
233 2072 958 2160 Der Sklave trägt den Fürstenhut,
231 2128 1164 2214 Die Wollust selbst verliert die Perlenbinden,
242 2211 949 2302 Und Spötter stehen ohne Muth!
305 2313 1218 2424 Wie wird er denn, der wilde Römer zagen
237 2400 971 2477 Wenn ihn der König richten wird,
233 2468 1265 2566 Dem er den Rohrstab reicht' -- Sein Feuerwagen
233 2546 1265 2621 Raucht schon — Er kömmt - Sein Seraph führt
237 2626 1169 2717 Den eisern Scepter, Heiden zu zerschmeissen
242 2701 926 2772 Erbarm dich, Mittler! über sie!
236 2767 1143 2870 Sie werden denn dich gerne König heissen,
220 2843 1043 2932 Und beugen denn im Ernst ihr Knie
1357 312 2285 391 Du, der du ihn, wenn er im hohey Wetter
1300 386 2107 475 Auf seiner Wolke fährt — verhöhnst,
1299 459 2297 540 Er ist derselbe GOtt am Kreutz - dein Retter
1306 529 2035 626 Dem du zu fluchen dich gewöhnst!
1293 627 2198 700 O Spötter! daß er dich noch nicht getödtet
1297 695 2143 765 Dank es, daß dich sein Blitz nicht frißt
1300 765 2207 844 Dank es der Dorne, die sein Antlitz röthet
1297 827 2030 910 Wodurch er deinen Spott gebüßt!
1362 926 2289 1014 Nur wir, dein Volk, das deine Kleider küsses
1306 1017 1979 1074 Auf die des Blutes Traubensaft
1297 1085 2322 1175 Als du die Kelter tratst, GOtt, Mittler! fließet —
1302 1142 1961 1246 Wir kennen deine Löwenkraft -
1292 1227 2325 1319 Heil dir! und Dank! Die Menge an dem Meere
1301 1293 2227 1394 Sey dein! - Die Helden seyn dein Lohn,
1302 1382 2220 1446 Sie bauen einst aus Thronen dir Altäre —
1291 1456 2053 1541 Und Herzen bauen sie zum Thron!
1359 1548 2297 1649 Der Glaube sieht an dir den sanften König
1296 1628 2003 1718 Der sich den Sündern übergiebt -
1296 1704 2151 1793 Zur Rache ist ein Bubenstück zu wenig,
1296 1776 2142 1858 Der trägt mehr, der uns sterbend liebt!
1297 1845 2106 1923 Auch ich hab jetzt an Geisterdiademen
1287 1917 2188 2000 Durch deine Schmach, mein Theil erlangt,
1300 2001 2241 2082 Bald werde ich dein Reich zum Erbe nehmen
1293 2077 2186 2169 Wo Unschuld wohnt, und Unschuld dankt!
1349 2160 2319 2270 Auf deinem Stuhl — vor Dornenkronen sicher
1293 2242 2120 2332 Trägst du, wie Staub der Welten Last,
1292 2304 2312 2434 Schreibst Thränen auf, in der Belohnung Bücher,
1289 2395 2223 2484 Schreibst auch dies arme Lied — und hast
1284 2473 2308 2557 Des Freigeist Spott, ihn schonend auch geschrieben
1289 2536 2029 2619 O rette ihn — und tödt ihn nicht
1283 2601 2285 2714 Vielleicht lernt er dein blutig Haupt auch lieben,
1283 2683 1975 2790 Eh'r als dein blitzend Angesicht!
2104 2914 2306 2996 Beschluß
