2479 3508
223 290 1255 365 che die Naturgeschichte, besonders die Kräuterkennt¬
230 360 1258 414 niß erweitert haben, von denen der Herr Verf. in
235 398 1263 474 diesem Werke einigen Gebrauch gemachet. Zuletzt
238 455 1226 518 ist ein vollständig Register der Pflanzen zu finden
287 502 1263 572 Nachdem wir also unsern Lesern eine kurze Recen
248 556 1268 616 sion der Einrichtung dieses Buches mitgetheilet ha¬
235 603 1258 670 ben, so können wir nicht umhin denselben noch über
246 649 1258 714 dem unsere Anmerkungen und Wünsche in Ansehung
238 693 2318 761 dieses Werkes, mit einer ungekünstelten und wie wir Genere Veronica, Euphorbia, Erigeron, u. a. m. zu
243 753 1268 825 hoffen, nicht beleidigenden Freymüthigkeit vorzule
246 802 1270 869 gen. Zuerst ist es uns unmöglich gefallen, in dem
251 849 1265 913 Exemplare so uns zu Händen gekommen ist, nich
248 900 1273 983 mehr als ein Kupferblatt zu finden, obgleich der Ti¬
241 955 836 1027 tel uns mehrere hoffen ließ. -
875 947 1276 1019 Ferner, können wir
248 999 1273 1069 gar nicht begreifen, wie man doch die Geträidearten,
248 1051 1270 1113 Gartenfrüchte und Hülsengewächse, die man mit
248 1095 1270 1159 Sorgfalt säen und ziehen muß, in die Floram Bo¬
241 1146 1268 1206 russicam habe können hereinziehen: denn der Fleif
248 1198 1268 1258 der Menschen ziehet gar manche Gewächse an einem
248 1242 1268 1304 Orte, obgleich die Natur dieselben nicht von selbst
241 1294 2316 1358 hervorbringet; und jene kann man doch mit keinem unrecht, wenn man ohne Noth und aus einer bloßen
241 1346 1268 1408 Rechte in die Floram indigenam hereinbringen: in
241 1392 1268 1462 dem nach unsern Begriffen die Flora eines Ortes,
241 1444 1273 1506 einer Gegend, eines ganzen Landes, eigentlich nur
246 1498 1273 1552 die Gewächse begreifet, welche die Natur als Mut¬
241 1547 1822 1607 ter von selbst ohne Zuthun der Kunst oder Bearbei= der Natur nachzuarbeiten,
241 1591 1273 1648 tung erzeuget; die aber, so von ihr, als Stiefkinder
235 1651 2311 1708 durch menschlichen Fleiß erzielet werden, gehören gen der Corolla, der Fructification, und dem Situ
246 1687 644 1757 billig nicht dahin.
246 1728 1273 1803 gar im mindesten nicht, daß einige ausländische
241 1785 1273 1847 Gewächse mit der Zeit nicht an einem Orte, solten
246 1832 1270 1899 können naturalisiret werden; so ist jetzt die Datura
241 1886 1268 1948 die doch aus Westindien erst zu uns gekommen ist,
256 1938 1268 2003 schon ein inländisch Gewächs, so wie auch die Oeno
246 1974 2318 2057 thera oder Onagra latifolia. Ja ich habe selbst die von Herzen, daß der Fleiß des Herrn V. der uns in
246 2036 1270 2106 Euphorbiam umbella quadrifida, dichotoma, foliolis
246 2093 2318 2150 oppositis integerrimis oder die Lathyris major wild graphiae Borussicae Hofnung machet, die Lust zu
241 2137 1268 2197 in Preussen gefunden, da sie doch sonst nur in den
246 2176 2313 2256 warmen Gegenden Frankreichs und Italiens einhei- Kräuterkunde möge in bessere Aufnahme bringen,
243 2243 515 2313 misch ist. —
241 2272 2313 2357 hen, bey der großen Anzahl von mehr denn ke der Natur sorgfältiger zu untersuchen, und ge¬
238 2329 2305 2404 1200 Speciebus der Pflanzen, daß man nicht wissere Kentniß darin zu erlangen, und sie der
241 2383 2313 2445 dafür halte als wären die in diesem Buche an= Welt mit einem edlen Wetteifer mitzutheilen, da
241 2432 2311 2502 geführten Species alle wirklich besondere Species, denn zu seiner Zeit schon von selbst ein ausgebrei¬
248 2476 2311 2551 sondern einige zufällige Abänderungen der Blume teter Nutzen daraus unserem Vaterlande erwachsen
241 2541 2308 2603 haben den Herrn V. zuweilen veranlasset besondere wird: und welches edle Herz muß demnach nicht
246 2588 2300 2650 Species daraus zu machen, ob sie es gleich nicht diesem unserem patriotischen Wunsche beypflichten
241 2631 2313 2709 wirklich sind; denn so ist das etwas verblichene und Kostet in der Kanterschen Buchhandlung allhier
241 2686 2067 2758 daher röthliche Symphitum No. 739. keinesweges wie auch in Elbing und Mitau 2 fl.
1281 279 2321 373 eine neue Species, indem ich öfters auf einer Stau¬
1281 357 2318 417 de dunkelblaue oder violette, und auch röthliche Blu¬
1283 409 2318 463 men zugleich gefanden habe. Dagegen hätte der ge¬
1286 455 2316 518 lehrte Herr V. wirklich die Anzahl derer Specierum
1286 505 2318 577 ansehnlich können vermehren, wenn er des verdien¬
1289 556 2321 618 ten Herrn Patricii Reyger Tentamen Florae Geda¬
1281 600 2318 665 nensis, zu brauchen hätte für gut befunden, wie sol¬
1286 655 2324 714 ches so gleich bey dem ersten Anblicke z. Ex. bey dem
1294 745 1560 812 sehen ist. —
1581 758 2316 815 Endlich so ist noch zu bemerken, daß
1294 810 2318 867 nichts so sehr das Wachsthum der Wissenschaften
1296 851 2316 911 hindert und aufhält, als wenn man ohne Noth eine
1294 893 2313 960 neue Methode oder Terminologie einführet. Des
1294 950 2313 1007 unsterblich verdienten Ritters von Linne fürtreflliche
1294 996 2313 1053 Methode, ist nicht nur sehr faßlich, sondern sie hat
1294 1045 2311 1115 auch ihre unumstößliche Gewisheit und Gründe, so
1289 1095 2318 1162 wie auch einige kleine Mängel, welche sie aber haben
1294 1144 2321 1208 muß, wegen der Unvollkommenheit aller menschlichen
1291 1195 2318 1263 Erkenntniß: es ist demnach jetzt da dieselbe überal
1294 1239 2318 1312 von allen Kräuterkennern angenommen wird, ganz
1286 1346 2313 1405 Neuerungssucht von ihr abgehet, und durch neue
1286 1397 2313 1452 und unbequeme Methoden das Wachsthum der
1291 1452 2313 1514 Wissenschaften aufhält, da man billig besser thäte,
1294 1496 2313 1560 diesem großen Lieblinge und Kenner der Geheimnisse
1840 1550 2318 1615 und seine Methode nur
1296 1596 2316 1661 vollkommener zu machen durch nähere Bestimmun¬
714 1697 2318 1752 Wir leugnen dadurch aber staminum, wie es bisher die größesten Kräuterver¬
1302 1734 2318 1803 ständige geleistet haben; aus dieser Betrachtung
1299 1791 2321 1850 nun fließet natürlich, daß des Herr D. W. seine
1299 1829 2318 1902 Flora unstreitig brauchbarer gewesen wäre, wenn er
1294 1879 2321 1951 anstatt der Gerardischen die Linnäische Methode dar¬
1299 1930 1716 2005 in beybehalten hätte.
1819 1943 2321 2000 Uebrigens wünschen wir
1294 2042 2316 2098 der Vorrede zu einer baldigen Ausgabe der Ichthyo¬
1286 2135 2318 2194 der Geschichte der Natur und besonders zu der
536 2228 2311 2295 Hienächst muß man sich wohl vorse= und die Kenner und Liebhaber erweckte, die Wer¬
