2479 3508
210 312 1247 405 nach seinen Bischofthum ab, hingegen sind hier ge
218 400 1245 460 stern frühe Se. Durchl. der Fürst Bischof von Erm
216 450 1240 509 land eingetroffen. Nachdem der Herr Morczenski,
223 502 1247 551 Woywod von Innowroclau, die Kron= und andere
221 548 1250 600 Reichsinsignia nach Cracau abgeführet, so ist dersel
221 603 1245 663 be heute vor acht Tagen wieder alhier eingetroffen,
218 657 1250 720 um der Schatzcommißion beyzuwohnen, welche am
226 691 1250 754 gestrigen Tage im Capucinerkloster eröfnet worden.
226 738 1255 806 Diese Commißion ist gegenwärtig beschäftiget, ein
223 790 1250 855 Instructorium für den Generalzoll zu entwerffen,
226 852 1255 904 welche im Monat Merz publiciret werden soll, und
223 889 1255 954 hauptsächlich darinen bestehen, daß von denen polnin
234 946 1253 1008 schen Producten die im Lande verkaufet werden, zw ey=
226 990 1255 1052 pro Cent gezahlet werden soll, wann aber solche Pro
226 1045 1255 1107 ducte außerhalb Lundes geschicket werden, zahlet man
226 1099 1247 1149 von selbigen 10 pro Cent. Von auswärtigen nack=
223 1130 1260 1203 Polen eingeführten Waaren von großer Nothwen¬
223 1198 1250 1253 digkeit, ohne welche man sich nicht behelfen kann
234 1242 1258 1302 werden 4 pro Cent gezahlet, von wenig nöthigen
234 1294 1260 1354 ausländischen Waaren zahlet man 8 pro Cent von
229 1333 1266 1414 denenjenigen die nur zum überfluß dienen, als da
244 1385 1268 1453 sind reiche Estoffe, gestückte Kleider, Juvelen und
236 1448 1260 1499 allerhand Galanteriewaaren, sollen 12 pro Cent ne-
236 1544 1266 1603 centen ersterer Classe bekommt die Republik eine
236 1596 1268 1648 Hälfte und die andere der König, von denen Pro=
236 1635 1268 1700 cento hingegen derer andern Classen fallen 3 Theile
239 1684 1268 1739 an die Republik, und das 4te an den König. Man
242 1733 1268 1791 hat hier gewisse Nachricht, daß sich sämtliche Herrn
242 1775 1260 1837 Feldherrn von beiden Nationen zu Bialystock einge,
242 1822 1268 1889 funden, um daselbst mit Sr. Erl. dem Herrn Castel=
242 1876 1255 1941 lan von Cracau und Krongroßfeldherr, Graf Brani
239 1939 2214 2017 ki, eine Berathschlagung wegen der Kriegscommission tien, par Formey, Tom. II, 1765. 3 fl. 15 gr.
242 1985 1271 2045 zu halten, welche im kurzen ihren Anfang nehmen
244 2035 1268 2102 soll. Am verwichnen Sonnabend retournirt anhero
236 2076 1266 2141 aus Christianopel der Herr Woywod von Kyow,
236 2131 1260 2186 der Herr Graf von Brühl, Generalfeldzeugmeister
242 2180 1268 2238 Aus Rußisch Lemberg ist hier die betrübte Nachricht
242 2235 1260 2289 eingegangen, daß in dem Humanskischen, obbesagten
242 2277 1258 2334 Herrn Woywoden von Kyow gehörigen Gütern, di
247 2323 1271 2386 Pest sich wirklich verbreitet habe, welche sich auch in
236 2373 811 2456 der Landschaft Halitz äußert.
517 2393 1003 2490 Wilda, den 8. Febr.
296 2448 1268 2536 Zum hiesigen Landtage hat sich der Adel dieser
239 2518 1268 2581 Woywodschaft sehr zahlreich eingefunden, und man
244 2573 1273 2635 kann zuverläßig versichern, daß derselbe zufolge der
242 2635 1266 2703 neuen Einrichtung durch die Sicherheit der Stimmen
244 2679 1268 2736 glücklich bestanden. Gleich am ersten Tage sind die
236 2721 1273 2783 Deputirten zum Tribunal erwählet worden, worauf
242 2770 1268 2825 denn die Wahl der Beysitzer zu den Landgerichten er=
242 2817 1271 2885 folgte; die Wahl der Richter aber ist noch nicht be=
234 2866 1273 2929 kannt geworden. Indessen hat es an gewöhnlichen
244 2924 1281 3002 Excessen nicht gefehlet, die von den kleinen Edelleu=
1268 327 2300 416 ten und Bedienten verübet worden sind. Sie ver=
1276 405 2300 465 sammleten sich nämlich vor der Judenschule, und da
1273 452 2300 509 die Juden eine Parthey mit wenigen Ducaten abfer=
1263 502 2302 574 tigten: so versammlete sich sogleich eine andere. Weil
1268 561 2292 611 nun die Juden des Geldaustheilens müde waren,
1268 611 2305 663 der Tumult aber anfing ernsthafter zu werden: so
1279 655 2302 712 gaben die zum Schutz herbeygeholte Stadtsoldaten
1276 712 2305 772 Feuer; wodurch 2 Tumultuanten blessirt wurden, die
1276 751 1796 829 übrigen aber davon liefen.
1489 787 2100 868 Petersburg, den 4. Jan.
1328 834 2313 912 Dervis -Effendi, der außerordentliche Gesandte
1279 894 2300 962 des Groß=Sultans, welcher Ihro Kaiserl. Maj. zu
1281 951 2297 1011 dero Gelangung zum Thron den Glückwunsch abge-
1292 1003 2302 1065 stattet, ist auf seiner Zurückreise nach Constantinopel
1289 1058 2302 1110 zwischen Moscau und Toula mit Tode abgegangen.
1284 1104 2308 1162 Der Gesandschaftssecretair genoß hierauf auf Befehl,
1284 1149 2302 1206 der Kaiserin alle Ehrenbezeugungen bis an die türki=
1289 1195 2302 1266 sche Grenze, welche sonst seinem verstorbenen Princi
1289 1250 1884 1323 pal allein zugekommen wären.
1601 1370 2011 1458 AVERTISSEMENT.
1336 1427 2315 1507 Bey dem Verleger dieser Zeitung ist zu haben:
229 1466 2318 1559 mine excepto, gezahlet werden. Von denen Pro- Der Greis, 8ter Theil, 8, 1765, 1 fl. Acht kleine
1289 1551 2308 1609 Gedichte der Liebe und der Freundschaft, 8, 1765.
1286 1603 2313 1653 9 gr. Joachim Friedrich Henkels Anhang von der
1286 1640 2318 1697 Wirkung der äußerlichen Arzeneyen, 8, 1765, 18 gr.
1292 1689 2313 1749 Formey Entwurf aller Wissenschaften zum Gebrauch
1297 1739 2310 1801 der Jünglinge, aus dem Französischen, 1ster Theil,
1286 1780 2313 1843 8, 1765, 1 fl. 15 gr. Daphnis et le premier navi
1299 1840 2315 1894 gateur poëmes de Mr. Gesner, 8, 1765, 1 fl. Dis-
1286 1889 2300 1944 cours moreaux pour servir de suite au philosophhechrê
1344 2061 2315 2131 In Berlin sind bey der 19ten Ziehung der König=
1289 2113 2318 2175 lichen Preußischen Lotterie nachfolgende Nummern
1289 2162 2071 2222 gezogen worden: 44. 40. 14. 33. 17.
2102 2162 2313 2225 Bey dieser
1297 2193 2323 2269 19ten Ziehung hat die Generaladministration der
1294 2256 2321 2326 Königl. Preußischen Lotterie außer denen gewonne=
1289 2305 2318 2370 nen simplen und bestimmten Auszügen, deren eini¬
1297 2357 2321 2417 ge letzterer Art mit 12. 20. 25. 30 und 50 fl. be=
1299 2404 2318 2466 setzet gewesen, imgleichen denen ansehnlich gewonne=
1297 2464 2321 2521 nen 177 Amben=Loosen, durch die zu Berlin und
1297 2510 2321 2565 zwar auf des Hrn. Einnehmer Beckerhinn Comtoir
1299 2562 2323 2617 sub No. 10 des Hrn. Laval No. 24. des Hr. Re=
1299 2614 2328 2666 my No. 31. des Hrn. Binner Comtoir sub No. 121.
1307 2656 2318 2718 Fünf gefallene Ternen, davon auf des ersteren, des
1297 2705 2323 2786 Hrn. Beckerhinn zwey Ternen gefallen, einen an=
1305 2752 1817 2833 sehnlichen Verlust gelitten.
1302 2809 2318 2918 Diese Gelehrte und Politische Zeitung wird des Montags
1403 2890 2227 2947 und Freytags Vormittags um 10 Uhr in dem
1486 2934 2141 3002 Kanterschen Buchladen ausgegeben.
