2479 3508
283 339 374 399 Was
404 342 577 402 wünschest
595 342 629 402 du
659 344 704 404 dir
740 346 850 406 wohl,
879 347 965 407 sagte
989 345 1023 405 er
1053 348 1185 408 einstens
1215 351 1249 411 zu

236 389 442 449 demjenigen
473 390 669 450 Soldaten,
695 395 750 455 der
781 395 830 455 die
856 395 1042 455 Leibwache
1068 398 1103 458 an
1139 398 1239 458 seinem

237 443 390 503 Zimmer
417 440 528 500 hatte?
570 443 776 503 Gnädigster
798 446 904 506 Herr,
920 448 1110 508 antwortete
1138 449 1164 509 er
1212 449 1253 509 ich

239 491 382 551 wünsche
414 491 536 551 meinen
574 494 743 554 Abschied.
792 497 876 557 Das
908 500 1174 560 Soldatenleben
1211 497 1264 557 ge¬

244 537 318 597 fallt
345 539 408 599 mir
435 542 546 602 nicht,
568 545 631 605 und
668 545 753 605 wenn
785 545 827 605 ich
865 548 1023 608 bedenke,
1050 549 1108 609 daß
1141 548 1182 608 ich
1215 548 1240 608 im

245 589 363 649 Kriege
402 592 494 652 leicht
521 592 564 652 ein
597 595 754 655 Krüppel
787 597 944 657 werden,
966 598 1031 658 und
1070 597 1253 657 Zeitlebens

237 639 321 699 elend
349 641 466 701 bleiben
499 645 605 705 kann:
638 643 664 703 so
697 646 771 706 kann
809 646 851 706 ich
884 649 1007 709 meinen
1045 646 1269 706 gegenwärti¬

245 689 298 749 gen
326 691 466 751 Zustand
494 696 575 756 nicht
597 697 743 757 anders,
777 697 825 757 als
858 697 906 757 den
939 697 1020 757 Weg
1053 697 1085 757 zu
1118 697 1242 757 meinem

237 739 421 799 Verderben
449 745 600 805 nennen.
634 745 806 805 Wohlan,
824 745 907 805 sagte
930 745 985 805 der
1008 745 1136 805 König.
1170 745 1259 805 Hier

240 789 277 849 ist
311 789 381 849 dein
420 795 593 855 Abschied.
643 792 702 852 Du
747 792 861 852 kannst
889 792 964 852 nach
992 792 1106 852 Hause
1139 795 1264 855 gehen.

232 837 309 897 Der
344 841 477 901 Soldat
507 842 629 902 segnete
658 840 713 900 den
748 840 882 900 König.
938 843 954 903 O
1000 843 1095 903 schrie
1124 843 1157 903 er
1185 843 1269 903 aus,

237 889 304 949 was
332 889 371 949 ist
388 891 443 951 das
472 892 521 952 für
544 891 616 951 eine
639 888 778 948 Größe,
807 891 851 951 ein
891 891 1002 951 König
1025 891 1052 951 zu
1080 894 1180 954 seyn,
1209 891 1258 951 der

245 942 349 1002 andre
371 942 513 1002 glücklich
545 942 671 1002 macht!
704 939 787 999 Nun
820 939 887 999 will
904 939 946 999 ich
978 942 1062 1002 mein
1089 942 1183 1002 Leben
1215 939 1241 999 im

244 991 376 1051 Schooß
403 992 525 1052 meiner
553 990 700 1050 Freunde
722 990 818 1050 ruhig
839 990 1062 1050 hinbringen,
1079 990 1136 1050 und
1158 990 1264 1050 meine

239 1040 386 1100 gesunde
413 1038 554 1098 Glieder
587 1040 663 1100 aufs
696 1040 788 1100 Alter
816 1040 951 1100 sparen.
1017 1040 1071 1100 Er
1104 1040 1180 1100 ging
1202 1039 1261 1099 also

240 1091 312 1151 nach
340 1090 441 1150 seiner
464 1088 641 1148 Heimath.
692 1090 798 1150 Allein
826 1088 882 1148 der
905 1088 993 1148 Plan
1022 1087 1049 1147 zu
1084 1090 1177 1150 seiner
1200 1087 1267 1147 Ru¬

244 1139 280 1199 he
306 1139 373 1199 war
394 1138 461 1198 sehr
487 1139 610 1199 schlecht
627 1139 791 1199 gemacht.
844 1137 962 1197 Indem
1004 1139 1029 1199 er
1056 1139 1143 1199 durch
1169 1136 1257 1196 einen

244 1187 344 1247 Wald
382 1187 482 1247 gehen
515 1187 652 1247 mußte,
690 1184 737 1244 wo
769 1185 843 1245 eben
881 1186 922 1246 ein
955 1187 1065 1247 Jäger
1098 1187 1150 1247 sich
1183 1184 1267 1244 erlu¬

244 1237 368 1297 stigte,
391 1236 477 1296 schoß
504 1234 602 1294 dieser
624 1233 878 1293 unvorsichtiger
901 1234 1009 1294 Weise
1042 1234 1134 1294 gegen
1172 1234 1258 1294 einen

247 1285 391 1345 Baum,
423 1285 535 1345 hinter
568 1285 701 1345 welchem
750 1282 798 1342 sich
836 1283 889 1343 der
916 1285 1055 1345 Soldat
1082 1285 1274 1345 angestützet

248 1333 352 1393 hatte.
405 1333 475 1393 Und
516 1333 614 1393 dieser
644 1336 760 1396 Schuß
802 1336 912 1396 kostete
942 1336 994 1396 ihm
1047 1335 1105 1395 sein
1146 1336 1268 1396 rechtes

255 1384 361 1444 Bein,
387 1387 519 1447 welches
545 1387 575 1447 er
595 1387 650 1447 vor
677 1390 726 1450 dem
771 1390 890 1450 Kriege
916 1390 940 1450 in
966 1390 1167 1450 Sicherheit
1187 1390 1274 1450 brin¬

247 1437 304 1497 gen
338 1440 463 1500 wollte.

300 1485 386 1545 Eben
427 1488 450 1548 so
480 1488 595 1548 erging
625 1489 659 1549 es
683 1491 781 1551 diesem
828 1491 1153 1551 Menschenfreunde
1177 1488 1274 1548 über¬

248 1538 357 1598 haupt
375 1539 435 1599 mit
457 1539 556 1599 seinem
596 1539 711 1599 ganzen
739 1541 860 1601 Lande.
938 1539 1031 1599 Alles
1065 1539 1158 1599 schrie
1186 1536 1263 1596 über

236 1587 379 1647 Armuth
415 1585 430 1645 —
497 1586 568 1646 viel
594 1587 712 1647 Arbeit
743 1584 758 1644 —
820 1587 938 1647 theure
964 1584 1076 1644 Zeiten
1118 1581 1132 1641 —

1188 1584 1257 1644 und

714 1631 870 1691 Candi
897 1631 1058 1691 versuchte
1097 1628 1156 1688 es,
1183 1631 1263 1691 allen

246 1634 415 1694 sparsame
448 1628 654 1688 Einkünfte.

244 1681 345 1741 diesen
383 1679 505 1739 Klagen
543 1679 761 1739 abzuhelfen;
799 1678 862 1738 und
895 1679 931 1739 da
964 1677 1016 1737 ihm
1066 1678 1113 1738 die
1145 1676 1267 1736 Götter

246 1730 299 1790 die
326 1730 453 1790 Kraft,
480 1727 633 1787 Wunder
665 1727 697 1787 zu
734 1727 845 1787 thun,
872 1727 1010 1787 gegeben
1048 1727 1196 1787 hatten:
1233 1724 1264 1784 so

242 1781 421 1841 verschafte
449 1778 476 1838 er
509 1778 612 1838 seinen
646 1776 874 1836 Unterthanen
913 1777 1065 1837 besondre
1099 1778 1267 1838 glückliche

241 1831 347 1891 Zeiten
386 1827 401 1887 —
466 1828 637 1888 Niemand
675 1828 781 1888 durfte
814 1826 905 1886 mehr
937 1828 1076 1888 arbeiten
1119 1823 1129 1883 -

1177 1825 1268 1885 Nie.

242 1882 339 1942 mand
372 1878 481 1938 durfte
509 1879 622 1939 Schoß
661 1879 721 1939 und
749 1880 917 1940 Gebühre
945 1879 1069 1939 erlegen

1186 1879 1267 1939 Die

250 1930 368 1990 Felder
390 1930 497 1990 trugen
531 1929 584 1989 von
617 1930 724 1990 selbst.
746 1925 762 1985 —
827 1930 902 1990 Die
924 1931 1123 1991 Weinberge
1151 1931 1258 1991 waren

252 1981 304 2041 für
337 1984 527 2044 jedermann
565 1981 665 2041 offen,
692 1981 707 2041 —
777 1981 840 2041 und
878 1984 940 2044 nun
979 1984 1084 2044 dachte
1116 1983 1259 2043 Canbi

247 2031 307 2091 sein
341 2031 424 2091 Land
458 2031 619 2091 zufrieden
658 2034 780 2094 gestellt
803 2034 835 2094 zu
869 2033 996 2093 haben.
1070 2033 1158 2093 Aber
1197 2033 1257 2093 nun

249 2079 360 2139 mußte
393 2079 418 2139 er
451 2082 525 2142 auch
557 2083 647 2143 selbst
679 2084 737 2144 aus
769 2083 869 2143 seinem
912 2082 1013 2142 Lande
1034 2082 1161 2142 flüchtig
1188 2082 1251 2142 wer

241 2128 304 2188 den

413 2130 497 2190 Kein
530 2130 662 2190 Mensch
689 2130 794 2190 wollte
816 2130 863 2190 ihm
901 2132 985 2192 mehr
1007 2133 1156 2193 gehorsam
1199 2130 1272 2190 wer¬

251 2177 337 2237 den:
376 2178 447 2238 man
481 2178 639 2238 glaubte,
668 2180 725 2240 das
759 2179 960 2239 Paradies,
995 2178 1128 2238 welches
1158 2178 1186 2238 er
1220 2178 1253 2238 ge

257 2227 380 2287 schaffen
411 2226 514 2286 hatte,
541 2226 649 2286 würde
675 2226 815 2286 niemals
841 2228 1021 2288 vergehen.
1053 2226 1130 2286 Der
1151 2226 1269 2286 Bauer

252 2276 377 2336 streckte
398 2276 447 2336 sich
473 2273 523 2333 ins
549 2273 639 2333 Gras
669 2273 679 2333 —
730 2274 820 2334 ward
846 2273 906 2333 fett
922 2273 936 2333 —
992 2276 1037 2336 ein
1068 2273 1203 2333 Rebelle

253 2330 312 2390 und
350 2329 393 2389 ein
421 2324 594 2384 Drittheil
616 2324 670 2384 der
697 2324 822 2384 Nation
860 2324 941 2384 starb
974 2322 1006 2382 am
1056 2324 1272 2384 Müßiggan¬

387 2375 459 2435 Die
487 2378 681 2438 Geizigen,
704 2375 736 2435 ob
770 2372 808 2432 sie
837 2375 931 2435 gleich
965 2372 992 2432 im
1037 2374 1175 2434 Schoos
1209 2374 1258 2434 des

246 2378 290 2438 ge

250 2429 466 2489 Ueberflusses
488 2426 617 2486 lebten,
645 2425 823 2485 schimpften
856 2423 915 2483 auf
932 2423 980 2483 die
1002 2423 1251 2483 Verschwender

244 2477 301 2537 und
333 2479 510 2539 versorgten
542 2478 615 2538 sich,
631 2476 725 2536 unter
752 2473 897 2533 manchem
940 2474 1060 2534 bangem
1108 2476 1269 2536 Seufzer,

251 2524 308 2584 wie
332 2527 360 2587 es
389 2530 481 2590 ihnen
511 2531 579 2591 noch
609 2530 741 2590 ergehen
771 2527 909 2587 könnte,
933 2526 996 2586 mit
1026 2527 1111 2587 einem
1153 2527 1267 2587 Noth=
1297 2524 1377 2584 mich
1407 2524 1579 2584 betrogen.
1626 2530 1701 2590 Nie
1731 2532 1834 2592 werde
1858 2535 1903 2595 ich
1933 2536 2025 2596 mehr
2060 2536 2227 2596 glauben,
2251 2535 2308 2595 daß

256 2576 419 2636 schilling.

295 2626 351 2686 Ja
374 2626 408 2686 es
431 2628 487 2688 gab
516 2632 634 2692 Leute,
658 2632 708 2692 die
731 2629 827 2689 sogar
856 2627 917 2687 mit
946 2626 1019 2686 allem
1071 2626 1166 2686 diesem
1207 2625 1268 2685 Ue¬

242 2673 363 2733 berfluß
392 2673 458 2733 noch
486 2676 569 2736 nicht
592 2679 752 2739 zufrieden
775 2676 903 2736 waren.
931 2676 991 2736 Ein
1014 2676 1108 2736 Paar
1126 2675 1258 2735 Bauer=
1292 2674 1448 2734 Götter!
1493 2676 1581 2736 Man
1615 2679 1748 2739 beklagt
1776 2682 1825 2742 sich
1859 2682 1936 2742 über
1965 2682 2031 2742 euch
2065 2682 2231 2742 unbillig,
2265 2682 2314 2742 als

241 2724 353 2784 leute,
380 2724 491 2784 Mann
518 2724 576 2784 und
598 2724 693 2784 Weib
726 2730 847 2790 warfen
885 2726 933 2786 sich
971 2724 1018 2784 dem
1061 2726 1193 2786 Könige
1221 2722 1252 2782 zu

245 2775 383 2835 Füßen,
412 2772 473 2832 und
501 2773 634 2833 sagten:
663 2778 868 2838 Gnadigster
891 2778 1030 2838 König!
1053 2777 1114 2837 wir
1137 2775 1252 2835 danken

242 2826 306 2886 euch
334 2821 394 2881 vor
416 2820 465 2880 die
487 2822 634 2882 Gnade,
662 2825 716 2885 daß
749 2828 798 2888 ihr
832 2829 891 2889 uns
924 2829 984 2889 von
1017 2829 1131 2889 unsrer
1154 2827 1262 2887 Dürf=

241 2876 354 2936 tigkeit
371 2873 519 2933 befreyet
536 2873 632 2933 habt.
679 2873 758 2933 Wir
775 2876 877 2936 haben
906 2879 1014 2939 bisher
1037 2876 1173 2936 gehabt,
1185 2873 1253 2933 was

238 2926 305 2986 wir
329 2926 538 2986 wünschten;
578 2924 651 2984 aber
675 2924 748 2984 ach!
777 2928 838 2988 wir
862 2932 963 2992 hatten
998 2930 1083 2990 einen
1112 2927 1252 2987 einzigen

1299 348 1432 408 Sohn,
1467 350 1519 410 für
1560 351 1692 411 welchen
1728 348 1791 408 wir
1821 351 1913 411 unser
1948 351 2133 411 Vermögen
2180 351 2324 411 sparten,

1296 398 1355 458 und
1399 400 1475 460 eben
1508 398 1562 458 der
1590 398 1628 458 ist
1656 398 1736 458 diese
1764 399 1879 459 Nacht
1906 399 2091 459 gestorben.
2146 398 2249 458 Habt
2277 398 2325 458 die

1303 449 1504 509 Gütigkeit,
1536 449 1599 509 und
1637 447 1737 507 schaft
1770 446 1827 506 uns
1871 449 1965 509 unser
1998 449 2087 509 Kind
2130 449 2246 509 wieder
2273 444 2289 504 -

1294 496 1372 556 Der
1407 498 1520 558 König
1554 500 1656 560 lachte
1690 495 1769 555 über
1798 497 1894 557 diesen
1940 500 2127 560 einfältigen
2167 500 2302 560 Wunsch

1298 546 1359 606 und
1387 548 1470 608 sagte
1499 548 1627 608 ihnen,
1655 546 1722 606 nach
1762 545 1861 605 seiner
1890 548 2051 608 geheimen
2086 551 2331 611 Wissenschaft,

1305 595 1352 655 die
1374 596 1405 656 er
1422 596 1532 656 hatte:
1554 596 1665 656 Wenn
1697 594 1766 654 euer
1788 592 1882 652 Sohn
1915 595 2004 655 wäre
2021 600 2105 660 leben
2132 601 2328 661 geblieben:

1304 648 1332 708 so
1356 646 1465 706 würde
1489 646 1517 706 er
1541 646 1563 706 in
1593 645 1691 705 seinem
1744 642 1940 702 dreyßigsten
1969 644 2056 704 Jahr
2085 647 2119 707 an
2155 649 2206 709 den
2236 652 2327 712 Gal¬

1301 699 1356 759 gen
1384 697 1543 757 gehangen
1572 694 1704 754 haben!
1726 690 1742 750 —
1804 688 1952 748 Possen!
1975 697 2173 757 antwortete
2190 698 2234 758 der
2256 700 2322 760 Va¬

1293 742 1342 802 ter
1376 740 1386 800 —
1448 742 1525 802 Wir
1559 745 1664 805 hätten
1704 740 1753 800 ihn
1787 739 1881 799 wohl
1904 743 2015 803 inacht
2037 747 2259 807 genommen,
2287 751 2314 811 er

1298 792 1389 852 hätte
1417 789 1476 849 aus
1510 792 1651 852 Armuth
1695 791 1754 851 kein
1792 788 1879 848 Dieb
1913 791 2037 851 werden
2071 795 2206 855 dörfen,
2250 798 2314 858 und

1303 843 1361 903 zum
1409 839 1578 899 wenigsten
1615 840 1741 900 würden
1784 837 1842 897 wir
1869 840 1937 900 doch
1975 843 2021 903 die
2043 846 2170 906 Freude
2197 846 2323 906 gehabt

1304 891 1427 951 haben,
1445 886 1495 946 ihn
1524 888 1575 948 bis
1604 888 1654 948 ins
1677 888 1852 948 dreyßigste
1881 891 1971 951 Jahr
1994 894 2033 954 um
2074 897 2130 957 uns
2159 897 2186 957 zu
2215 897 2322 957 sehen.

1309 939 1449 999 Candi
1482 936 1558 996 wieß
1591 936 1666 996 diese
1688 939 1959 999 Unvernünftige
1981 947 2062 1007 ganz
2085 945 2149 1005 ab,
2177 948 2236 1008 und
2269 948 2317 1008 als

1297 987 1329 1047 er
1356 987 1403 1047 sich
1430 984 1488 1044 von
1515 986 1610 1046 ihnen
1643 990 1845 1050 wegkehrte,
1872 993 1961 1053 stand
1994 995 2062 1055 eine
2100 998 2163 1058 alte
2190 998 2317 1058 betagte

1299 1034 1452 1094 Jungfer
1475 1032 1532 1092 vor
1555 1037 1641 1097 ihm.
1687 1038 1766 1098 Sie
1790 1042 1886 1102 nickte
1904 1045 1954 1105 sich
1978 1045 2063 1105 ganz
2087 1049 2228 1109 zierlich,
2252 1046 2314 1106 und

1304 1083 1381 1143 bat,
1409 1082 1458 1142 der
1487 1085 1592 1145 König
1620 1088 1736 1148 möchte
1759 1091 1808 1151 ihr
1832 1094 1898 1154 doch
1926 1097 1998 1157 ihre
2021 1097 2153 1157 Jugend
2193 1097 2325 1157 wieder¬

1303 1133 1472 1193 schenken:
1499 1134 1556 1194 das
1578 1139 1704 1199 wüßten
1737 1141 1784 1201 die
1806 1142 1948 1202 Götter,
1975 1142 2032 1202 daß
2065 1145 2101 1205 sie
2134 1147 2196 1207 dies
2234 1148 2318 1208 nicht

1297 1184 1355 1244 aus
1383 1182 1536 1242 Eitelkeit
1559 1188 1734 1248 wünschte,
1750 1190 1883 1250 sondern
1916 1190 1990 1250 weil
2012 1190 2048 1250 sie
2070 1193 2129 1253 nun
2161 1196 2187 1256 in
2214 1196 2304 1256 einem

1305 1234 1331 1294 so
1358 1231 1485 1291 schönen
1512 1235 1617 1295 Lande
1639 1236 1745 1296 lebte,
1777 1237 1909 1297 welches
1947 1237 2036 1297 durch
2069 1241 2121 1301 die
2143 1243 2322 1303 Gütigkeit

1301 1285 1354 1345 des
1382 1285 1512 1345 Königs
1540 1286 1561 1346 so
1594 1288 1665 1348 viel
1682 1288 1827 1348 Anmuth
1866 1287 1925 1347 und
1953 1288 2127 1348 Ueberfluß
2160 1289 2197 1349 an
2231 1291 2306 1351 allen

1304 1339 1546 1399 Lebensgütern
1575 1339 1688 1399 hätte:
1717 1336 1744 1396 so
1767 1339 1851 1399 wäre
1875 1339 1913 1399 sie
1942 1339 1987 1399 die
2016 1339 2139 1399 einzige
2162 1342 2320 1402 Unglück¬

1302 1392 1394 1452 liche,
1418 1393 1470 1453 die
1488 1393 1551 1453 aus
1581 1393 1731 1453 Mangel
1750 1393 1796 1453 der
1826 1393 1953 1453 Zähne,
1977 1393 2041 1453 und
2065 1393 2145 1453 weil
2163 1393 2233 1453 ihre
2256 1392 2325 1452 Au¬

1295 1440 1353 1500 gen
1390 1438 1459 1498 sehr
1491 1441 1628 1501 triefend
1661 1443 1862 1503 geworden,
1889 1443 1994 1503 nichts
2027 1443 2127 1503 davon
2159 1444 2307 1504 genießen

1300 1488 1432 1548 könnte.
1481 1491 1560 1551 Der
1582 1491 1687 1551 König
1715 1491 1773 1551 ließ
1800 1491 1847 1551 sich
1879 1494 2044 1554 erweichen
2097 1494 2161 1554 und
2188 1494 2320 1554 machte,

1303 1537 1362 1597 daß
1390 1536 1459 1596 ihre
1481 1537 1616 1597 Jugend
1643 1539 1891 1599 wiederkehrte.
1957 1543 2032 1603 Sie
2059 1545 2145 1605 ward
2168 1544 2307 1604 zwanzig

1297 1584 1413 1644 Jahre
1441 1582 1498 1642 alt.
1547 1584 1647 1644 Ihre
1668 1586 1779 1646 Zähne
1801 1584 1906 1644 waren
1934 1587 2034 1647 weiß,
2045 1590 2108 1650 wie
2130 1590 2320 1650 Elfenbein,

1297 1629 1361 1689 und
1388 1628 1462 1688 ihre
1483 1630 1594 1690 Augen
1627 1631 1749 1691 blitzten
1786 1629 1845 1689 wie
1872 1634 2073 1694 Smaragd.
2133 1637 2212 1697 Sie
2233 1638 2307 1698 ging

1300 1679 1467 1739 vergnügt
1498 1679 1569 1739 nach
1601 1679 1712 1739 Hause
1743 1676 1758 1736 —

1814 1681 1902 1741 ward
1940 1682 1976 1742 an
2008 1682 2185 1742 demselben
2222 1687 2315 1747 Tage

1301 1725 1373 1785 eine
1390 1727 1561 1787 berühmte
1589 1727 1849 1787 Buhlschwester
1878 1730 1894 1790 —
1955 1733 2127 1793 verführte
2144 1736 2193 1796 die
2216 1737 2321 1797 schön¬

1301 1778 1364 1838 sten
1393 1781 1689 1841 Mannspersonen
1730 1779 1741 1839 —
1800 1784 1857 1844 und
1886 1784 1961 1844 starb
1991 1784 2013 1844 im
2060 1787 2251 1847 Kindbette.

1355 1852 1414 1912 Als
1439 1855 1492 1915 der
1511 1856 1619 1916 König
1644 1858 1704 1918 alle
1735 1858 1812 1918 diese
1831 1861 2042 1921 Nachrichten
2079 1862 2217 1922 erfuhr,
2253 1862 2313 1922 und

1298 1905 1387 1965 wohl
1410 1907 1510 1967 sahe,
1533 1909 1588 1969 daß
1627 1909 1722 1969 wenn
1756 1912 1783 1972 er
1823 1912 1873 1972 die
1907 1913 2085 1973 Menschen
2119 1915 2192 1975 nach
2220 1913 2308 1973 ihren

1296 1959 1479 2019 Wünschen
1513 1963 1657 2023 glücklich
1691 1963 1819 2023 machen
1853 1963 1963 2023 sollte,
2003 1963 2030 2023 er
2065 1963 2125 2023 mit
2148 1963 2247 2023 ihnen
2281 1966 2308 2026 in

1297 2008 1427 2068 tausend
1453 2011 1705 2071 Widersprüche
1725 2011 1876 2071 verfiele;
1902 2011 1997 2071 indem
2043 2011 2094 2071 der
2124 2013 2194 2073 eine
2215 2011 2315 2071 wider

1300 2058 1354 2118 den
1385 2058 1500 2118 andern
1526 2057 1701 2117 wünschte,
1717 2057 1777 2117 und
1802 2057 1893 2117 durch
1914 2058 1998 2118 Neid
2029 2055 2044 2115 —
2110 2058 2310 2118 Mißbrauch

1347 2102 1356 2162 r
1378 2103 1531 2163 Freyheit
1553 2103 1608 2163 und
1635 2103 1841 2163 Ueberfluß,
1862 2106 1918 2166 das
1944 2106 2027 2166 Land
2058 2106 2171 2166 zuletzt
2192 2106 2320 2166 entvöl¬

1303 2151 1369 2211 kert
1386 2151 1525 2211 würde:
1546 2151 1577 2211 so
1604 2151 1758 2211 entschloß
1785 2153 1815 2213 er
1837 2154 1914 2214 sich,
1946 2157 2044 2217 denen
2080 2154 2220 2214 Göttern
2257 2157 2323 2217 die¬

1298 2199 1411 2259 jenige
1433 2199 1584 2259 Gaben,
1617 2202 1731 2262 welche
1758 2203 1795 2263 sie
1823 2205 1876 2265 ihm
1921 2205 2082 2265 geschenkt
2110 2205 2245 2265 hatten,
2272 2208 2320 2268 de¬

1298 2249 1459 2309 müthigst
1482 2249 1503 2309 in
1532 2249 1604 2309 ihre
1626 2250 1743 2310 Hände
1766 2255 1888 2315 wieder
1911 2255 2116 2315 zuzustellen.
2167 2255 2216 2315 Er
2239 2258 2311 2318 ging

1296 2297 1323 2357 in
1352 2297 1401 2357 den
1435 2300 1591 2360 Tempel,
1614 2301 1674 2361 und
1703 2303 1825 2363 brachte
1847 2309 1941 2369 ihnen
1981 2309 2025 2369 ein
2054 2306 2175 2366 Opfer,
2198 2309 2309 2369 wobey

1298 2345 1330 2405 er
1352 2348 1401 2408 die
1423 2347 1543 2407 Göͤtter
1565 2351 1625 2411 also
1647 2354 1821 2414 anredete:

1347 2422 1365 2482 O
1404 2422 1453 2482 ihr
1479 2423 1566 2483 obern
1599 2426 1755 2486 Mächte!
1781 2432 1849 2492 hier
1875 2436 1981 2496 bringe
2001 2436 2038 2496 ich
2057 2437 2126 2497 euch
2145 2437 2188 2497 die
2208 2436 2320 2496 Weis¬

1299 2473 1368 2533 heit
1386 2473 1449 2533 und
1478 2476 1524 2536 den
1554 2479 1728 2539 Ueberfluß
1752 2483 1884 2543 zurück!
1909 2486 2006 2546 Mein
2036 2485 2128 2545 gutes
2152 2487 2238 2547 Herz
2262 2488 2319 2548 hat

1308 2575 1355 2635 ein
1393 2576 1556 2636 Mensch,
1588 2578 1682 2638 wenn
1720 2582 1751 2642 er
1788 2584 1856 2644 auch
1899 2584 1941 2644 ein
1989 2584 2220 2644 wunderbarer
2253 2582 2315 2642 Kö¬

1294 2624 1344 2684 nig
1373 2626 1481 2686 wäre,
1510 2629 1687 2689 Menschen
1710 2632 1858 2692 glücklich
1887 2635 2018 2695 machen
2047 2632 2149 2692 kann.
2201 2632 2218 2692 O
2258 2632 2309 2692 ihr

1291 2724 1380 2784 wenn
1408 2727 1458 2787 die
1481 2728 1608 2788 Schuld
1632 2730 1665 2790 an
1693 2731 1759 2791 euch
1788 2733 1888 2793 liegt,
1922 2731 1983 2791 daß
2017 2731 2067 2791 die
2095 2733 2306 2793 Sterblichen

1294 2777 1384 2837 elend
1407 2778 1469 2838 seyn
1503 2778 1639 2838 müssen.
1691 2781 1810 2841 Nein!
1839 2784 1900 2844 Ich
1929 2781 1991 2841 bete
2015 2780 2082 2840 jetzt
2100 2782 2173 2842 eure
2196 2784 2314 2844 Regie¬

1286 2826 1371 2886 rung
1394 2826 1456 2886 an.
1502 2829 1581 2889 Ihr
1605 2829 1667 2889 seyd
1702 2832 1850 2892 gerecht!
1890 2829 2027 2889 Sollten
2062 2830 2107 2890 die
2130 2835 2306 2895 Menschen

1297 2876 1438 2936 glücklich
1467 2876 1568 2936 seyn,
1597 2879 1619 2939 so
1648 2879 1755 2939 müßte
1778 2879 1851 2939 man
1880 2876 1970 2936 ihnen
1999 2879 2061 2939 erst
2084 2881 2135 2941 die
2158 2882 2310 2942 Freyheit

1300 2927 1385 2987 ihres
1411 2930 1551 2990 Willens
1577 2933 1785 2993 benehmen,
1810 2932 1871 2992 und
1896 2930 2086 2990 Maschinen
2124 2936 2178 2996 aus
2210 2936 2301 2996 ihnen

2229 2987 2312 3047 ma¬
