<?xml version="1.0" encoding="UTF-8" standalone="yes"?>
<PcGts xmlns="http://schema.primaresearch.org/PAGE/gts/pagecontent/2013-07-15" xmlns:xsi="http://www.w3.org/2001/XMLSchema-instance" xsi:schemaLocation="http://schema.primaresearch.org/PAGE/gts/pagecontent/2013-07-15 http://schema.primaresearch.org/PAGE/gts/pagecontent/2013-07-15/pagecontent.xsd">
    <Metadata>
        <Creator>prov=READ-COOP:name=PyLaia@TranskribusPlatform:version=2.14.0:model_id=39995:lm=none:date=18_04_2024_20:27</Creator>
        <Created>2024-04-18T05:53:37.010+02:00</Created>
        <LastChange>2024-04-18T22:31:23.661+02:00</LastChange>
        <TranskribusMetadata docId="1969426" pageId="68735475" pageNr="1" tsid="159271559" status="IN_PROGRESS" userId="222699" imgUrl="https://files.transkribus.eu/Get?id=KVMGLJLWPXDUFMNFCEGHATFX&amp;fileType=view" xmlUrl="https://files.transkribus.eu/Get?id=JHKINBTDLMLRSBETIXZXJWUC" imageId="54998156"/>
    </Metadata>
    <Page imageFilename="68735475.jpg" imageWidth="2479" imageHeight="3508">
        <ReadingOrder>
            <OrderedGroup id="ro_1713472283661" caption="Regions reading order">
                <RegionRefIndexed index="0" regionRef="r_10"/>
                <RegionRefIndexed index="1" regionRef="r_23"/>
                <RegionRefIndexed index="2" regionRef="r_22"/>
            </OrderedGroup>
        </ReadingOrder>
        <Relations/>
        <TextRegion id="r_10" custom="readingOrder {index:0;}">
            <Coords points="54,1622 2171,1622 2171,1725 946,1725 54,1725"/>
            <TextLine id="r_10_tl_1" custom="readingOrder {index:0;}">
                <Coords points="512,1700 1605,1729 1703,1721 1703,1651 509,1630"/>
                <Baseline points="525,1680 570,1680 615,1683 659,1683 704,1686 749,1686 794,1689 838,1689 883,1689 928,1686 973,1689 1018,1689 1062,1692 1107,1689 1152,1692 1197,1695 1241,1698 1286,1698 1331,1695 1376,1698 1421,1692 1465,1692 1510,1695 1555,1692 1600,1692 1645,1695 1689,1695 1710,1695"/>
                <Word id="r_10_tl_1_w1" custom="readingOrder {index:0;}">
                    <Coords points="522,1640 522,1700 637,1700 637,1640 522,1640"/>
                    <TextEquiv>
                        <Unicode>10tes</Unicode>
                    </TextEquiv>
                </Word>
                <Word id="r_10_tl_1_w2" custom="readingOrder {index:1;}">
                    <Coords points="677,1646 677,1706 824,1706 824,1646 677,1646"/>
                    <TextEquiv>
                        <Unicode>Stück.</Unicode>
                    </TextEquiv>
                </Word>
                <Word id="r_10_tl_1_w3" custom="readingOrder {index:2;}">
                    <Coords points="887,1649 887,1709 1089,1709 1089,1649 887,1649"/>
                    <TextEquiv>
                        <Unicode>Montag,</Unicode>
                    </TextEquiv>
                </Word>
                <Word id="r_10_tl_1_w4" custom="readingOrder {index:3;}">
                    <Coords points="1128,1652 1128,1712 1189,1712 1189,1652 1128,1652"/>
                    <TextEquiv>
                        <Unicode>den</Unicode>
                    </TextEquiv>
                </Word>
                <Word id="r_10_tl_1_w5" custom="readingOrder {index:4;}">
                    <Coords points="1229,1658 1229,1718 1283,1718 1283,1658 1229,1658"/>
                    <TextEquiv>
                        <Unicode>4.</Unicode>
                    </TextEquiv>
                </Word>
                <Word id="r_10_tl_1_w6" custom="readingOrder {index:5;}">
                    <Coords points="1316,1653 1316,1713 1509,1713 1509,1653 1316,1653"/>
                    <TextEquiv>
                        <Unicode>Februar,</Unicode>
                    </TextEquiv>
                </Word>
                <Word id="r_10_tl_1_w7" custom="readingOrder {index:6;}">
                    <Coords points="1541,1652 1541,1712 1687,1712 1687,1652 1541,1652"/>
                    <TextEquiv>
                        <Unicode>1765.</Unicode>
                    </TextEquiv>
                </Word>
                <TextEquiv>
                    <Unicode>10tes Stück. Montag, den 4. Februar, 1765.</Unicode>
                </TextEquiv>
            </TextLine>
            <TextEquiv>
                <Unicode></Unicode>
            </TextEquiv>
        </TextRegion>
        <TextRegion id="r_23" custom="readingOrder {index:1;}">
            <Coords points="1111,3039 54,3039 54,1725 1111,1725"/>
            <TextLine id="r_23_tl_1" custom="readingOrder {index:0;}">
                <Coords points="460,1760 525,1780 548,1767 571,1778 584,1772 597,1785 630,1772 661,1788 682,1780 680,1716 633,1723 594,1716 581,1705 563,1716 548,1703 532,1708 519,1700 501,1710 457,1698"/>
                <Baseline points="474,1758 519,1758 564,1761 609,1764 653,1764 689,1767"/>
                <Word id="r_23_tl_1_w1" custom="readingOrder {index:0;}">
                    <Coords points="474,1721 474,1781 676,1781 676,1721 474,1721"/>
                    <TextEquiv>
                        <Unicode>Leipzig.</Unicode>
                    </TextEquiv>
                </Word>
                <TextEquiv>
                    <Unicode>Leipzig.</Unicode>
                </TextEquiv>
            </TextLine>
            <TextLine id="r_23_tl_2" custom="readingOrder {index:1;}">
                <Coords points="85,1850 176,1868 227,1819 390,1816 1090,1832 1088,1767 982,1752 664,1785 83,1760"/>
                <Baseline points="98,1812 143,1815 188,1815 232,1812 277,1815 322,1815 367,1815 412,1815 456,1815 501,1815 546,1815 591,1818 635,1818 680,1821 725,1821 770,1821 815,1821 859,1821 904,1821 949,1821 994,1824 1038,1824 1083,1824 1095,1824"/>
                <Word id="r_23_tl_2_w1" custom="readingOrder {index:0;}">
                    <Coords points="89,1772 89,1832 369,1832 369,1772 89,1772"/>
                    <TextEquiv>
                        <Unicode>Sammlung</Unicode>
                    </TextEquiv>
                </Word>
                <Word id="r_23_tl_2_w2" custom="readingOrder {index:1;}">
                    <Coords points="395,1775 395,1835 518,1835 518,1775 395,1775"/>
                    <TextEquiv>
                        <Unicode>einiger</Unicode>
                    </TextEquiv>
                </Word>
                <Word id="r_23_tl_2_w3" custom="readingOrder {index:2;}">
                    <Coords points="552,1779 552,1839 775,1839 775,1779 552,1779"/>
                    <TextEquiv>
                        <Unicode>Kanzelreden</Unicode>
                    </TextEquiv>
                </Word>
                <Word id="r_23_tl_2_w4" custom="readingOrder {index:3;}">
                    <Coords points="809,1781 809,1841 866,1841 866,1781 809,1781"/>
                    <TextEquiv>
                        <Unicode>von</Unicode>
                    </TextEquiv>
                </Word>
                <Word id="r_23_tl_2_w5" custom="readingOrder {index:4;}">
                    <Coords points="900,1781 900,1841 949,1841 949,1781 900,1781"/>
                    <TextEquiv>
                        <Unicode>M.</Unicode>
                    </TextEquiv>
                </Word>
                <Word id="r_23_tl_2_w6" custom="readingOrder {index:5;}">
                    <Coords points="975,1784 975,1844 1023,1844 1023,1784 975,1784"/>
                    <TextEquiv>
                        <Unicode>C.</Unicode>
                    </TextEquiv>
                </Word>
                <Word id="r_23_tl_2_w7" custom="readingOrder {index:6;}">
                    <Coords points="1041,1784 1041,1844 1089,1844 1089,1784 1041,1784"/>
                    <TextEquiv>
                        <Unicode>F.</Unicode>
                    </TextEquiv>
                </Word>
                <TextEquiv>
                    <Unicode>Sammlung einiger Kanzelreden von M. C. F.</Unicode>
                </TextEquiv>
            </TextLine>
            <TextLine id="r_23_tl_3" custom="readingOrder {index:2;}">
                <Coords points="78,1920 1059,1933 1088,1878 75,1865"/>
                <Baseline points="92,1904 137,1904 182,1904 226,1904 271,1907 316,1910 361,1910 406,1907 450,1910 495,1910 540,1910 585,1913 629,1913 674,1913 719,1913 764,1913 809,1916 853,1916 898,1916 943,1916 988,1916 1032,1919 1077,1916 1095,1916"/>
                <Word id="r_23_tl_3_w1" custom="readingOrder {index:0;}">
                    <Coords points="75,1864 75,1924 193,1924 193,1864 75,1864"/>
                    <TextEquiv>
                        <Unicode>"chet."</Unicode>
                    </TextEquiv>
                </Word>
                <Word id="r_23_tl_3_w2" custom="readingOrder {index:1;}">
                    <Coords points="259,1870 259,1930 404,1930 404,1870 259,1870"/>
                    <TextEquiv>
                        <Unicode>Leipzig,</Unicode>
                    </TextEquiv>
                </Word>
                <Word id="r_23_tl_3_w3" custom="readingOrder {index:2;}">
                    <Coords points="416,1868 416,1928 442,1928 442,1868 416,1868"/>
                    <TextEquiv>
                        <Unicode>in</Unicode>
                    </TextEquiv>
                </Word>
                <Word id="r_23_tl_3_w4" custom="readingOrder {index:3;}">
                    <Coords points="465,1870 465,1930 518,1930 518,1870 465,1870"/>
                    <TextEquiv>
                        <Unicode>der</Unicode>
                    </TextEquiv>
                </Word>
                <Word id="r_23_tl_3_w5" custom="readingOrder {index:4;}">
                    <Coords points="535,1873 535,1933 783,1933 783,1873 535,1873"/>
                    <TextEquiv>
                        <Unicode>Heinßiusschen</Unicode>
                    </TextEquiv>
                </Word>
                <Word id="r_23_tl_3_w6" custom="readingOrder {index:5;}">
                    <Coords points="811,1876 811,1936 988,1936 988,1876 811,1876"/>
                    <TextEquiv>
                        <Unicode>Handlung</Unicode>
                    </TextEquiv>
                </Word>
                <Word id="r_23_tl_3_w7" custom="readingOrder {index:6;}">
                    <Coords points="1010,1877 1010,1937 1091,1937 1091,1877 1010,1877"/>
                    <TextEquiv>
                        <Unicode>1Al¬</Unicode>
                    </TextEquiv>
                </Word>
                <TextEquiv>
                    <Unicode>"chet." Leipzig, in der Heinßiusschen Handlung 1Al¬</Unicode>
                </TextEquiv>
            </TextLine>
            <TextLine id="r_23_tl_4" custom="readingOrder {index:3;}">
                <Coords points="62,1971 1083,1979 1083,1927 310,1935 62,1902"/>
                <Baseline points="77,1955 122,1958 167,1958 211,1958 256,1958 301,1958 346,1958 391,1958 435,1958 480,1961 525,1958 570,1961 615,1958 659,1961 704,1964 749,1964 794,1964 838,1964 883,1964 928,1964 973,1964 1018,1967 1062,1967 1089,1967"/>
                <Word id="r_23_tl_4_w1" custom="readingOrder {index:0;}">
                    <Coords points="69,1917 69,1977 170,1977 170,1917 69,1917"/>
                    <TextEquiv>
                        <Unicode>phab.</Unicode>
                    </TextEquiv>
                </Word>
                <Word id="r_23_tl_4_w2" custom="readingOrder {index:1;}">
                    <Coords points="188,1918 188,1978 221,1978 221,1918 188,1918"/>
                    <TextEquiv>
                        <Unicode>12</Unicode>
                    </TextEquiv>
                </Word>
                <Word id="r_23_tl_4_w3" custom="readingOrder {index:2;}">
                    <Coords points="244,1918 244,1978 295,1978 295,1918 244,1918"/>
                    <TextEquiv>
                        <Unicode>B.</Unicode>
                    </TextEquiv>
                </Word>
                <Word id="r_23_tl_4_w4" custom="readingOrder {index:3;}">
                    <Coords points="313,1918 313,1978 369,1978 369,1918 313,1918"/>
                    <TextEquiv>
                        <Unicode>gr.</Unicode>
                    </TextEquiv>
                </Word>
                <Word id="r_23_tl_4_w5" custom="readingOrder {index:4;}">
                    <Coords points="387,1918 387,1978 466,1978 466,1918 387,1918"/>
                    <TextEquiv>
                        <Unicode>8vo,</Unicode>
                    </TextEquiv>
                </Word>
                <Word id="r_23_tl_4_w6" custom="readingOrder {index:5;}">
                    <Coords points="478,1918 478,1978 585,1978 585,1918 478,1918"/>
                    <TextEquiv>
                        <Unicode>1764.</Unicode>
                    </TextEquiv>
                </Word>
                <Word id="r_23_tl_4_w7" custom="readingOrder {index:6;}">
                    <Coords points="620,1922 620,1982 756,1982 756,1922 620,1922"/>
                    <TextEquiv>
                        <Unicode>Sobald</Unicode>
                    </TextEquiv>
                </Word>
                <Word id="r_23_tl_4_w8" custom="readingOrder {index:7;}">
                    <Coords points="773,1924 773,1984 824,1984 824,1924 773,1924"/>
                    <TextEquiv>
                        <Unicode>sich</Unicode>
                    </TextEquiv>
                </Word>
                <Word id="r_23_tl_4_w9" custom="readingOrder {index:8;}">
                    <Coords points="848,1924 848,1984 893,1984 893,1924 848,1924"/>
                    <TextEquiv>
                        <Unicode>der</Unicode>
                    </TextEquiv>
                </Word>
                <Word id="r_23_tl_4_w10" custom="readingOrder {index:9;}">
                    <Coords points="910,1924 910,1984 972,1984 972,1924 910,1924"/>
                    <TextEquiv>
                        <Unicode>Hr.</Unicode>
                    </TextEquiv>
                </Word>
                <Word id="r_23_tl_4_w11" custom="readingOrder {index:10;}">
                    <Coords points="990,1927 990,1987 1085,1987 1085,1927 990,1927"/>
                    <TextEquiv>
                        <Unicode>Verf.</Unicode>
                    </TextEquiv>
                </Word>
                <TextEquiv>
                    <Unicode>phab. 12 B. gr. 8vo, 1764. Sobald sich der Hr. Verf.</Unicode>
                </TextEquiv>
            </TextLine>
            <TextLine id="r_23_tl_5" custom="readingOrder {index:4;}">
                <Coords points="59,2015 1080,2023 1059,1974 59,1974"/>
                <Baseline points="74,2006 119,2006 164,2006 208,2009 253,2009 298,2009 343,2009 388,2009 432,2009 477,2009 522,2009 567,2012 612,2012 656,2009 701,2009 746,2012 791,2012 835,2012 880,2012 925,2012 970,2012 1015,2012 1059,2012 1086,2012"/>
                <Word id="r_23_tl_5_w1" custom="readingOrder {index:0;}">
                    <Coords points="65,1966 65,2026 113,2026 113,1966 65,1966"/>
                    <TextEquiv>
                        <Unicode>bis</Unicode>
                    </TextEquiv>
                </Word>
                <Word id="r_23_tl_5_w2" custom="readingOrder {index:1;}">
                    <Coords points="141,1966 141,2026 167,2026 167,1966 141,1966"/>
                    <TextEquiv>
                        <Unicode>zu</Unicode>
                    </TextEquiv>
                </Word>
                <Word id="r_23_tl_5_w3" custom="readingOrder {index:2;}">
                    <Coords points="195,1969 195,2029 249,2029 249,1969 195,1969"/>
                    <TextEquiv>
                        <Unicode>dem</Unicode>
                    </TextEquiv>
                </Word>
                <Word id="r_23_tl_5_w4" custom="readingOrder {index:3;}">
                    <Coords points="293,1969 293,2029 385,2029 385,1969 293,1969"/>
                    <TextEquiv>
                        <Unicode>Amte</Unicode>
                    </TextEquiv>
                </Word>
                <Word id="r_23_tl_5_w5" custom="readingOrder {index:4;}">
                    <Coords points="419,1969 419,2029 505,2029 505,1969 419,1969"/>
                    <TextEquiv>
                        <Unicode>eines</Unicode>
                    </TextEquiv>
                </Word>
                <Word id="r_23_tl_5_w6" custom="readingOrder {index:5;}">
                    <Coords points="533,1971 533,2031 712,2031 712,1971 533,1971"/>
                    <TextEquiv>
                        <Unicode>Catecheten</Unicode>
                    </TextEquiv>
                </Word>
                <Word id="r_23_tl_5_w7" custom="readingOrder {index:6;}">
                    <Coords points="757,1972 757,2032 783,2032 783,1972 757,1972"/>
                    <TextEquiv>
                        <Unicode>zu</Unicode>
                    </TextEquiv>
                </Word>
                <Word id="r_23_tl_5_w8" custom="readingOrder {index:7;}">
                    <Coords points="822,1972 822,2032 892,2032 892,1972 822,1972"/>
                    <TextEquiv>
                        <Unicode>St.</Unicode>
                    </TextEquiv>
                </Word>
                <Word id="r_23_tl_5_w9" custom="readingOrder {index:8;}">
                    <Coords points="921,1972 921,2032 1018,2032 1018,1972 921,1972"/>
                    <TextEquiv>
                        <Unicode>Petri</Unicode>
                    </TextEquiv>
                </Word>
                <Word id="r_23_tl_5_w10" custom="readingOrder {index:9;}">
                    <Coords points="1051,1972 1051,2032 1077,2032 1077,1972 1051,1972"/>
                    <TextEquiv>
                        <Unicode>in</Unicode>
                    </TextEquiv>
                </Word>
                <TextEquiv>
                    <Unicode>bis zu dem Amte eines Catecheten zu St. Petri in</Unicode>
                </TextEquiv>
            </TextLine>
            <TextLine id="r_23_tl_6" custom="readingOrder {index:5;}">
                <Coords points="59,2064 1083,2075 1083,2026 904,2015 630,2041 532,2010 59,2015"/>
                <Baseline points="74,2057 119,2060 164,2060 208,2060 253,2060 298,2060 343,2060 388,2057 432,2060 477,2060 522,2060 567,2060 612,2060 656,2060 701,2060 746,2063 791,2060 835,2060 880,2060 925,2060 970,2063 1015,2063 1059,2063 1089,2060"/>
                <Word id="r_23_tl_6_w1" custom="readingOrder {index:0;}">
                    <Coords points="65,2020 65,2080 189,2080 189,2020 65,2020"/>
                    <TextEquiv>
                        <Unicode>Leipzig</Unicode>
                    </TextEquiv>
                </Word>
                <Word id="r_23_tl_6_w2" custom="readingOrder {index:1;}">
                    <Coords points="218,2018 218,2078 507,2078 507,2018 218,2018"/>
                    <TextEquiv>
                        <Unicode>aufgeschwungen</Unicode>
                    </TextEquiv>
                </Word>
                <Word id="r_23_tl_6_w3" custom="readingOrder {index:2;}">
                    <Coords points="536,2020 536,2080 615,2080 615,2020 536,2020"/>
                    <TextEquiv>
                        <Unicode>hat:</Unicode>
                    </TextEquiv>
                </Word>
                <Word id="r_23_tl_6_w4" custom="readingOrder {index:3;}">
                    <Coords points="638,2020 638,2080 666,2080 666,2020 638,2020"/>
                    <TextEquiv>
                        <Unicode>so</Unicode>
                    </TextEquiv>
                </Word>
                <Word id="r_23_tl_6_w5" custom="readingOrder {index:4;}">
                    <Coords points="701,2020 701,2080 864,2080 864,2020 701,2020"/>
                    <TextEquiv>
                        <Unicode>beschenkt</Unicode>
                    </TextEquiv>
                </Word>
                <Word id="r_23_tl_6_w6" custom="readingOrder {index:5;}">
                    <Coords points="888,2020 888,2080 915,2080 915,2020 888,2020"/>
                    <TextEquiv>
                        <Unicode>er</Unicode>
                    </TextEquiv>
                </Word>
                <Word id="r_23_tl_6_w7" custom="readingOrder {index:6;}">
                    <Coords points="950,2023 950,2083 1006,2083 1006,2023 950,2023"/>
                    <TextEquiv>
                        <Unicode>das</Unicode>
                    </TextEquiv>
                </Word>
                <Word id="r_23_tl_6_w8" custom="readingOrder {index:7;}">
                    <Coords points="1041,2022 1041,2082 1085,2082 1085,2022 1041,2022"/>
                    <TextEquiv>
                        <Unicode>er¬</Unicode>
                    </TextEquiv>
                </Word>
                <TextEquiv>
                    <Unicode>Leipzig aufgeschwungen hat: so beschenkt er das er¬</Unicode>
                </TextEquiv>
            </TextLine>
            <TextLine id="r_23_tl_7" custom="readingOrder {index:6;}">
                <Coords points="62,2124 1088,2124 1088,2080 1023,2064 62,2070"/>
                <Baseline points="77,2107 122,2110 167,2110 211,2110 256,2110 301,2110 346,2113 391,2110 435,2110 480,2113 525,2113 570,2113 615,2113 659,2113 704,2116 749,2116 794,2116 838,2116 883,2113 928,2113 973,2113 1018,2113 1062,2113 1095,2113"/>
                <Word id="r_23_tl_7_w1" custom="readingOrder {index:0;}">
                    <Coords points="68,2070 68,2130 212,2130 212,2070 68,2070"/>
                    <TextEquiv>
                        <Unicode>bauliche</Unicode>
                    </TextEquiv>
                </Word>
                <Word id="r_23_tl_7_w2" custom="readingOrder {index:1;}">
                    <Coords points="234,2071 234,2131 401,2131 401,2071 234,2071"/>
                    <TextEquiv>
                        <Unicode>Publikum</Unicode>
                    </TextEquiv>
                </Word>
                <Word id="r_23_tl_7_w3" custom="readingOrder {index:2;}">
                    <Coords points="440,2073 440,2133 568,2133 568,2073 440,2073"/>
                    <TextEquiv>
                        <Unicode>sogleich</Unicode>
                    </TextEquiv>
                </Word>
                <Word id="r_23_tl_7_w4" custom="readingOrder {index:3;}">
                    <Coords points="591,2073 591,2133 651,2133 651,2073 591,2073"/>
                    <TextEquiv>
                        <Unicode>mit</Unicode>
                    </TextEquiv>
                </Word>
                <Word id="r_23_tl_7_w5" custom="readingOrder {index:4;}">
                    <Coords points="674,2076 674,2136 757,2136 757,2076 674,2076"/>
                    <TextEquiv>
                        <Unicode>einer</Unicode>
                    </TextEquiv>
                </Word>
                <Word id="r_23_tl_7_w6" custom="readingOrder {index:5;}">
                    <Coords points="786,2073 786,2133 996,2133 996,2073 786,2073"/>
                    <TextEquiv>
                        <Unicode>Sammlung</Unicode>
                    </TextEquiv>
                </Word>
                <Word id="r_23_tl_7_w7" custom="readingOrder {index:6;}">
                    <Coords points="1025,2073 1025,2133 1079,2133 1079,2073 1025,2073"/>
                    <TextEquiv>
                        <Unicode>von</Unicode>
                    </TextEquiv>
                </Word>
                <TextEquiv>
                    <Unicode>bauliche Publikum sogleich mit einer Sammlung von</Unicode>
                </TextEquiv>
            </TextLine>
            <TextLine id="r_23_tl_8" custom="readingOrder {index:7;}">
                <Coords points="52,2178 1077,2183 1077,2121 52,2137"/>
                <Baseline points="65,2161 110,2161 155,2161 200,2164 244,2164 289,2161 334,2158 379,2161 423,2161 468,2164 513,2164 558,2164 603,2164 647,2167 692,2167 737,2167 782,2167 826,2167 871,2167 916,2167 961,2167 1006,2167 1050,2167 1083,2167"/>
                <Word id="r_23_tl_8_w1" custom="readingOrder {index:0;}">
                    <Coords points="59,2122 59,2182 303,2182 303,2122 59,2122"/>
                    <TextEquiv>
                        <Unicode>Kanzetreden.</Unicode>
                    </TextEquiv>
                </Word>
                <Word id="r_23_tl_8_w2" custom="readingOrder {index:1;}">
                    <Coords points="351,2121 351,2181 432,2181 432,2121 351,2121"/>
                    <TextEquiv>
                        <Unicode>Wir</Unicode>
                    </TextEquiv>
                </Word>
                <Word id="r_23_tl_8_w3" custom="readingOrder {index:2;}">
                    <Coords points="456,2124 456,2184 560,2184 560,2124 456,2124"/>
                    <TextEquiv>
                        <Unicode>finden</Unicode>
                    </TextEquiv>
                </Word>
                <Word id="r_23_tl_8_w4" custom="readingOrder {index:3;}">
                    <Coords points="590,2126 590,2186 689,2186 689,2126 590,2126"/>
                    <TextEquiv>
                        <Unicode>auch,</Unicode>
                    </TextEquiv>
                </Word>
                <Word id="r_23_tl_8_w5" custom="readingOrder {index:4;}">
                    <Coords points="713,2127 713,2187 771,2187 771,2127 713,2127"/>
                    <TextEquiv>
                        <Unicode>daß</Unicode>
                    </TextEquiv>
                </Word>
                <Word id="r_23_tl_8_w6" custom="readingOrder {index:5;}">
                    <Coords points="795,2127 795,2187 835,2187 835,2127 795,2127"/>
                    <TextEquiv>
                        <Unicode>sie</Unicode>
                    </TextEquiv>
                </Word>
                <Word id="r_23_tl_8_w7" custom="readingOrder {index:6;}">
                    <Coords points="859,2127 859,2187 928,2187 928,2127 859,2127"/>
                    <TextEquiv>
                        <Unicode>eher</Unicode>
                    </TextEquiv>
                </Word>
                <Word id="r_23_tl_8_w8" custom="readingOrder {index:7;}">
                    <Coords points="952,2127 952,2187 1062,2187 1062,2127 952,2127"/>
                    <TextEquiv>
                        <Unicode>Reden</Unicode>
                    </TextEquiv>
                </Word>
                <TextEquiv>
                    <Unicode>Kanzetreden. Wir finden auch, daß sie eher Reden</Unicode>
                </TextEquiv>
            </TextLine>
            <TextLine id="r_23_tl_9" custom="readingOrder {index:8;}">
                <Coords points="59,2225 1080,2230 1049,2176 59,2178"/>
                <Baseline points="74,2215 119,2212 164,2212 208,2212 253,2212 298,2212 343,2212 388,2212 432,2212 477,2212 522,2212 567,2212 612,2215 656,2215 701,2215 746,2215 791,2215 835,2215 880,2218 925,2218 970,2218 1015,2218 1059,2218 1086,2215"/>
                <Word id="r_23_tl_9_w1" custom="readingOrder {index:0;}">
                    <Coords points="65,2173 65,2233 114,2233 114,2173 65,2173"/>
                    <TextEquiv>
                        <Unicode>als</Unicode>
                    </TextEquiv>
                </Word>
                <Word id="r_23_tl_9_w2" custom="readingOrder {index:1;}">
                    <Coords points="143,2172 143,2232 320,2232 320,2172 143,2172"/>
                    <TextEquiv>
                        <Unicode>Predigten</Unicode>
                    </TextEquiv>
                </Word>
                <Word id="r_23_tl_9_w3" custom="readingOrder {index:2;}">
                    <Coords points="354,2172 354,2232 442,2232 442,2172 354,2172"/>
                    <TextEquiv>
                        <Unicode>sind,</Unicode>
                    </TextEquiv>
                </Word>
                <Word id="r_23_tl_9_w4" custom="readingOrder {index:3;}">
                    <Coords points="472,2172 472,2232 532,2232 532,2172 472,2172"/>
                    <TextEquiv>
                        <Unicode>und</Unicode>
                    </TextEquiv>
                </Word>
                <Word id="r_23_tl_9_w5" custom="readingOrder {index:4;}">
                    <Coords points="560,2174 560,2234 660,2234 660,2174 560,2174"/>
                    <TextEquiv>
                        <Unicode>haben</Unicode>
                    </TextEquiv>
                </Word>
                <Word id="r_23_tl_9_w6" custom="readingOrder {index:5;}">
                    <Coords points="689,2175 689,2235 766,2235 766,2175 689,2175"/>
                    <TextEquiv>
                        <Unicode>beym</Unicode>
                    </TextEquiv>
                </Word>
                <Word id="r_23_tl_9_w7" custom="readingOrder {index:6;}">
                    <Coords points="805,2178 805,2238 999,2238 999,2178 805,2178"/>
                    <TextEquiv>
                        <Unicode>Durchlesen</Unicode>
                    </TextEquiv>
                </Word>
                <Word id="r_23_tl_9_w8" custom="readingOrder {index:7;}">
                    <Coords points="1039,2177 1039,2237 1083,2237 1083,2177 1039,2177"/>
                    <TextEquiv>
                        <Unicode>ge=</Unicode>
                    </TextEquiv>
                </Word>
                <TextEquiv>
                    <Unicode>als Predigten sind, und haben beym Durchlesen ge=</Unicode>
                </TextEquiv>
            </TextLine>
            <TextLine id="r_23_tl_10" custom="readingOrder {index:9;}">
                <Coords points="57,2281 1083,2287 1083,2225 57,2227"/>
                <Baseline points="71,2266 116,2263 161,2263 206,2266 250,2263 295,2263 340,2263 385,2263 429,2263 474,2260 519,2260 564,2263 609,2266 653,2266 698,2266 743,2266 788,2269 832,2269 877,2269 922,2269 967,2269 1012,2269 1056,2269 1089,2269"/>
                <Word id="r_23_tl_10_w1" custom="readingOrder {index:0;}">
                    <Coords points="57,2223 57,2283 221,2283 221,2223 57,2223"/>
                    <TextEquiv>
                        <Unicode>zweifelt,</Unicode>
                    </TextEquiv>
                </Word>
                <Word id="r_23_tl_10_w2" custom="readingOrder {index:1;}">
                    <Coords points="249,2223 249,2283 281,2283 281,2223 249,2223"/>
                    <TextEquiv>
                        <Unicode>ob</Unicode>
                    </TextEquiv>
                </Word>
                <Word id="r_23_tl_10_w3" custom="readingOrder {index:2;}">
                    <Coords points="309,2223 309,2283 358,2283 358,2223 309,2223"/>
                    <TextEquiv>
                        <Unicode>der</Unicode>
                    </TextEquiv>
                </Word>
                <Word id="r_23_tl_10_w4" custom="readingOrder {index:3;}">
                    <Coords points="380,2223 380,2283 451,2283 451,2223 380,2223"/>
                    <TextEquiv>
                        <Unicode>Hr.</Unicode>
                    </TextEquiv>
                </Word>
                <Word id="r_23_tl_10_w5" custom="readingOrder {index:4;}">
                    <Coords points="468,2220 468,2280 516,2280 516,2220 468,2220"/>
                    <TextEquiv>
                        <Unicode>M.</Unicode>
                    </TextEquiv>
                </Word>
                <Word id="r_23_tl_10_w6" custom="readingOrder {index:5;}">
                    <Coords points="533,2222 533,2282 593,2282 593,2222 533,2222"/>
                    <TextEquiv>
                        <Unicode>vor</Unicode>
                    </TextEquiv>
                </Word>
                <Word id="r_23_tl_10_w7" custom="readingOrder {index:6;}">
                    <Coords points="616,2226 616,2286 708,2286 708,2226 616,2226"/>
                    <TextEquiv>
                        <Unicode>denen</Unicode>
                    </TextEquiv>
                </Word>
                <Word id="r_23_tl_10_w8" custom="readingOrder {index:7;}">
                    <Coords points="736,2229 736,2289 1009,2289 1009,2229 736,2229"/>
                    <TextEquiv>
                        <Unicode>Generalstaaten</Unicode>
                    </TextEquiv>
                </Word>
                <Word id="r_23_tl_10_w9" custom="readingOrder {index:8;}">
                    <Coords points="1037,2229 1037,2289 1064,2289 1064,2229 1037,2229"/>
                    <TextEquiv>
                        <Unicode>im</Unicode>
                    </TextEquiv>
                </Word>
                <TextEquiv>
                    <Unicode>zweifelt, ob der Hr. M. vor denen Generalstaaten im</Unicode>
                </TextEquiv>
            </TextLine>
            <TextLine id="r_23_tl_11" custom="readingOrder {index:10;}">
                <Coords points="59,2328 1085,2333 1085,2284 1044,2276 59,2279"/>
                <Baseline points="74,2313 119,2313 164,2313 208,2313 253,2313 298,2310 343,2310 388,2310 432,2310 477,2310 522,2310 567,2310 612,2313 656,2313 701,2316 746,2316 791,2316 835,2316 880,2319 925,2319 970,2319 1015,2319 1059,2316 1092,2316"/>
                <Word id="r_23_tl_11_w1" custom="readingOrder {index:0;}">
                    <Coords points="65,2273 65,2333 192,2333 192,2273 65,2273"/>
                    <TextEquiv>
                        <Unicode>Haag,</Unicode>
                    </TextEquiv>
                </Word>
                <Word id="r_23_tl_11_w2" custom="readingOrder {index:1;}">
                    <Coords points="215,2272 215,2332 292,2332 292,2272 215,2272"/>
                    <TextEquiv>
                        <Unicode>oder</Unicode>
                    </TextEquiv>
                </Word>
                <Word id="r_23_tl_11_w3" custom="readingOrder {index:2;}">
                    <Coords points="315,2270 315,2330 370,2330 370,2270 315,2270"/>
                    <TextEquiv>
                        <Unicode>vor</Unicode>
                    </TextEquiv>
                </Word>
                <Word id="r_23_tl_11_w4" custom="readingOrder {index:3;}">
                    <Coords points="393,2270 393,2330 492,2330 492,2270 393,2270"/>
                    <TextEquiv>
                        <Unicode>seiner</Unicode>
                    </TextEquiv>
                </Word>
                <Word id="r_23_tl_11_w5" custom="readingOrder {index:4;}">
                    <Coords points="521,2270 521,2330 615,2330 615,2270 521,2270"/>
                    <TextEquiv>
                        <Unicode>lieben</Unicode>
                    </TextEquiv>
                </Word>
                <Word id="r_23_tl_11_w6" custom="readingOrder {index:5;}">
                    <Coords points="643,2276 643,2336 810,2336 810,2276 643,2276"/>
                    <TextEquiv>
                        <Unicode>Gemeine</Unicode>
                    </TextEquiv>
                </Word>
                <Word id="r_23_tl_11_w7" custom="readingOrder {index:6;}">
                    <Coords points="838,2277 838,2337 865,2337 865,2277 838,2277"/>
                    <TextEquiv>
                        <Unicode>in</Unicode>
                    </TextEquiv>
                </Word>
                <Word id="r_23_tl_11_w8" custom="readingOrder {index:7;}">
                    <Coords points="894,2279 894,2339 966,2339 966,2279 894,2279"/>
                    <TextEquiv>
                        <Unicode>St.</Unicode>
                    </TextEquiv>
                </Word>
                <Word id="r_23_tl_11_w9" custom="readingOrder {index:8;}">
                    <Coords points="989,2277 989,2337 1088,2337 1088,2277 989,2277"/>
                    <TextEquiv>
                        <Unicode>Petri</Unicode>
                    </TextEquiv>
                </Word>
                <TextEquiv>
                    <Unicode>Haag, oder vor seiner lieben Gemeine in St. Petri</Unicode>
                </TextEquiv>
            </TextLine>
            <TextLine id="r_23_tl_12" custom="readingOrder {index:11;}">
                <Coords points="62,2380 1377,2380 1393,2323 59,2328"/>
                <Baseline points="74,2364 119,2361 164,2358 208,2361 253,2358 298,2361 343,2358 388,2358 432,2358 477,2361 522,2358 567,2361 612,2361 656,2361 701,2364 746,2364 791,2364 835,2364 880,2364 925,2367 970,2367 1015,2367 1059,2367 1095,2364 1116,2364 1161,2367 1206,2364 1250,2364 1295,2364 1340,2364 1385,2364 1400,2364"/>
                <Word id="r_23_tl_12_w1" custom="readingOrder {index:0;}">
                    <Coords points="59,2320 59,2380 186,2380 186,2320 59,2320"/>
                    <TextEquiv>
                        <Unicode>geredet</Unicode>
                    </TextEquiv>
                </Word>
                <Word id="r_23_tl_12_w2" custom="readingOrder {index:1;}">
                    <Coords points="208,2318 208,2378 314,2378 314,2318 208,2318"/>
                    <TextEquiv>
                        <Unicode>habe,</Unicode>
                    </TextEquiv>
                </Word>
                <Word id="r_23_tl_12_w3" custom="readingOrder {index:2;}">
                    <Coords points="336,2318 336,2378 425,2378 425,2318 336,2318"/>
                    <TextEquiv>
                        <Unicode>nicht</Unicode>
                    </TextEquiv>
                </Word>
                <Word id="r_23_tl_12_w4" custom="readingOrder {index:3;}">
                    <Coords points="452,2320 452,2380 500,2380 500,2320 452,2320"/>
                    <TextEquiv>
                        <Unicode>als</Unicode>
                    </TextEquiv>
                </Word>
                <Word id="r_23_tl_12_w5" custom="readingOrder {index:4;}">
                    <Coords points="527,2321 527,2381 611,2381 611,2321 527,2321"/>
                    <TextEquiv>
                        <Unicode>wenn</Unicode>
                    </TextEquiv>
                </Word>
                <Word id="r_23_tl_12_w6" custom="readingOrder {index:5;}">
                    <Coords points="649,2323 649,2383 728,2383 728,2323 649,2323"/>
                    <TextEquiv>
                        <Unicode>etwa</Unicode>
                    </TextEquiv>
                </Word>
                <Word id="r_23_tl_12_w7" custom="readingOrder {index:6;}">
                    <Coords points="766,2324 766,2384 813,2384 813,2324 766,2324"/>
                    <TextEquiv>
                        <Unicode>der</Unicode>
                    </TextEquiv>
                </Word>
                <Word id="r_23_tl_12_w8" custom="readingOrder {index:7;}">
                    <Coords points="840,2324 840,2384 935,2384 935,2324 840,2324"/>
                    <TextEquiv>
                        <Unicode>Geist</Unicode>
                    </TextEquiv>
                </Word>
                <Word id="r_23_tl_12_w9" custom="readingOrder {index:8;}">
                    <Coords points="963,2327 963,2387 1084,2387 1084,2327 963,2327"/>
                    <TextEquiv>
                        <Unicode>Sau=</Unicode>
                    </TextEquiv>
                </Word>
                <Word id="r_23_tl_12_w10" custom="readingOrder {index:9;}">
                    <Coords points="1117,2324 1117,2384 1377,2384 1377,2324 1117,2324"/>
                    <TextEquiv>
                        <Unicode>belübersetzung</Unicode>
                    </TextEquiv>
                </Word>
                <TextEquiv>
                    <Unicode>geredet habe, nicht als wenn etwa der Geist Sau= belübersetzung</Unicode>
                </TextEquiv>
            </TextLine>
            <TextLine id="r_23_tl_13" custom="readingOrder {index:12;}">
                <Coords points="62,2418 1085,2426 1085,2382 969,2369 62,2380"/>
                <Baseline points="77,2409 122,2409 167,2409 211,2409 256,2409 301,2406 346,2406 391,2406 435,2409 480,2409 525,2409 570,2409 615,2412 659,2412 704,2412 749,2415 794,2415 838,2415 883,2415 928,2415 973,2418 1018,2418 1062,2415 1092,2418"/>
                <Word id="r_23_tl_13_w1" custom="readingOrder {index:0;}">
                    <Coords points="62,2369 62,2429 154,2429 154,2369 62,2369"/>
                    <TextEquiv>
                        <Unicode>rins</Unicode>
                    </TextEquiv>
                </Word>
                <Word id="r_23_tl_13_w2" custom="readingOrder {index:1;}">
                    <Coords points="193,2367 193,2427 367,2427 367,2367 193,2367"/>
                    <TextEquiv>
                        <Unicode>zwiefältig</Unicode>
                    </TextEquiv>
                </Word>
                <Word id="r_23_tl_13_w3" custom="readingOrder {index:2;}">
                    <Coords points="395,2368 395,2428 449,2428 449,2368 395,2368"/>
                    <TextEquiv>
                        <Unicode>auf</Unicode>
                    </TextEquiv>
                </Word>
                <Word id="r_23_tl_13_w4" custom="readingOrder {index:3;}">
                    <Coords points="471,2369 471,2429 580,2429 580,2369 471,2369"/>
                    <TextEquiv>
                        <Unicode>unsrem</Unicode>
                    </TextEquiv>
                </Word>
                <Word id="r_23_tl_13_w5" custom="readingOrder {index:4;}">
                    <Coords points="624,2372 624,2432 760,2432 760,2372 624,2372"/>
                    <TextEquiv>
                        <Unicode>Gegner</Unicode>
                    </TextEquiv>
                </Word>
                <Word id="r_23_tl_13_w6" custom="readingOrder {index:5;}">
                    <Coords points="777,2375 777,2435 919,2435 919,2375 777,2375"/>
                    <TextEquiv>
                        <Unicode>ruhete;</Unicode>
                    </TextEquiv>
                </Word>
                <Word id="r_23_tl_13_w7" custom="readingOrder {index:6;}">
                    <Coords points="947,2378 947,2438 1077,2438 1077,2378 947,2378"/>
                    <TextEquiv>
                        <Unicode>sondern</Unicode>
                    </TextEquiv>
                </Word>
                <TextEquiv>
                    <Unicode>rins zwiefältig auf unsrem Gegner ruhete; sondern</Unicode>
                </TextEquiv>
            </TextLine>
            <TextLine id="r_23_tl_14" custom="readingOrder {index:13;}">
                <Coords points="62,2475 1085,2478 1085,2424 62,2418"/>
                <Baseline points="77,2460 122,2460 167,2457 211,2457 256,2457 301,2457 346,2454 391,2457 435,2460 480,2457 525,2460 570,2460 615,2460 659,2463 704,2463 749,2466 794,2466 838,2466 883,2469 928,2466 973,2466 1018,2466 1062,2466 1092,2466"/>
                <Word id="r_23_tl_14_w1" custom="readingOrder {index:0;}">
                    <Coords points="68,2420 68,2480 143,2480 143,2420 68,2420"/>
                    <TextEquiv>
                        <Unicode>weil</Unicode>
                    </TextEquiv>
                </Word>
                <Word id="r_23_tl_14_w2" custom="readingOrder {index:1;}">
                    <Coords points="165,2417 165,2477 214,2477 214,2417 165,2417"/>
                    <TextEquiv>
                        <Unicode>die</Unicode>
                    </TextEquiv>
                </Word>
                <Word id="r_23_tl_14_w3" custom="readingOrder {index:2;}">
                    <Coords points="236,2417 236,2477 355,2477 355,2417 236,2417"/>
                    <TextEquiv>
                        <Unicode>äußere</Unicode>
                    </TextEquiv>
                </Word>
                <Word id="r_23_tl_14_w4" custom="readingOrder {index:3;}">
                    <Coords points="377,2417 377,2477 594,2477 594,2417 377,2417"/>
                    <TextEquiv>
                        <Unicode>Einrichtung</Unicode>
                    </TextEquiv>
                </Word>
                <Word id="r_23_tl_14_w5" custom="readingOrder {index:4;}">
                    <Coords points="621,2423 621,2483 719,2483 719,2423 621,2423"/>
                    <TextEquiv>
                        <Unicode>dieser</Unicode>
                    </TextEquiv>
                </Word>
                <Word id="r_23_tl_14_w6" custom="readingOrder {index:5;}">
                    <Coords points="741,2426 741,2486 849,2486 849,2426 741,2426"/>
                    <TextEquiv>
                        <Unicode>Reden</Unicode>
                    </TextEquiv>
                </Word>
                <Word id="r_23_tl_14_w7" custom="readingOrder {index:6;}">
                    <Coords points="882,2428 882,2488 903,2488 903,2428 882,2428"/>
                    <TextEquiv>
                        <Unicode>so</Unicode>
                    </TextEquiv>
                </Word>
                <Word id="r_23_tl_14_w8" custom="readingOrder {index:7;}">
                    <Coords points="931,2426 931,2486 1012,2486 1012,2426 931,2426"/>
                    <TextEquiv>
                        <Unicode>ganz</Unicode>
                    </TextEquiv>
                </Word>
                <Word id="r_23_tl_14_w9" custom="readingOrder {index:8;}">
                    <Coords points="1034,2426 1034,2486 1088,2486 1088,2426 1034,2426"/>
                    <TextEquiv>
                        <Unicode>ab¬</Unicode>
                    </TextEquiv>
                </Word>
                <TextEquiv>
                    <Unicode>weil die äußere Einrichtung dieser Reden so ganz ab¬</Unicode>
                </TextEquiv>
            </TextLine>
            <TextLine id="r_23_tl_15" custom="readingOrder {index:14;}">
                <Coords points="72,2527 1083,2527 1083,2478 1026,2470 72,2470"/>
                <Baseline points="86,2507 131,2510 176,2507 220,2507 265,2504 310,2504 355,2504 400,2504 444,2504 489,2507 534,2507 579,2510 623,2510 668,2510 713,2510 758,2513 803,2513 847,2513 892,2513 937,2516 982,2516 1027,2516 1071,2516 1089,2513"/>
                <Word id="r_23_tl_15_w1" custom="readingOrder {index:0;}">
                    <Coords points="73,2469 73,2529 210,2529 210,2469 73,2469"/>
                    <TextEquiv>
                        <Unicode>scheulich</Unicode>
                    </TextEquiv>
                </Word>
                <Word id="r_23_tl_15_w2" custom="readingOrder {index:1;}">
                    <Coords points="239,2464 239,2524 288,2524 288,2464 239,2464"/>
                    <TextEquiv>
                        <Unicode>ins</Unicode>
                    </TextEquiv>
                </Word>
                <Word id="r_23_tl_15_w3" custom="readingOrder {index:2;}">
                    <Coords points="316,2464 316,2524 477,2524 477,2464 316,2464"/>
                    <TextEquiv>
                        <Unicode>Gelehrte</Unicode>
                    </TextEquiv>
                </Word>
                <Word id="r_23_tl_15_w4" custom="readingOrder {index:3;}">
                    <Coords points="494,2467 494,2527 587,2527 587,2467 494,2467"/>
                    <TextEquiv>
                        <Unicode>fällt,</Unicode>
                    </TextEquiv>
                </Word>
                <Word id="r_23_tl_15_w5" custom="readingOrder {index:4;}">
                    <Coords points="616,2470 616,2530 665,2530 665,2470 616,2470"/>
                    <TextEquiv>
                        <Unicode>als</Unicode>
                    </TextEquiv>
                </Word>
                <Word id="r_23_tl_15_w6" custom="readingOrder {index:5;}">
                    <Coords points="688,2470 688,2530 720,2530 720,2470 688,2470"/>
                    <TextEquiv>
                        <Unicode>es</Unicode>
                    </TextEquiv>
                </Word>
                <Word id="r_23_tl_15_w7" custom="readingOrder {index:6;}">
                    <Coords points="749,2473 749,2533 837,2533 837,2473 749,2473"/>
                    <TextEquiv>
                        <Unicode>wohl</Unicode>
                    </TextEquiv>
                </Word>
                <Word id="r_23_tl_15_w8" custom="readingOrder {index:7;}">
                    <Coords points="860,2473 860,2533 909,2533 909,2473 860,2473"/>
                    <TextEquiv>
                        <Unicode>die</Unicode>
                    </TextEquiv>
                </Word>
                <Word id="r_23_tl_15_w9" custom="readingOrder {index:8;}">
                    <Coords points="932,2476 932,2536 1086,2536 1086,2476 932,2476"/>
                    <TextEquiv>
                        <Unicode>Catechu¬</Unicode>
                    </TextEquiv>
                </Word>
                <TextEquiv>
                    <Unicode>scheulich ins Gelehrte fällt, als es wohl die Catechu¬</Unicode>
                </TextEquiv>
            </TextLine>
            <TextLine id="r_23_tl_16" custom="readingOrder {index:15;}">
                <Coords points="62,2568 1085,2571 1085,2532 1018,2522 62,2522"/>
                <Baseline points="77,2558 122,2558 167,2558 211,2558 256,2555 301,2555 346,2555 391,2552 435,2555 480,2555 525,2558 570,2558 615,2558 659,2558 704,2555 749,2558 794,2561 838,2564 883,2564 928,2564 973,2564 1018,2564 1062,2564 1092,2561"/>
                <Word id="r_23_tl_16_w1" custom="readingOrder {index:0;}">
                    <Coords points="68,2518 68,2578 159,2578 159,2518 68,2518"/>
                    <TextEquiv>
                        <Unicode>meni</Unicode>
                    </TextEquiv>
                </Word>
                <Word id="r_23_tl_16_w2" custom="readingOrder {index:1;}">
                    <Coords points="181,2518 181,2578 230,2578 230,2518 181,2518"/>
                    <TextEquiv>
                        <Unicode>des</Unicode>
                    </TextEquiv>
                </Word>
                <Word id="r_23_tl_16_w3" custom="readingOrder {index:2;}">
                    <Coords points="252,2515 252,2575 338,2575 338,2515 252,2515"/>
                    <TextEquiv>
                        <Unicode>Hrn.</Unicode>
                    </TextEquiv>
                </Word>
                <Word id="r_23_tl_16_w4" custom="readingOrder {index:3;}">
                    <Coords points="355,2512 355,2572 452,2572 452,2512 355,2512"/>
                    <TextEquiv>
                        <Unicode>Verf.</Unicode>
                    </TextEquiv>
                </Word>
                <Word id="r_23_tl_16_w5" custom="readingOrder {index:4;}">
                    <Coords points="470,2518 470,2578 708,2578 708,2518 470,2518"/>
                    <TextEquiv>
                        <Unicode>nimmermehr</Unicode>
                    </TextEquiv>
                </Word>
                <Word id="r_23_tl_16_w6" custom="readingOrder {index:5;}">
                    <Coords points="736,2518 736,2578 789,2578 789,2518 736,2518"/>
                    <TextEquiv>
                        <Unicode>von</Unicode>
                    </TextEquiv>
                </Word>
                <Word id="r_23_tl_16_w7" custom="readingOrder {index:6;}">
                    <Coords points="822,2524 822,2584 870,2584 870,2524 822,2524"/>
                    <TextEquiv>
                        <Unicode>ihm</Unicode>
                    </TextEquiv>
                </Word>
                <Word id="r_23_tl_16_w8" custom="readingOrder {index:7;}">
                    <Coords points="910,2524 910,2584 936,2584 936,2524 910,2524"/>
                    <TextEquiv>
                        <Unicode>in</Unicode>
                    </TextEquiv>
                </Word>
                <Word id="r_23_tl_16_w9" custom="readingOrder {index:8;}">
                    <Coords points="969,2524 969,2584 1066,2584 1066,2524 969,2524"/>
                    <TextEquiv>
                        <Unicode>seinem</Unicode>
                    </TextEquiv>
                </Word>
                <TextEquiv>
                    <Unicode>meni des Hrn. Verf. nimmermehr von ihm in seinem</Unicode>
                </TextEquiv>
            </TextLine>
            <TextLine id="r_23_tl_17" custom="readingOrder {index:16;}">
                <Coords points="57,2620 1090,2625 1072,2571 57,2568"/>
                <Baseline points="71,2609 116,2609 161,2609 206,2609 250,2606 295,2606 340,2606 385,2603 429,2606 474,2606 519,2606 564,2606 609,2609 653,2609 698,2609 743,2612 788,2612 832,2615 877,2615 922,2615 967,2615 1012,2612 1056,2615 1098,2615"/>
                <Word id="r_23_tl_17_w1" custom="readingOrder {index:0;}">
                    <Coords points="64,2569 64,2629 250,2629 250,2569 64,2569"/>
                    <TextEquiv>
                        <Unicode>Unterricht</Unicode>
                    </TextEquiv>
                </Word>
                <Word id="r_23_tl_17_w2" custom="readingOrder {index:1;}">
                    <Coords points="269,2566 269,2626 297,2626 297,2566 269,2566"/>
                    <TextEquiv>
                        <Unicode>zu</Unicode>
                    </TextEquiv>
                </Word>
                <Word id="r_23_tl_17_w3" custom="readingOrder {index:2;}">
                    <Coords points="327,2563 327,2623 420,2623 420,2563 327,2563"/>
                    <TextEquiv>
                        <Unicode>hören</Unicode>
                    </TextEquiv>
                </Word>
                <Word id="r_23_tl_17_w4" custom="readingOrder {index:3;}">
                    <Coords points="449,2566 449,2626 607,2626 607,2566 449,2566"/>
                    <TextEquiv>
                        <Unicode>gewohnt</Unicode>
                    </TextEquiv>
                </Word>
                <Word id="r_23_tl_17_w5" custom="readingOrder {index:4;}">
                    <Coords points="631,2569 631,2629 689,2629 689,2569 631,2569"/>
                    <TextEquiv>
                        <Unicode>seyn</Unicode>
                    </TextEquiv>
                </Word>
                <Word id="r_23_tl_17_w6" custom="readingOrder {index:5;}">
                    <Coords points="725,2572 725,2632 858,2632 858,2572 725,2572"/>
                    <TextEquiv>
                        <Unicode>mögen.</Unicode>
                    </TextEquiv>
                </Word>
                <Word id="r_23_tl_17_w7" custom="readingOrder {index:6;}">
                    <Coords points="906,2575 906,2635 999,2635 999,2575 906,2575"/>
                    <TextEquiv>
                        <Unicode>Doch</Unicode>
                    </TextEquiv>
                </Word>
                <Word id="r_23_tl_17_w8" custom="readingOrder {index:7;}">
                    <Coords points="1029,2575 1029,2635 1086,2635 1086,2575 1029,2575"/>
                    <TextEquiv>
                        <Unicode>wir</Unicode>
                    </TextEquiv>
                </Word>
                <TextEquiv>
                    <Unicode>Unterricht zu hören gewohnt seyn mögen. Doch wir</Unicode>
                </TextEquiv>
            </TextLine>
            <TextLine id="r_23_tl_18" custom="readingOrder {index:17;}">
                <Coords points="59,2669 1090,2672 1090,2625 915,2617 840,2646 718,2612 59,2630"/>
                <Baseline points="74,2657 119,2663 164,2660 208,2660 253,2660 298,2657 343,2657 388,2657 432,2657 477,2657 522,2654 567,2657 612,2657 656,2657 701,2660 746,2660 791,2663 835,2663 880,2663 925,2660 970,2663 1015,2663 1059,2663 1095,2663"/>
                <Word id="r_23_tl_18_w1" custom="readingOrder {index:0;}">
                    <Coords points="67,2620 67,2680 298,2680 298,2620 67,2620"/>
                    <TextEquiv>
                        <Unicode>entschuldigen</Unicode>
                    </TextEquiv>
                </Word>
                <Word id="r_23_tl_18_w2" custom="readingOrder {index:1;}">
                    <Coords points="330,2617 330,2677 378,2677 378,2617 330,2617"/>
                    <TextEquiv>
                        <Unicode>den</Unicode>
                    </TextEquiv>
                </Word>
                <Word id="r_23_tl_18_w3" custom="readingOrder {index:2;}">
                    <Coords points="409,2617 409,2677 499,2677 499,2617 409,2617"/>
                    <TextEquiv>
                        <Unicode>Hrn.</Unicode>
                    </TextEquiv>
                </Word>
                <Word id="r_23_tl_18_w4" custom="readingOrder {index:3;}">
                    <Coords points="524,2617 524,2677 628,2677 628,2617 524,2617"/>
                    <TextEquiv>
                        <Unicode>Verf.</Unicode>
                    </TextEquiv>
                </Word>
                <Word id="r_23_tl_18_w5" custom="readingOrder {index:4;}">
                    <Coords points="641,2617 641,2677 695,2677 695,2617 641,2617"/>
                    <TextEquiv>
                        <Unicode>gar</Unicode>
                    </TextEquiv>
                </Word>
                <Word id="r_23_tl_18_w6" custom="readingOrder {index:5;}">
                    <Coords points="720,2622 720,2682 836,2682 836,2622 720,2622"/>
                    <TextEquiv>
                        <Unicode>gerne.</Unicode>
                    </TextEquiv>
                </Word>
                <Word id="r_23_tl_18_w7" custom="readingOrder {index:6;}">
                    <Coords points="879,2621 879,2681 933,2681 933,2621 879,2621"/>
                    <TextEquiv>
                        <Unicode>Er</Unicode>
                    </TextEquiv>
                </Word>
                <Word id="r_23_tl_18_w8" custom="readingOrder {index:7;}">
                    <Coords points="959,2623 959,2683 1013,2683 1013,2623 959,2623"/>
                    <TextEquiv>
                        <Unicode>hat</Unicode>
                    </TextEquiv>
                </Word>
                <Word id="r_23_tl_18_w9" custom="readingOrder {index:8;}">
                    <Coords points="1032,2623 1032,2683 1080,2683 1080,2623 1032,2623"/>
                    <TextEquiv>
                        <Unicode>als</Unicode>
                    </TextEquiv>
                </Word>
                <TextEquiv>
                    <Unicode>entschuldigen den Hrn. Verf. gar gerne. Er hat als</Unicode>
                </TextEquiv>
            </TextLine>
            <TextLine id="r_23_tl_19" custom="readingOrder {index:18;}">
                <Coords points="57,2726 2134,2726 2134,2669 1938,2661 57,2672"/>
                <Baseline points="71,2707 116,2713 161,2710 206,2710 250,2710 295,2707 340,2704 385,2704 429,2704 474,2704 519,2704 564,2704 609,2704 653,2707 698,2707 743,2710 788,2710 832,2713 877,2710 922,2713 967,2713 1012,2713 1056,2713 1098,2710 1119,2710 1164,2710 1209,2710 1253,2710 1298,2707 1343,2707 1388,2707 1433,2707 1477,2707 1522,2704 1567,2704 1612,2701 1656,2701 1701,2698 1746,2698 1791,2701 1836,2698 1880,2698 1925,2701 1970,2701 2015,2704 2060,2704 2104,2707 2137,2710"/>
                <Word id="r_23_tl_19_w1" custom="readingOrder {index:0;}">
                    <Coords points="61,2668 61,2728 109,2728 109,2668 61,2668"/>
                    <TextEquiv>
                        <Unicode>ein</Unicode>
                    </TextEquiv>
                </Word>
                <Word id="r_23_tl_19_w2" custom="readingOrder {index:1;}">
                    <Coords points="152,2670 152,2730 334,2730 334,2670 152,2670"/>
                    <TextEquiv>
                        <Unicode>streitbarer</Unicode>
                    </TextEquiv>
                </Word>
                <Word id="r_23_tl_19_w3" custom="readingOrder {index:2;}">
                    <Coords points="371,2664 371,2724 512,2724 512,2664 371,2664"/>
                    <TextEquiv>
                        <Unicode>Gegner</Unicode>
                    </TextEquiv>
                </Word>
                <Word id="r_23_tl_19_w4" custom="readingOrder {index:3;}">
                    <Coords points="548,2664 548,2724 603,2724 603,2664 548,2664"/>
                    <TextEquiv>
                        <Unicode>des</Unicode>
                    </TextEquiv>
                </Word>
                <Word id="r_23_tl_19_w5" custom="readingOrder {index:4;}">
                    <Coords points="639,2667 639,2727 730,2727 730,2667 639,2667"/>
                    <TextEquiv>
                        <Unicode>Hrn.</Unicode>
                    </TextEquiv>
                </Word>
                <Word id="r_23_tl_19_w6" custom="readingOrder {index:5;}">
                    <Coords points="759,2670 759,2730 977,2730 977,2670 759,2670"/>
                    <TextEquiv>
                        <Unicode>Crugorts</Unicode>
                    </TextEquiv>
                </Word>
                <Word id="r_23_tl_19_w7" custom="readingOrder {index:6;}">
                    <Coords points="1014,2673 1014,2733 1083,2733 1083,2673 1014,2673"/>
                    <TextEquiv>
                        <Unicode>ver¬</Unicode>
                    </TextEquiv>
                </Word>
                <Word id="r_23_tl_19_w8" custom="readingOrder {index:7;}">
                    <Coords points="1112,2670 1112,2730 1147,2730 1147,2670 1112,2670"/>
                    <TextEquiv>
                        <Unicode>es</Unicode>
                    </TextEquiv>
                </Word>
                <Word id="r_23_tl_19_w9" custom="readingOrder {index:8;}">
                    <Coords points="1176,2670 1176,2730 1273,2730 1273,2670 1176,2670"/>
                    <TextEquiv>
                        <Unicode>seiner</Unicode>
                    </TextEquiv>
                </Word>
                <Word id="r_23_tl_19_w10" custom="readingOrder {index:9;}">
                    <Coords points="1295,2667 1295,2727 1570,2727 1570,2667 1295,2667"/>
                    <TextEquiv>
                        <Unicode>Bescheidenheit</Unicode>
                    </TextEquiv>
                </Word>
                <Word id="r_23_tl_19_w11" custom="readingOrder {index:10;}">
                    <Coords points="1585,2661 1585,2721 1612,2721 1612,2661 1585,2661"/>
                    <TextEquiv>
                        <Unicode>zu</Unicode>
                    </TextEquiv>
                </Word>
                <Word id="r_23_tl_19_w12" custom="readingOrder {index:11;}">
                    <Coords points="1641,2658 1641,2718 1825,2718 1825,2658 1641,2658"/>
                    <TextEquiv>
                        <Unicode>urtheilen,</Unicode>
                    </TextEquiv>
                </Word>
                <Word id="r_23_tl_19_w13" custom="readingOrder {index:12;}">
                    <Coords points="1847,2658 1847,2718 1881,2718 1881,2658 1847,2658"/>
                    <TextEquiv>
                        <Unicode>ob</Unicode>
                    </TextEquiv>
                </Word>
                <Word id="r_23_tl_19_w14" custom="readingOrder {index:13;}">
                    <Coords points="1910,2660 1910,2720 1937,2720 1937,2660 1910,2660"/>
                    <TextEquiv>
                        <Unicode>er</Unicode>
                    </TextEquiv>
                </Word>
                <Word id="r_23_tl_19_w15" custom="readingOrder {index:14;}">
                    <Coords points="1959,2662 1959,2722 2015,2722 2015,2662 1959,2662"/>
                    <TextEquiv>
                        <Unicode>sich</Unicode>
                    </TextEquiv>
                </Word>
                <Word id="r_23_tl_19_w16" custom="readingOrder {index:15;}">
                    <Coords points="2037,2665 2037,2725 2128,2725 2128,2665 2037,2665"/>
                    <TextEquiv>
                        <Unicode>wohl</Unicode>
                    </TextEquiv>
                </Word>
                <TextEquiv>
                    <Unicode>ein streitbarer Gegner des Hrn. Crugorts ver¬ es seiner Bescheidenheit zu urtheilen, ob er sich wohl</Unicode>
                </TextEquiv>
            </TextLine>
            <TextLine id="r_23_tl_20" custom="readingOrder {index:19;}">
                <Coords points="65,2775 1059,2775 1083,2723 62,2728"/>
                <Baseline points="77,2755 122,2758 167,2761 211,2761 256,2758 301,2758 346,2758 391,2755 435,2755 480,2755 525,2755 570,2755 615,2755 659,2755 704,2755 749,2758 794,2758 838,2761 883,2761 928,2761 973,2764 1018,2761 1062,2764 1089,2761"/>
                <Word id="r_23_tl_20_w1" custom="readingOrder {index:0;}">
                    <Coords points="69,2719 69,2779 217,2779 217,2719 69,2719"/>
                    <TextEquiv>
                        <Unicode>muthlich</Unicode>
                    </TextEquiv>
                </Word>
                <Word id="r_23_tl_20_w2" custom="readingOrder {index:1;}">
                    <Coords points="254,2718 254,2778 354,2778 354,2718 254,2718"/>
                    <TextEquiv>
                        <Unicode>zeigen</Unicode>
                    </TextEquiv>
                </Word>
                <Word id="r_23_tl_20_w3" custom="readingOrder {index:2;}">
                    <Coords points="396,2715 396,2775 539,2775 539,2715 396,2715"/>
                    <TextEquiv>
                        <Unicode>wollen,</Unicode>
                    </TextEquiv>
                </Word>
                <Word id="r_23_tl_20_w4" custom="readingOrder {index:3;}">
                    <Coords points="569,2715 569,2775 623,2775 623,2715 569,2715"/>
                    <TextEquiv>
                        <Unicode>daß</Unicode>
                    </TextEquiv>
                </Word>
                <Word id="r_23_tl_20_w5" custom="readingOrder {index:4;}">
                    <Coords points="659,2715 659,2775 688,2775 688,2715 659,2715"/>
                    <TextEquiv>
                        <Unicode>er</Unicode>
                    </TextEquiv>
                </Word>
                <Word id="r_23_tl_20_w6" custom="readingOrder {index:5;}">
                    <Coords points="718,2718 718,2778 790,2778 790,2718 718,2718"/>
                    <TextEquiv>
                        <Unicode>eben</Unicode>
                    </TextEquiv>
                </Word>
                <Word id="r_23_tl_20_w7" custom="readingOrder {index:6;}">
                    <Coords points="832,2721 832,2781 855,2781 855,2721 832,2721"/>
                    <TextEquiv>
                        <Unicode>so</Unicode>
                    </TextEquiv>
                </Word>
                <Word id="r_23_tl_20_w8" custom="readingOrder {index:7;}">
                    <Coords points="885,2721 885,2781 998,2781 998,2721 885,2721"/>
                    <TextEquiv>
                        <Unicode>schön,</Unicode>
                    </TextEquiv>
                </Word>
                <Word id="r_23_tl_20_w9" custom="readingOrder {index:8;}">
                    <Coords points="1034,2723 1034,2783 1081,2783 1081,2723 1034,2723"/>
                    <TextEquiv>
                        <Unicode>als</Unicode>
                    </TextEquiv>
                </Word>
                <TextEquiv>
                    <Unicode>muthlich zeigen wollen, daß er eben so schön, als</Unicode>
                </TextEquiv>
            </TextLine>
            <TextLine id="r_23_tl_21" custom="readingOrder {index:20;}">
                <Coords points="62,2821 1083,2829 1083,2775 1018,2759 62,2778"/>
                <Baseline points="77,2806 122,2809 167,2809 211,2809 256,2809 301,2809 346,2809 391,2806 435,2806 480,2806 525,2806 570,2803 615,2806 659,2806 704,2806 749,2806 794,2806 838,2809 883,2809 928,2809 973,2812 1018,2812 1062,2812 1089,2809"/>
                <Word id="r_23_tl_21_w1" custom="readingOrder {index:0;}">
                    <Coords points="68,2769 68,2829 267,2829 267,2769 68,2769"/>
                    <TextEquiv>
                        <Unicode>Crugott</Unicode>
                    </TextEquiv>
                </Word>
                <Word id="r_23_tl_21_w2" custom="readingOrder {index:1;}">
                    <Coords points="295,2769 295,2829 322,2829 322,2769 295,2769"/>
                    <TextEquiv>
                        <Unicode>zu</Unicode>
                    </TextEquiv>
                </Word>
                <Word id="r_23_tl_21_w3" custom="readingOrder {index:2;}">
                    <Coords points="355,2766 355,2826 500,2826 500,2766 355,2766"/>
                    <TextEquiv>
                        <Unicode>predigen</Unicode>
                    </TextEquiv>
                </Word>
                <Word id="r_23_tl_21_w4" custom="readingOrder {index:3;}">
                    <Coords points="528,2763 528,2823 636,2823 636,2763 528,2763"/>
                    <TextEquiv>
                        <Unicode>wisse,</Unicode>
                    </TextEquiv>
                </Word>
                <Word id="r_23_tl_21_w5" custom="readingOrder {index:4;}">
                    <Coords points="664,2766 664,2826 723,2826 723,2766 664,2766"/>
                    <TextEquiv>
                        <Unicode>und</Unicode>
                    </TextEquiv>
                </Word>
                <Word id="r_23_tl_21_w6" custom="readingOrder {index:5;}">
                    <Coords points="751,2766 751,2826 810,2826 810,2766 751,2766"/>
                    <TextEquiv>
                        <Unicode>also</Unicode>
                    </TextEquiv>
                </Word>
                <Word id="r_23_tl_21_w7" custom="readingOrder {index:6;}">
                    <Coords points="837,2769 837,2829 907,2829 907,2769 837,2769"/>
                    <TextEquiv>
                        <Unicode>auch</Unicode>
                    </TextEquiv>
                </Word>
                <Word id="r_23_tl_21_w8" custom="readingOrder {index:7;}">
                    <Coords points="935,2772 935,2832 1086,2832 1086,2772 935,2772"/>
                    <TextEquiv>
                        <Unicode>vollkom¬</Unicode>
                    </TextEquiv>
                </Word>
                <TextEquiv>
                    <Unicode>Crugott zu predigen wisse, und also auch vollkom¬</Unicode>
                </TextEquiv>
            </TextLine>
            <TextLine id="r_23_tl_22" custom="readingOrder {index:21;}">
                <Coords points="57,2873 1088,2876 1057,2821 57,2827"/>
                <Baseline points="71,2857 116,2857 161,2860 206,2860 250,2860 295,2857 340,2860 385,2857 429,2857 474,2854 519,2857 564,2857 609,2854 653,2857 698,2857 743,2857 788,2857 832,2857 877,2860 922,2860 967,2863 1012,2863 1056,2863 1092,2866"/>
                <Word id="r_23_tl_22_w1" custom="readingOrder {index:0;}">
                    <Coords points="63,2817 63,2877 129,2877 129,2817 63,2817"/>
                    <TextEquiv>
                        <Unicode>men</Unicode>
                    </TextEquiv>
                </Word>
                <Word id="r_23_tl_22_w2" custom="readingOrder {index:1;}">
                    <Coords points="164,2820 164,2880 302,2880 302,2820 164,2820"/>
                    <TextEquiv>
                        <Unicode>geschickt</Unicode>
                    </TextEquiv>
                </Word>
                <Word id="r_23_tl_22_w3" custom="readingOrder {index:2;}">
                    <Coords points="326,2818 326,2878 392,2878 392,2818 326,2818"/>
                    <TextEquiv>
                        <Unicode>sey,</Unicode>
                    </TextEquiv>
                </Word>
                <Word id="r_23_tl_22_w4" custom="readingOrder {index:3;}">
                    <Coords points="415,2814 415,2874 515,2874 515,2814 415,2814"/>
                    <TextEquiv>
                        <Unicode>diesen</Unicode>
                    </TextEquiv>
                </Word>
                <Word id="r_23_tl_22_w5" custom="readingOrder {index:4;}">
                    <Coords points="543,2817 543,2877 794,2877 794,2817 543,2817"/>
                    <TextEquiv>
                        <Unicode>Erzsocinianer</Unicode>
                    </TextEquiv>
                </Word>
                <Word id="r_23_tl_22_w6" custom="readingOrder {index:5;}">
                    <Coords points="817,2817 817,2877 845,2877 845,2817 817,2817"/>
                    <TextEquiv>
                        <Unicode>zu</Unicode>
                    </TextEquiv>
                </Word>
                <Word id="r_23_tl_22_w7" custom="readingOrder {index:6;}">
                    <Coords points="874,2823 874,2883 1091,2883 1091,2823 874,2823"/>
                    <TextEquiv>
                        <Unicode>widerlegen,</Unicode>
                    </TextEquiv>
                </Word>
                <TextEquiv>
                    <Unicode>men geschickt sey, diesen Erzsocinianer zu widerlegen,</Unicode>
                </TextEquiv>
            </TextLine>
            <TextLine id="r_23_tl_23" custom="readingOrder {index:22;}">
                <Coords points="59,2925 1085,2920 1085,2876 1049,2868 59,2873"/>
                <Baseline points="74,2913 107,2907 152,2907 197,2907 241,2907 286,2907 331,2907 376,2907 420,2907 465,2907 510,2907 555,2904 600,2907 644,2907 689,2904 734,2904 779,2907 824,2907 868,2910 913,2910 958,2910 1003,2910 1047,2910 1092,2910"/>
                <Word id="r_23_tl_23_w1" custom="readingOrder {index:0;}">
                    <Coords points="65,2871 65,2931 98,2931 98,2871 65,2871"/>
                    <TextEquiv>
                        <Unicode>zu</Unicode>
                    </TextEquiv>
                </Word>
                <Word id="r_23_tl_23_w2" custom="readingOrder {index:1;}">
                    <Coords points="126,2867 126,2927 303,2927 303,2867 126,2867"/>
                    <TextEquiv>
                        <Unicode>verbessern</Unicode>
                    </TextEquiv>
                </Word>
                <Word id="r_23_tl_23_w3" custom="readingOrder {index:2;}">
                    <Coords points="332,2867 332,2927 392,2927 392,2867 332,2867"/>
                    <TextEquiv>
                        <Unicode>und</Unicode>
                    </TextEquiv>
                </Word>
                <Word id="r_23_tl_23_w4" custom="readingOrder {index:3;}">
                    <Coords points="421,2867 421,2927 448,2927 448,2867 421,2867"/>
                    <TextEquiv>
                        <Unicode>zu</Unicode>
                    </TextEquiv>
                </Word>
                <Word id="r_23_tl_23_w5" custom="readingOrder {index:4;}">
                    <Coords points="477,2864 477,2924 648,2924 648,2864 477,2864"/>
                    <TextEquiv>
                        <Unicode>bekehren.</Unicode>
                    </TextEquiv>
                </Word>
                <Word id="r_23_tl_23_w6" custom="readingOrder {index:5;}">
                    <Coords points="699,2864 699,2924 777,2924 777,2864 699,2864"/>
                    <TextEquiv>
                        <Unicode>Der</Unicode>
                    </TextEquiv>
                </Word>
                <Word id="r_23_tl_23_w7" custom="readingOrder {index:6;}">
                    <Coords points="800,2867 800,2927 865,2927 865,2867 800,2867"/>
                    <TextEquiv>
                        <Unicode>Hr.</Unicode>
                    </TextEquiv>
                </Word>
                <Word id="r_23_tl_23_w8" custom="readingOrder {index:7;}">
                    <Coords points="877,2870 877,2930 927,2930 927,2870 877,2870"/>
                    <TextEquiv>
                        <Unicode>M.</Unicode>
                    </TextEquiv>
                </Word>
                <Word id="r_23_tl_23_w9" custom="readingOrder {index:8;}">
                    <Coords points="949,2870 949,2930 982,2930 982,2870 949,2870"/>
                    <TextEquiv>
                        <Unicode>ist</Unicode>
                    </TextEquiv>
                </Word>
                <Word id="r_23_tl_23_w10" custom="readingOrder {index:9;}">
                    <Coords points="1005,2870 1005,2930 1071,2930 1071,2870 1005,2870"/>
                    <TextEquiv>
                        <Unicode>hier</Unicode>
                    </TextEquiv>
                </Word>
                <TextEquiv>
                    <Unicode>zu verbessern und zu bekehren. Der Hr. M. ist hier</Unicode>
                </TextEquiv>
            </TextLine>
            <TextLine id="r_23_tl_24" custom="readingOrder {index:23;}">
                <Coords points="59,2987 2132,2971 2132,2922 1811,2907 59,2917"/>
                <Baseline points="74,2958 119,2961 164,2958 208,2961 253,2961 298,2958 343,2958 388,2961 432,2958 477,2958 522,2958 567,2958 612,2958 656,2958 701,2958 746,2958 791,2958 835,2961 880,2961 925,2961 970,2961 1015,2964 1059,2964 1098,2961 1116,2964 1134,2964 1179,2961 1224,2958 1268,2958 1313,2955 1358,2958 1403,2955 1447,2955 1492,2955 1537,2955 1582,2955 1627,2955 1671,2958 1717,2951 1717,2951 1764,2955 1809,2955 1854,2955 1898,2955 1943,2952 1988,2952 2033,2952 2077,2952 2122,2955 2137,2952"/>
                <Word id="r_23_tl_24_w1" custom="readingOrder {index:0;}">
                    <Coords points="67,2920 67,2980 177,2980 177,2920 67,2920"/>
                    <TextEquiv>
                        <Unicode>nächst</Unicode>
                    </TextEquiv>
                </Word>
                <Word id="r_23_tl_24_w2" custom="readingOrder {index:1;}">
                    <Coords points="202,2921 202,2981 238,2981 238,2921 202,2921"/>
                    <TextEquiv>
                        <Unicode>ein</Unicode>
                    </TextEquiv>
                </Word>
                <Word id="r_23_tl_24_w3" custom="readingOrder {index:2;}">
                    <Coords points="269,2920 269,2980 489,2980 489,2920 269,2920"/>
                    <TextEquiv>
                        <Unicode>verschlagner</Unicode>
                    </TextEquiv>
                </Word>
                <Word id="r_23_tl_24_w4" custom="readingOrder {index:3;}">
                    <Coords points="509,2918 509,2978 631,2978 631,2918 509,2918"/>
                    <TextEquiv>
                        <Unicode>listiger</Unicode>
                    </TextEquiv>
                </Word>
                <Word id="r_23_tl_24_w5" custom="readingOrder {index:4;}">
                    <Coords points="656,2918 656,2978 759,2978 759,2918 656,2918"/>
                    <TextEquiv>
                        <Unicode>Kopf,</Unicode>
                    </TextEquiv>
                </Word>
                <Word id="r_23_tl_24_w6" custom="readingOrder {index:5;}">
                    <Coords points="785,2920 785,2980 870,2980 870,2920 785,2920"/>
                    <TextEquiv>
                        <Unicode>recht</Unicode>
                    </TextEquiv>
                </Word>
                <Word id="r_23_tl_24_w7" custom="readingOrder {index:6;}">
                    <Coords points="889,2921 889,2981 913,2981 913,2921 889,2921"/>
                    <TextEquiv>
                        <Unicode>so</Unicode>
                    </TextEquiv>
                </Word>
                <Word id="r_23_tl_24_w8" custom="readingOrder {index:7;}">
                    <Coords points="938,2921 938,2981 999,2981 999,2921 938,2921"/>
                    <TextEquiv>
                        <Unicode>wie</Unicode>
                    </TextEquiv>
                </Word>
                <Word id="r_23_tl_24_w9" custom="readingOrder {index:8;}">
                    <Coords points="1024,2924 1024,2984 1085,2984 1085,2924 1024,2924"/>
                    <TextEquiv>
                        <Unicode>Ci=</Unicode>
                    </TextEquiv>
                </Word>
                <Word id="r_23_tl_24_w10" custom="readingOrder {index:9;}">
                    <Coords points="1116,2922 1116,2982 1189,2982 1189,2922 1116,2922"/>
                    <TextEquiv>
                        <Unicode>heit</Unicode>
                    </TextEquiv>
                </Word>
                <Word id="r_23_tl_24_w11" custom="readingOrder {index:10;}">
                    <Coords points="1220,2916 1220,2976 1348,2976 1348,2916 1220,2916"/>
                    <TextEquiv>
                        <Unicode>Christi</Unicode>
                    </TextEquiv>
                </Word>
                <Word id="r_23_tl_24_w12" custom="readingOrder {index:11;}">
                    <Coords points="1380,2915 1380,2975 1447,2975 1447,2915 1380,2915"/>
                    <TextEquiv>
                        <Unicode>also</Unicode>
                    </TextEquiv>
                </Word>
                <Word id="r_23_tl_24_w13" custom="readingOrder {index:12;}">
                    <Coords points="1484,2915 1484,2975 1625,2975 1625,2915 1484,2915"/>
                    <TextEquiv>
                        <Unicode>führet:</Unicode>
                    </TextEquiv>
                </Word>
                <Word id="r_23_tl_24_w14" custom="readingOrder {index:13;}">
                    <Coords points="1668,2912 1668,2972 1741,2972 1741,2912 1668,2912"/>
                    <TextEquiv>
                        <Unicode>"Im</Unicode>
                    </TextEquiv>
                </Word>
                <Word id="r_23_tl_24_w15" custom="readingOrder {index:14;}">
                    <Coords points="1791,2915 1791,2975 1925,2975 1925,2915 1791,2915"/>
                    <TextEquiv>
                        <Unicode>Anfang</Unicode>
                    </TextEquiv>
                </Word>
                <Word id="r_23_tl_24_w16" custom="readingOrder {index:15;}">
                    <Coords points="1969,2912 1969,2972 2036,2972 2036,2912 1969,2912"/>
                    <TextEquiv>
                        <Unicode>war</Unicode>
                    </TextEquiv>
                </Word>
                <Word id="r_23_tl_24_w17" custom="readingOrder {index:16;}">
                    <Coords points="2067,2913 2067,2973 2122,2973 2122,2913 2067,2913"/>
                    <TextEquiv>
                        <Unicode>das</Unicode>
                    </TextEquiv>
                </Word>
                <TextEquiv>
                    <Unicode>nächst ein verschlagner listiger Kopf, recht so wie Ci= heit Christi also führet: "Im Anfang war das</Unicode>
                </TextEquiv>
            </TextLine>
            <TextEquiv>
                <Unicode></Unicode>
            </TextEquiv>
        </TextRegion>
        <TextRegion id="r_22" custom="readingOrder {index:2;}">
            <Coords points="2171,1725 2171,3039 1111,3039 1111,1725"/>
            <TextLine id="r_22_tl_1" custom="readingOrder {index:0;}">
                <Coords points="1108,1780 2134,1783 2134,1726 2062,1718 1108,1716"/>
                <Baseline points="1122,1770 1155,1773 1200,1773 1244,1773 1289,1770 1334,1770 1379,1770 1424,1767 1468,1770 1513,1770 1558,1767 1603,1767 1648,1770 1692,1767 1737,1770 1782,1767 1827,1770 1871,1770 1916,1767 1961,1767 2006,1770 2051,1767 2095,1767 2140,1767"/>
                <Word id="r_22_tl_1_w1" custom="readingOrder {index:0;}">
                    <Coords points="1109,1733 1109,1793 1231,1793 1231,1733 1109,1733"/>
                    <TextEquiv>
                        <Unicode>cero,</Unicode>
                    </TextEquiv>
                </Word>
                <Word id="r_22_tl_1_w2" custom="readingOrder {index:1;}">
                    <Coords points="1261,1730 1261,1790 1313,1790 1313,1730 1261,1730"/>
                    <TextEquiv>
                        <Unicode>der</Unicode>
                    </TextEquiv>
                </Word>
                <Word id="r_22_tl_1_w3" custom="readingOrder {index:2;}">
                    <Coords points="1337,1730 1337,1790 1389,1790 1389,1730 1337,1730"/>
                    <TextEquiv>
                        <Unicode>oft</Unicode>
                    </TextEquiv>
                </Word>
                <Word id="r_22_tl_1_w4" custom="readingOrder {index:3;}">
                    <Coords points="1413,1729 1413,1789 1494,1789 1494,1729 1413,1729"/>
                    <TextEquiv>
                        <Unicode>seine</Unicode>
                    </TextEquiv>
                </Word>
                <Word id="r_22_tl_1_w5" custom="readingOrder {index:4;}">
                    <Coords points="1518,1729 1518,1789 1774,1789 1774,1729 1518,1729"/>
                    <TextEquiv>
                        <Unicode>Versammlung</Unicode>
                    </TextEquiv>
                </Word>
                <Word id="r_22_tl_1_w6" custom="readingOrder {index:5;}">
                    <Coords points="1804,1730 1804,1790 1938,1790 1938,1730 1804,1730"/>
                    <TextEquiv>
                        <Unicode>dadurch</Unicode>
                    </TextEquiv>
                </Word>
                <Word id="r_22_tl_1_w7" custom="readingOrder {index:6;}">
                    <Coords points="1974,1729 1974,1789 2014,1789 2014,1729 1974,1729"/>
                    <TextEquiv>
                        <Unicode>um</Unicode>
                    </TextEquiv>
                </Word>
                <Word id="r_22_tl_1_w8" custom="readingOrder {index:7;}">
                    <Coords points="2061,1727 2061,1787 2130,1787 2130,1727 2061,1727"/>
                    <TextEquiv>
                        <Unicode>ihre</Unicode>
                    </TextEquiv>
                </Word>
                <TextEquiv>
                    <Unicode>cero, der oft seine Versammlung dadurch um ihre</Unicode>
                </TextEquiv>
            </TextLine>
            <TextLine id="r_22_tl_2" custom="readingOrder {index:1;}">
                <Coords points="1111,1824 2132,1829 2119,1778 1114,1778"/>
                <Baseline points="1125,1821 1170,1821 1215,1821 1259,1821 1304,1821 1349,1821 1394,1821 1439,1818 1483,1818 1528,1818 1573,1815 1618,1818 1662,1818 1707,1818 1752,1821 1797,1818 1842,1815 1886,1818 1931,1818 1976,1818 2021,1818 2065,1818 2110,1818 2137,1821"/>
                <Word id="r_22_tl_2_w1" custom="readingOrder {index:0;}">
                    <Coords points="1116,1781 1116,1841 1419,1841 1419,1781 1116,1781"/>
                    <TextEquiv>
                        <Unicode>Aufmerksamkeit</Unicode>
                    </TextEquiv>
                </Word>
                <Word id="r_22_tl_2_w2" custom="readingOrder {index:1;}">
                    <Coords points="1452,1778 1452,1838 1536,1838 1536,1778 1452,1778"/>
                    <TextEquiv>
                        <Unicode>bat,</Unicode>
                    </TextEquiv>
                </Word>
                <Word id="r_22_tl_2_w3" custom="readingOrder {index:2;}">
                    <Coords points="1574,1777 1574,1837 1632,1837 1632,1777 1574,1777"/>
                    <TextEquiv>
                        <Unicode>daß</Unicode>
                    </TextEquiv>
                </Word>
                <Word id="r_22_tl_2_w4" custom="readingOrder {index:3;}">
                    <Coords points="1670,1778 1670,1838 1701,1838 1701,1778 1670,1778"/>
                    <TextEquiv>
                        <Unicode>er</Unicode>
                    </TextEquiv>
                </Word>
                <Word id="r_22_tl_2_w5" custom="readingOrder {index:4;}">
                    <Coords points="1734,1780 1734,1840 1786,1840 1786,1780 1734,1780"/>
                    <TextEquiv>
                        <Unicode>die</Unicode>
                    </TextEquiv>
                </Word>
                <Word id="r_22_tl_2_w6" custom="readingOrder {index:5;}">
                    <Coords points="1819,1778 1819,1838 2031,1838 2031,1778 1819,1778"/>
                    <TextEquiv>
                        <Unicode>Wichtigkeit</Unicode>
                    </TextEquiv>
                </Word>
                <Word id="r_22_tl_2_w7" custom="readingOrder {index:6;}">
                    <Coords points="2064,1778 2064,1838 2127,1838 2127,1778 2064,1778"/>
                    <TextEquiv>
                        <Unicode>und</Unicode>
                    </TextEquiv>
                </Word>
                <TextEquiv>
                    <Unicode>Aufmerksamkeit bat, daß er die Wichtigkeit und</Unicode>
                </TextEquiv>
            </TextLine>
            <TextLine id="r_22_tl_3" custom="readingOrder {index:2;}">
                <Coords points="230,1871 2139,1876 2139,1827 230,1822"/>
                <Baseline points="244,1859 289,1862 334,1862 379,1862 423,1865 468,1862 513,1865 558,1865 603,1865 647,1865 692,1868 737,1868 782,1868 826,1868 871,1868 916,1871 961,1871 1006,1874 1050,1871 1095,1868 1104,1868 1128,1868 1161,1868 1206,1868 1250,1868 1295,1871 1340,1868 1385,1868 1430,1868 1474,1868 1519,1865 1564,1865 1609,1865 1653,1865 1698,1865 1743,1865 1788,1862 1833,1865 1877,1862 1922,1865 1967,1865 2012,1865 2057,1865 2101,1865 2146,1862"/>
                <Word id="r_22_tl_3_w1" custom="readingOrder {index:0;}">
                    <Coords points="236,1822 236,1882 439,1882 439,1822 236,1822"/>
                    <TextEquiv>
                        <Unicode>Bahrdt,</Unicode>
                    </TextEquiv>
                </Word>
                <Word id="r_22_tl_3_w2" custom="readingOrder {index:1;}">
                    <Coords points="474,1824 474,1884 524,1884 524,1824 474,1824"/>
                    <TextEquiv>
                        <Unicode>der</Unicode>
                    </TextEquiv>
                </Word>
                <Word id="r_22_tl_3_w3" custom="readingOrder {index:2;}">
                    <Coords points="553,1825 553,1885 671,1885 671,1825 553,1825"/>
                    <TextEquiv>
                        <Unicode>Kirche</Unicode>
                    </TextEquiv>
                </Word>
                <Word id="r_22_tl_3_w4" custom="readingOrder {index:3;}">
                    <Coords points="700,1828 700,1888 733,1888 733,1828 700,1828"/>
                    <TextEquiv>
                        <Unicode>zu</Unicode>
                    </TextEquiv>
                </Word>
                <Word id="r_22_tl_3_w5" custom="readingOrder {index:4;}">
                    <Coords points="768,1828 768,1888 840,1888 840,1828 768,1828"/>
                    <TextEquiv>
                        <Unicode>St.</Unicode>
                    </TextEquiv>
                </Word>
                <Word id="r_22_tl_3_w6" custom="readingOrder {index:5;}">
                    <Coords points="864,1830 864,1890 965,1890 965,1830 864,1830"/>
                    <TextEquiv>
                        <Unicode>Petri</Unicode>
                    </TextEquiv>
                </Word>
                <Word id="r_22_tl_3_w7" custom="readingOrder {index:6;}">
                    <Coords points="989,1831 989,1891 1089,1891 1089,1831 989,1831"/>
                    <TextEquiv>
                        <Unicode>Cate=</Unicode>
                    </TextEquiv>
                </Word>
                <Word id="r_22_tl_3_w8" custom="readingOrder {index:7;}">
                    <Coords points="1124,1828 1124,1888 1310,1888 1310,1828 1124,1828"/>
                    <TextEquiv>
                        <Unicode>Neuigkeit</Unicode>
                    </TextEquiv>
                </Word>
                <Word id="r_22_tl_3_w9" custom="readingOrder {index:8;}">
                    <Coords points="1334,1828 1334,1888 1429,1888 1429,1828 1334,1828"/>
                    <TextEquiv>
                        <Unicode>seiner</Unicode>
                    </TextEquiv>
                </Word>
                <Word id="r_22_tl_3_w10" custom="readingOrder {index:9;}">
                    <Coords points="1458,1825 1458,1885 1605,1885 1605,1825 1458,1825"/>
                    <TextEquiv>
                        <Unicode>Materie</Unicode>
                    </TextEquiv>
                </Word>
                <Word id="r_22_tl_3_w11" custom="readingOrder {index:10;}">
                    <Coords points="1622,1825 1622,1885 1779,1885 1779,1825 1622,1825"/>
                    <TextEquiv>
                        <Unicode>vorläufig</Unicode>
                    </TextEquiv>
                </Word>
                <Word id="r_22_tl_3_w12" custom="readingOrder {index:11;}">
                    <Coords points="1808,1824 1808,1884 1876,1884 1876,1824 1808,1824"/>
                    <TextEquiv>
                        <Unicode>sehr</Unicode>
                    </TextEquiv>
                </Word>
                <Word id="r_22_tl_3_w13" custom="readingOrder {index:12;}">
                    <Coords points="1905,1825 1905,1885 2045,1885 2045,1825 1905,1825"/>
                    <TextEquiv>
                        <Unicode>rührend</Unicode>
                    </TextEquiv>
                </Word>
                <Word id="r_22_tl_3_w14" custom="readingOrder {index:13;}">
                    <Coords points="2080,1824 2080,1884 2136,1884 2136,1824 2080,1824"/>
                    <TextEquiv>
                        <Unicode>an¬</Unicode>
                    </TextEquiv>
                </Word>
                <TextEquiv>
                    <Unicode>Bahrdt, der Kirche zu St. Petri Cate= Neuigkeit seiner Materie vorläufig sehr rührend an¬</Unicode>
                </TextEquiv>
            </TextLine>
            <TextLine id="r_22_tl_4" custom="readingOrder {index:3;}">
                <Coords points="1108,1925 2134,1933 2114,1876 1108,1889"/>
                <Baseline points="1122,1916 1167,1916 1212,1916 1256,1916 1301,1916 1346,1913 1391,1916 1436,1916 1480,1913 1525,1913 1570,1910 1615,1910 1659,1913 1704,1913 1749,1913 1794,1913 1839,1913 1883,1910 1928,1910 1973,1913 2018,1913 2063,1913 2107,1916 2140,1919"/>
                <Word id="r_22_tl_4_w1" custom="readingOrder {index:0;}">
                    <Coords points="1113,1876 1113,1936 1224,1936 1224,1876 1113,1876"/>
                    <TextEquiv>
                        <Unicode>pries.</Unicode>
                    </TextEquiv>
                </Word>
                <Word id="r_22_tl_4_w2" custom="readingOrder {index:1;}">
                    <Coords points="1278,1874 1278,1934 1378,1934 1378,1874 1278,1874"/>
                    <TextEquiv>
                        <Unicode>Unser</Unicode>
                    </TextEquiv>
                </Word>
                <Word id="r_22_tl_4_w3" custom="readingOrder {index:2;}">
                    <Coords points="1405,1873 1405,1933 1537,1933 1537,1873 1405,1873"/>
                    <TextEquiv>
                        <Unicode>Redner</Unicode>
                    </TextEquiv>
                </Word>
                <Word id="r_22_tl_4_w4" custom="readingOrder {index:3;}">
                    <Coords points="1559,1871 1559,1931 1728,1931 1728,1871 1559,1871"/>
                    <TextEquiv>
                        <Unicode>beschwört</Unicode>
                    </TextEquiv>
                </Word>
                <Word id="r_22_tl_4_w5" custom="readingOrder {index:4;}">
                    <Coords points="1750,1873 1750,1933 1829,1933 1829,1873 1750,1873"/>
                    <TextEquiv>
                        <Unicode>seine</Unicode>
                    </TextEquiv>
                </Word>
                <Word id="r_22_tl_4_w6" custom="readingOrder {index:5;}">
                    <Coords points="1851,1870 1851,1930 1999,1930 1999,1870 1851,1870"/>
                    <TextEquiv>
                        <Unicode>Zuhörer</Unicode>
                    </TextEquiv>
                </Word>
                <Word id="r_22_tl_4_w7" custom="readingOrder {index:6;}">
                    <Coords points="2021,1873 2021,1933 2047,1933 2047,1873 2021,1873"/>
                    <TextEquiv>
                        <Unicode>so</Unicode>
                    </TextEquiv>
                </Word>
                <Word id="r_22_tl_4_w8" custom="readingOrder {index:7;}">
                    <Coords points="2074,1875 2074,1935 2137,1935 2137,1875 2074,1875"/>
                    <TextEquiv>
                        <Unicode>oft,</Unicode>
                    </TextEquiv>
                </Word>
                <TextEquiv>
                    <Unicode>pries. Unser Redner beschwört seine Zuhörer so oft,</Unicode>
                </TextEquiv>
            </TextLine>
            <TextLine id="r_22_tl_5" custom="readingOrder {index:4;}">
                <Coords points="1108,1979 2126,1979 2126,1925 1108,1925"/>
                <Baseline points="1122,1964 1167,1964 1212,1964 1256,1964 1301,1964 1346,1961 1391,1964 1436,1964 1480,1961 1525,1961 1570,1958 1615,1961 1659,1961 1704,1961 1749,1961 1794,1958 1839,1961 1883,1961 1928,1961 1973,1961 2018,1961 2063,1961 2107,1964 2134,1964"/>
                <Word id="r_22_tl_5_w1" custom="readingOrder {index:0;}">
                    <Coords points="1113,1924 1113,1984 1177,1984 1177,1924 1113,1924"/>
                    <TextEquiv>
                        <Unicode>und</Unicode>
                    </TextEquiv>
                </Word>
                <Word id="r_22_tl_5_w2" custom="readingOrder {index:1;}">
                    <Coords points="1209,1924 1209,1984 1235,1984 1235,1924 1209,1924"/>
                    <TextEquiv>
                        <Unicode>so</Unicode>
                    </TextEquiv>
                </Word>
                <Word id="r_22_tl_5_w3" custom="readingOrder {index:2;}">
                    <Coords points="1273,1921 1273,1981 1448,1981 1448,1921 1273,1921"/>
                    <TextEquiv>
                        <Unicode>feyerlich,</Unicode>
                    </TextEquiv>
                </Word>
                <Word id="r_22_tl_5_w4" custom="readingOrder {index:3;}">
                    <Coords points="1475,1921 1475,1981 1512,1981 1512,1921 1475,1921"/>
                    <TextEquiv>
                        <Unicode>um</Unicode>
                    </TextEquiv>
                </Word>
                <Word id="r_22_tl_5_w5" custom="readingOrder {index:4;}">
                    <Coords points="1565,1919 1565,1979 1634,1979 1634,1919 1565,1919"/>
                    <TextEquiv>
                        <Unicode>ihre</Unicode>
                    </TextEquiv>
                </Word>
                <Word id="r_22_tl_5_w6" custom="readingOrder {index:5;}">
                    <Coords points="1667,1921 1667,1981 1767,1981 1767,1921 1667,1921"/>
                    <TextEquiv>
                        <Unicode>ganze</Unicode>
                    </TextEquiv>
                </Word>
                <Word id="r_22_tl_5_w7" custom="readingOrder {index:6;}">
                    <Coords points="1800,1921 1800,1981 2038,1981 2038,1921 1800,1921"/>
                    <TextEquiv>
                        <Unicode>Achtsamkeit,</Unicode>
                    </TextEquiv>
                </Word>
                <Word id="r_22_tl_5_w8" custom="readingOrder {index:7;}">
                    <Coords points="2076,1923 2076,1983 2124,1983 2124,1923 2076,1923"/>
                    <TextEquiv>
                        <Unicode>als</Unicode>
                    </TextEquiv>
                </Word>
                <TextEquiv>
                    <Unicode>und so feyerlich, um ihre ganze Achtsamkeit, als</Unicode>
                </TextEquiv>
            </TextLine>
            <TextLine id="r_22_tl_6" custom="readingOrder {index:5;}">
                <Coords points="1111,2018 2129,2033 2129,1982 2064,1969 1111,1979"/>
                <Baseline points="1125,2012 1170,2012 1215,2009 1259,2012 1304,2009 1349,2009 1394,2009 1439,2012 1483,2009 1528,2009 1573,2009 1618,2009 1662,2009 1707,2009 1752,2009 1797,2009 1842,2009 1886,2009 1931,2009 1976,2012 2021,2012 2065,2012 2110,2015 2134,2015"/>
                <Word id="r_22_tl_6_w1" custom="readingOrder {index:0;}">
                    <Coords points="1116,1972 1116,2032 1206,2032 1206,1972 1116,1972"/>
                    <TextEquiv>
                        <Unicode>wenn</Unicode>
                    </TextEquiv>
                </Word>
                <Word id="r_22_tl_6_w2" custom="readingOrder {index:1;}">
                    <Coords points="1236,1971 1236,2031 1266,2031 1266,1971 1236,1971"/>
                    <TextEquiv>
                        <Unicode>er</Unicode>
                    </TextEquiv>
                </Word>
                <Word id="r_22_tl_6_w3" custom="readingOrder {index:2;}">
                    <Coords points="1292,1969 1292,2029 1372,2029 1372,1969 1292,1969"/>
                    <TextEquiv>
                        <Unicode>seine</Unicode>
                    </TextEquiv>
                </Word>
                <Word id="r_22_tl_6_w4" custom="readingOrder {index:3;}">
                    <Coords points="1392,1969 1392,2029 1422,2029 1422,1969 1392,1969"/>
                    <TextEquiv>
                        <Unicode>an</Unicode>
                    </TextEquiv>
                </Word>
                <Word id="r_22_tl_6_w5" custom="readingOrder {index:4;}">
                    <Coords points="1453,1969 1453,2029 1502,2029 1502,1969 1453,1969"/>
                    <TextEquiv>
                        <Unicode>sich</Unicode>
                    </TextEquiv>
                </Word>
                <Word id="r_22_tl_6_w6" custom="readingOrder {index:5;}">
                    <Coords points="1528,1969 1528,2029 1649,2029 1649,1969 1528,1969"/>
                    <TextEquiv>
                        <Unicode>immer</Unicode>
                    </TextEquiv>
                </Word>
                <Word id="r_22_tl_6_w7" custom="readingOrder {index:6;}">
                    <Coords points="1680,1969 1680,2029 1750,2029 1750,1969 1680,1969"/>
                    <TextEquiv>
                        <Unicode>gute</Unicode>
                    </TextEquiv>
                </Word>
                <Word id="r_22_tl_6_w8" custom="readingOrder {index:7;}">
                    <Coords points="1781,1969 1781,2029 1931,2029 1931,1969 1781,1969"/>
                    <TextEquiv>
                        <Unicode>Materie</Unicode>
                    </TextEquiv>
                </Word>
                <Word id="r_22_tl_6_w9" custom="readingOrder {index:8;}">
                    <Coords points="1957,1972 1957,2032 2016,2032 2016,1972 1957,1972"/>
                    <TextEquiv>
                        <Unicode>mit</Unicode>
                    </TextEquiv>
                </Word>
                <Word id="r_22_tl_6_w10" custom="readingOrder {index:9;}">
                    <Coords points="2042,1973 2042,2033 2122,2033 2122,1973 2042,1973"/>
                    <TextEquiv>
                        <Unicode>ganz</Unicode>
                    </TextEquiv>
                </Word>
                <TextEquiv>
                    <Unicode>wenn er seine an sich immer gute Materie mit ganz</Unicode>
                </TextEquiv>
            </TextLine>
            <TextLine id="r_22_tl_7" custom="readingOrder {index:6;}">
                <Coords points="1106,2070 2126,2075 2126,2031 2033,2018 1106,2018"/>
                <Baseline points="1119,2060 1164,2060 1209,2060 1253,2060 1298,2060 1343,2060 1388,2057 1433,2057 1477,2057 1522,2057 1567,2057 1612,2057 1656,2057 1701,2054 1746,2054 1791,2054 1836,2054 1880,2057 1925,2057 1970,2057 2015,2057 2060,2060 2104,2063 2134,2060"/>
                <Word id="r_22_tl_7_w1" custom="readingOrder {index:0;}">
                    <Coords points="1111,2020 1111,2080 1328,2080 1328,2020 1111,2020"/>
                    <TextEquiv>
                        <Unicode>Nagelneuen</Unicode>
                    </TextEquiv>
                </Word>
                <Word id="r_22_tl_7_w2" custom="readingOrder {index:1;}">
                    <Coords points="1359,2017 1359,2077 1526,2077 1526,2017 1359,2017"/>
                    <TextEquiv>
                        <Unicode>Beweisen</Unicode>
                    </TextEquiv>
                </Word>
                <Word id="r_22_tl_7_w3" custom="readingOrder {index:2;}">
                    <Coords points="1557,2016 1557,2076 1784,2076 1784,2016 1557,2016"/>
                    <TextEquiv>
                        <Unicode>demonstriren</Unicode>
                    </TextEquiv>
                </Word>
                <Word id="r_22_tl_7_w4" custom="readingOrder {index:3;}">
                    <Coords points="1821,2016 1821,2076 1931,2076 1931,2016 1821,2016"/>
                    <TextEquiv>
                        <Unicode>wolle.</Unicode>
                    </TextEquiv>
                </Word>
                <Word id="r_22_tl_7_w5" custom="readingOrder {index:4;}">
                    <Coords points="1983,2017 1983,2077 2053,2077 2053,2017 1983,2017"/>
                    <TextEquiv>
                        <Unicode>Und</Unicode>
                    </TextEquiv>
                </Word>
                <Word id="r_22_tl_7_w6" custom="readingOrder {index:5;}">
                    <Coords points="2079,2023 2079,2083 2129,2083 2129,2023 2079,2023"/>
                    <TextEquiv>
                        <Unicode>sie¬</Unicode>
                    </TextEquiv>
                </Word>
                <TextEquiv>
                    <Unicode>Nagelneuen Beweisen demonstriren wolle. Und sie¬</Unicode>
                </TextEquiv>
            </TextLine>
            <TextLine id="r_22_tl_8" custom="readingOrder {index:7;}">
                <Coords points="1341,2108 1413,2132 1721,2108 2132,2129 2132,2077 2101,2072 1341,2070"/>
                <Baseline points="1355,2104 1400,2107 1444,2107 1489,2107 1534,2107 1579,2104 1624,2104 1668,2104 1713,2104 1758,2104 1803,2104 1848,2104 1892,2107 1937,2104 1982,2107 2027,2107 2071,2110 2116,2113 2137,2113"/>
                <Word id="r_22_tl_8_w1" custom="readingOrder {index:0;}">
                    <Coords points="1348,2065 1348,2125 1393,2125 1393,2065 1348,2065"/>
                    <TextEquiv>
                        <Unicode>Er</Unicode>
                    </TextEquiv>
                </Word>
                <Word id="r_22_tl_8_w2" custom="readingOrder {index:1;}">
                    <Coords points="1416,2067 1416,2127 1514,2127 1514,2067 1416,2067"/>
                    <TextEquiv>
                        <Unicode>sagt,</Unicode>
                    </TextEquiv>
                </Word>
                <Word id="r_22_tl_8_w3" custom="readingOrder {index:2;}">
                    <Coords points="1543,2064 1543,2124 1612,2124 1612,2064 1543,2064"/>
                    <TextEquiv>
                        <Unicode>was</Unicode>
                    </TextEquiv>
                </Word>
                <Word id="r_22_tl_8_w4" custom="readingOrder {index:3;}">
                    <Coords points="1647,2064 1647,2124 1703,2124 1703,2064 1647,2064"/>
                    <TextEquiv>
                        <Unicode>alle</Unicode>
                    </TextEquiv>
                </Word>
                <Word id="r_22_tl_8_w5" custom="readingOrder {index:4;}">
                    <Coords points="1732,2064 1732,2124 1870,2124 1870,2064 1732,2064"/>
                    <TextEquiv>
                        <Unicode>ehrliche</Unicode>
                    </TextEquiv>
                </Word>
                <Word id="r_22_tl_8_w6" custom="readingOrder {index:5;}">
                    <Coords points="1900,2067 1900,2127 2066,2127 2066,2067 1900,2067"/>
                    <TextEquiv>
                        <Unicode>Prediger</Unicode>
                    </TextEquiv>
                </Word>
                <Word id="r_22_tl_8_w7" custom="readingOrder {index:6;}">
                    <Coords points="2095,2072 2095,2132 2123,2132 2123,2072 2095,2072"/>
                    <TextEquiv>
                        <Unicode>in</Unicode>
                    </TextEquiv>
                </Word>
                <TextEquiv>
                    <Unicode>Er sagt, was alle ehrliche Prediger in</Unicode>
                </TextEquiv>
            </TextLine>
            <TextLine id="r_22_tl_9" custom="readingOrder {index:8;}">
                <Coords points="1106,2124 1173,2119 1173,2124 1196,2121 1204,2126 1220,2119 1248,2119 1248,2070 1235,2070 1222,2080 1212,2077 1201,2085 1189,2075 1168,2077 1147,2067 1108,2072"/>
                <Baseline points="1122,2110 1164,2110 1209,2110 1253,2107"/>
                <Word id="r_22_tl_9_w1" custom="readingOrder {index:0;}">
                    <Coords points="1113,2070 1113,2130 1155,2130 1155,2070 1113,2070"/>
                    <TextEquiv>
                        <Unicode>he</Unicode>
                    </TextEquiv>
                </Word>
                <Word id="r_22_tl_9_w2" custom="readingOrder {index:1;}">
                    <Coords points="1179,2070 1179,2130 1239,2130 1239,2070 1179,2070"/>
                    <TextEquiv>
                        <Unicode>da!</Unicode>
                    </TextEquiv>
                </Word>
                <TextEquiv>
                    <Unicode>he da!</Unicode>
                </TextEquiv>
            </TextLine>
            <TextLine id="r_22_tl_10" custom="readingOrder {index:9;}">
                <Coords points="1111,2183 2129,2173 2129,2129 2051,2121 1111,2121"/>
                <Baseline points="1125,2161 1170,2164 1215,2164 1259,2161 1304,2158 1349,2158 1394,2158 1439,2158 1483,2158 1528,2158 1573,2155 1618,2155 1662,2155 1707,2155 1752,2155 1797,2155 1842,2155 1886,2155 1931,2158 1976,2158 2021,2158 2065,2161 2110,2161 2134,2161"/>
                <Word id="r_22_tl_10_w1" custom="readingOrder {index:0;}">
                    <Coords points="1118,2124 1118,2184 1235,2184 1235,2124 1118,2124"/>
                    <TextEquiv>
                        <Unicode>Leipzig</Unicode>
                    </TextEquiv>
                </Word>
                <Word id="r_22_tl_10_w2" custom="readingOrder {index:1;}">
                    <Coords points="1266,2118 1266,2178 1371,2178 1371,2118 1266,2118"/>
                    <TextEquiv>
                        <Unicode>durchs</Unicode>
                    </TextEquiv>
                </Word>
                <Word id="r_22_tl_10_w3" custom="readingOrder {index:2;}">
                    <Coords points="1395,2118 1395,2178 1489,2178 1489,2118 1395,2118"/>
                    <TextEquiv>
                        <Unicode>ganze</Unicode>
                    </TextEquiv>
                </Word>
                <Word id="r_22_tl_10_w4" custom="readingOrder {index:3;}">
                    <Coords points="1507,2116 1507,2176 1595,2176 1595,2116 1507,2116"/>
                    <TextEquiv>
                        <Unicode>Jahr</Unicode>
                    </TextEquiv>
                </Word>
                <Word id="r_22_tl_10_w5" custom="readingOrder {index:4;}">
                    <Coords points="1620,2115 1620,2175 1766,2175 1766,2115 1620,2115"/>
                    <TextEquiv>
                        <Unicode>hindurch</Unicode>
                    </TextEquiv>
                </Word>
                <Word id="r_22_tl_10_w6" custom="readingOrder {index:5;}">
                    <Coords points="1796,2115 1796,2175 1908,2175 1908,2115 1796,2115"/>
                    <TextEquiv>
                        <Unicode>immer</Unicode>
                    </TextEquiv>
                </Word>
                <Word id="r_22_tl_10_w7" custom="readingOrder {index:6;}">
                    <Coords points="1932,2118 1932,2178 2002,2178 2002,2118 1932,2118"/>
                    <TextEquiv>
                        <Unicode>auch</Unicode>
                    </TextEquiv>
                </Word>
                <Word id="r_22_tl_10_w8" custom="readingOrder {index:7;}">
                    <Coords points="2032,2121 2032,2181 2114,2181 2114,2121 2032,2121"/>
                    <TextEquiv>
                        <Unicode>sagen</Unicode>
                    </TextEquiv>
                </Word>
                <TextEquiv>
                    <Unicode>Leipzig durchs ganze Jahr hindurch immer auch sagen</Unicode>
                </TextEquiv>
            </TextLine>
            <TextLine id="r_22_tl_11" custom="readingOrder {index:10;}">
                <Coords points="1111,2227 2134,2238 2137,2181 2026,2165 1114,2186"/>
                <Baseline points="1125,2215 1170,2215 1215,2215 1259,2212 1304,2212 1349,2212 1394,2212 1439,2212 1483,2212 1528,2209 1573,2212 1618,2209 1662,2206 1707,2209 1752,2209 1797,2209 1842,2206 1886,2209 1931,2209 1976,2209 2021,2209 2065,2215 2110,2212 2140,2215"/>
                <Word id="r_22_tl_11_w1" custom="readingOrder {index:0;}">
                    <Coords points="1119,2175 1119,2235 1252,2235 1252,2175 1119,2175"/>
                    <TextEquiv>
                        <Unicode>mögen.</Unicode>
                    </TextEquiv>
                </Word>
                <Word id="r_22_tl_11_w2" custom="readingOrder {index:1;}">
                    <Coords points="1301,2172 1301,2232 1391,2232 1391,2172 1301,2172"/>
                    <TextEquiv>
                        <Unicode>Doch</Unicode>
                    </TextEquiv>
                </Word>
                <Word id="r_22_tl_11_w3" custom="readingOrder {index:2;}">
                    <Coords points="1423,2172 1423,2232 1519,2232 1519,2172 1423,2172"/>
                    <TextEquiv>
                        <Unicode>nein!</Unicode>
                    </TextEquiv>
                </Word>
                <Word id="r_22_tl_11_w4" custom="readingOrder {index:3;}">
                    <Coords points="1551,2170 1551,2230 1634,2230 1634,2170 1551,2170"/>
                    <TextEquiv>
                        <Unicode>Wir</Unicode>
                    </TextEquiv>
                </Word>
                <Word id="r_22_tl_11_w5" custom="readingOrder {index:4;}">
                    <Coords points="1659,2169 1659,2229 1762,2229 1762,2169 1659,2169"/>
                    <TextEquiv>
                        <Unicode>finden</Unicode>
                    </TextEquiv>
                </Word>
                <Word id="r_22_tl_11_w6" custom="readingOrder {index:5;}">
                    <Coords points="1793,2167 1793,2227 1860,2227 1860,2167 1793,2167"/>
                    <TextEquiv>
                        <Unicode>hier</Unicode>
                    </TextEquiv>
                </Word>
                <Word id="r_22_tl_11_w7" custom="readingOrder {index:6;}">
                    <Coords points="1891,2169 1891,2229 1969,2229 1969,2169 1891,2169"/>
                    <TextEquiv>
                        <Unicode>ganz</Unicode>
                    </TextEquiv>
                </Word>
                <Word id="r_22_tl_11_w8" custom="readingOrder {index:7;}">
                    <Coords points="1994,2174 1994,2234 2139,2234 2139,2174 1994,2174"/>
                    <TextEquiv>
                        <Unicode>philoso¬</Unicode>
                    </TextEquiv>
                </Word>
                <TextEquiv>
                    <Unicode>mögen. Doch nein! Wir finden hier ganz philoso¬</Unicode>
                </TextEquiv>
            </TextLine>
            <TextLine id="r_22_tl_12" custom="readingOrder {index:11;}">
                <Coords points="1108,2276 2088,2263 2088,2227 2010,2219 1108,2222"/>
                <Baseline points="1122,2266 1155,2266 1200,2266 1244,2263 1289,2266 1334,2263 1379,2263 1424,2263 1468,2263 1513,2260 1558,2260 1603,2260 1648,2260 1692,2260 1737,2260 1782,2260 1827,2254 1871,2257 1916,2257 1961,2260 2006,2260 2051,2263 2095,2257"/>
                <Word id="r_22_tl_12_w1" custom="readingOrder {index:0;}">
                    <Coords points="1115,2226 1115,2286 1239,2286 1239,2226 1115,2226"/>
                    <TextEquiv>
                        <Unicode>phische</Unicode>
                    </TextEquiv>
                </Word>
                <Word id="r_22_tl_12_w2" custom="readingOrder {index:1;}">
                    <Coords points="1256,2223 1256,2283 1449,2283 1449,2223 1256,2223"/>
                    <TextEquiv>
                        <Unicode>Ausdrücke</Unicode>
                    </TextEquiv>
                </Word>
                <Word id="r_22_tl_12_w3" custom="readingOrder {index:2;}">
                    <Coords points="1466,2222 1466,2282 1494,2282 1494,2222 1466,2222"/>
                    <TextEquiv>
                        <Unicode>z.</Unicode>
                    </TextEquiv>
                </Word>
                <Word id="r_22_tl_12_w4" custom="readingOrder {index:3;}">
                    <Coords points="1512,2220 1512,2280 1556,2280 1556,2220 1512,2220"/>
                    <TextEquiv>
                        <Unicode>E.</Unicode>
                    </TextEquiv>
                </Word>
                <Word id="r_22_tl_12_w5" custom="readingOrder {index:4;}">
                    <Coords points="1585,2220 1585,2280 1767,2280 1767,2220 1585,2220"/>
                    <TextEquiv>
                        <Unicode>Systemen</Unicode>
                    </TextEquiv>
                </Word>
                <Word id="r_22_tl_12_w6" custom="readingOrder {index:5;}">
                    <Coords points="1796,2217 1796,2277 1807,2277 1807,2217 1796,2217"/>
                    <TextEquiv>
                        <Unicode>—</Unicode>
                    </TextEquiv>
                </Word>
                <Word id="r_22_tl_12_w7" custom="readingOrder {index:6;}">
                    <Coords points="1853,2219 1853,2279 2062,2279 2062,2219 1853,2219"/>
                    <TextEquiv>
                        <Unicode>Grundsätze</Unicode>
                    </TextEquiv>
                </Word>
                <TextEquiv>
                    <Unicode>phische Ausdrücke z. E. Systemen — Grundsätze</Unicode>
                </TextEquiv>
            </TextLine>
            <TextLine id="r_22_tl_13" custom="readingOrder {index:12;}">
                <Coords points="1594,2325 1731,2307 1860,2331 2134,2320 2134,2261 2046,2284 1837,2263 1772,2279 1594,2271"/>
                <Baseline points="1609,2307 1653,2310 1698,2307 1743,2304 1788,2304 1803,2307 1809,2307 1854,2304 1898,2307 1943,2307 1988,2310 2033,2310 2077,2307 2122,2304 2140,2310"/>
                <Word id="r_22_tl_13_w1" custom="readingOrder {index:0;}">
                    <Coords points="1600,2269 1600,2329 1700,2329 1700,2269 1600,2269"/>
                    <TextEquiv>
                        <Unicode>Plato</Unicode>
                    </TextEquiv>
                </Word>
                <Word id="r_22_tl_13_w2" custom="readingOrder {index:1;}">
                    <Coords points="1734,2264 1734,2324 1745,2324 1745,2264 1734,2264"/>
                    <TextEquiv>
                        <Unicode>—</Unicode>
                    </TextEquiv>
                </Word>
                <Word id="r_22_tl_13_w3" custom="readingOrder {index:2;}">
                    <Coords points="1813,2267 1813,2327 2031,2327 2031,2267 1813,2267"/>
                    <TextEquiv>
                        <Unicode>Chaldäische</Unicode>
                    </TextEquiv>
                </Word>
                <Word id="r_22_tl_13_w4" custom="readingOrder {index:3;}">
                    <Coords points="2065,2265 2065,2325 2131,2325 2131,2265 2065,2265"/>
                    <TextEquiv>
                        <Unicode>Bi¬</Unicode>
                    </TextEquiv>
                </Word>
                <TextEquiv>
                    <Unicode>Plato — Chaldäische Bi¬</Unicode>
                </TextEquiv>
            </TextLine>
            <TextLine id="r_22_tl_14" custom="readingOrder {index:13;}">
                <Coords points="1377,2341 1411,2341 1444,2331 1475,2341 1524,2310 1537,2320 1568,2323 1571,2287 1553,2289 1548,2281 1530,2287 1519,2276 1506,2279 1496,2271 1486,2281 1460,2271 1449,2276 1444,2269 1380,2271"/>
                <Baseline points="1391,2313 1397,2313 1442,2310 1486,2310 1531,2307 1576,2310"/>
                <Word id="r_22_tl_14_w1" custom="readingOrder {index:0;}">
                    <Coords points="1386,2270 1386,2330 1489,2330 1489,2270 1386,2270"/>
                    <TextEquiv>
                        <Unicode>Philo</Unicode>
                    </TextEquiv>
                </Word>
                <Word id="r_22_tl_14_w2" custom="readingOrder {index:1;}">
                    <Coords points="1522,2267 1522,2327 1534,2327 1534,2267 1522,2267"/>
                    <TextEquiv>
                        <Unicode>—</Unicode>
                    </TextEquiv>
                </Word>
                <TextEquiv>
                    <Unicode>Philo —</Unicode>
                </TextEquiv>
            </TextLine>
            <TextLine id="r_22_tl_15" custom="readingOrder {index:14;}">
                <Coords points="1108,2320 1147,2333 1155,2325 1178,2323 1196,2336 1209,2325 1256,2333 1284,2315 1305,2318 1307,2289 1287,2287 1261,2266 1222,2284 1194,2287 1183,2276 1165,2287 1145,2271 1134,2279 1111,2279"/>
                <Baseline points="1122,2316 1131,2316 1176,2316 1221,2316 1265,2313 1310,2310"/>
                <Word id="r_22_tl_15_w1" custom="readingOrder {index:0;}">
                    <Coords points="1116,2276 1116,2336 1283,2336 1283,2276 1116,2276"/>
                    <TextEquiv>
                        <Unicode>Begriffe</Unicode>
                    </TextEquiv>
                </Word>
                <TextEquiv>
                    <Unicode>Begriffe</Unicode>
                </TextEquiv>
            </TextLine>
            <TextLine id="r_22_tl_16" custom="readingOrder {index:15;}">
                <Coords points="1491,2372 2134,2372 2134,2320 1860,2331 1723,2312 1633,2333 1594,2310 1491,2312"/>
                <Baseline points="1504,2358 1549,2361 1594,2361 1639,2361 1683,2358 1728,2358 1773,2358 1818,2355 1862,2355 1907,2355 1952,2358 1997,2358 2042,2361 2086,2358 2131,2358 2137,2358"/>
                <Word id="r_22_tl_16_w1" custom="readingOrder {index:0;}">
                    <Coords points="1496,2321 1496,2381 1619,2381 1619,2321 1496,2321"/>
                    <TextEquiv>
                        <Unicode>Lauter</Unicode>
                    </TextEquiv>
                </Word>
                <Word id="r_22_tl_16_w2" custom="readingOrder {index:1;}">
                    <Coords points="1646,2318 1646,2378 1805,2378 1805,2318 1646,2318"/>
                    <TextEquiv>
                        <Unicode>Wörter,</Unicode>
                    </TextEquiv>
                </Word>
                <Word id="r_22_tl_16_w3" custom="readingOrder {index:2;}">
                    <Coords points="1833,2315 1833,2375 1886,2375 1886,2315 1833,2315"/>
                    <TextEquiv>
                        <Unicode>bey</Unicode>
                    </TextEquiv>
                </Word>
                <Word id="r_22_tl_16_w4" custom="readingOrder {index:3;}">
                    <Coords points="1918,2318 1918,2378 2052,2378 2052,2318 1918,2318"/>
                    <TextEquiv>
                        <Unicode>welcher</Unicode>
                    </TextEquiv>
                </Word>
                <Word id="r_22_tl_16_w5" custom="readingOrder {index:4;}">
                    <Coords points="2079,2318 2079,2378 2126,2378 2126,2318 2079,2318"/>
                    <TextEquiv>
                        <Unicode>die</Unicode>
                    </TextEquiv>
                </Word>
                <TextEquiv>
                    <Unicode>Lauter Wörter, bey welcher die</Unicode>
                </TextEquiv>
            </TextLine>
            <TextLine id="r_22_tl_17" custom="readingOrder {index:16;}">
                <Coords points="1108,2418 2132,2413 2106,2369 1108,2369"/>
                <Baseline points="1122,2415 1152,2412 1197,2412 1241,2412 1286,2412 1331,2415 1376,2415 1421,2415 1465,2412 1510,2409 1555,2412 1600,2412 1645,2409 1689,2406 1734,2406 1779,2406 1824,2406 1868,2406 1913,2403 1958,2406 2003,2409 2048,2406 2092,2406 2137,2406"/>
                <Word id="r_22_tl_17_w1" custom="readingOrder {index:0;}">
                    <Coords points="1113,2372 1113,2432 1251,2432 1251,2372 1113,2372"/>
                    <TextEquiv>
                        <Unicode>Werthe</Unicode>
                    </TextEquiv>
                </Word>
                <Word id="r_22_tl_17_w2" custom="readingOrder {index:1;}">
                    <Coords points="1273,2375 1273,2435 1475,2435 1475,2375 1273,2375"/>
                    <TextEquiv>
                        <Unicode>Petrinische</Unicode>
                    </TextEquiv>
                </Word>
                <Word id="r_22_tl_17_w3" custom="readingOrder {index:2;}">
                    <Coords points="1502,2372 1502,2432 1688,2432 1688,2372 1502,2372"/>
                    <TextEquiv>
                        <Unicode>Gemeine,</Unicode>
                    </TextEquiv>
                </Word>
                <Word id="r_22_tl_17_w4" custom="readingOrder {index:3;}">
                    <Coords points="1715,2366 1715,2426 1773,2426 1773,2366 1715,2366"/>
                    <TextEquiv>
                        <Unicode>wir</Unicode>
                    </TextEquiv>
                </Word>
                <Word id="r_22_tl_17_w5" custom="readingOrder {index:4;}">
                    <Coords points="1806,2366 1806,2426 1906,2426 1906,2366 1806,2366"/>
                    <TextEquiv>
                        <Unicode>wissen</Unicode>
                    </TextEquiv>
                </Word>
                <Word id="r_22_tl_17_w6" custom="readingOrder {index:5;}">
                    <Coords points="1944,2368 1944,2428 2050,2428 2050,2368 1944,2368"/>
                    <TextEquiv>
                        <Unicode>nicht,</Unicode>
                    </TextEquiv>
                </Word>
                <Word id="r_22_tl_17_w7" custom="readingOrder {index:6;}">
                    <Coords points="2077,2366 2077,2426 2130,2426 2130,2366 2077,2366"/>
                    <TextEquiv>
                        <Unicode>ge¬</Unicode>
                    </TextEquiv>
                </Word>
                <TextEquiv>
                    <Unicode>Werthe Petrinische Gemeine, wir wissen nicht, ge¬</Unicode>
                </TextEquiv>
            </TextLine>
            <TextLine id="r_22_tl_18" custom="readingOrder {index:17;}">
                <Coords points="1108,2486 2132,2467 2132,2418 2062,2408 1111,2424"/>
                <Baseline points="1122,2469 1152,2466 1197,2463 1241,2463 1286,2463 1331,2463 1376,2463 1421,2463 1465,2460 1510,2460 1555,2463 1600,2460 1645,2460 1689,2457 1734,2457 1779,2454 1824,2454 1868,2451 1913,2451 1958,2454 2003,2454 2048,2454 2092,2451 2137,2454"/>
                <Word id="r_22_tl_18_w1" custom="readingOrder {index:0;}">
                    <Coords points="1108,2423 1108,2483 1259,2483 1259,2423 1108,2423"/>
                    <TextEquiv>
                        <Unicode>gåhnet,</Unicode>
                    </TextEquiv>
                </Word>
                <Word id="r_22_tl_18_w2" custom="readingOrder {index:1;}">
                    <Coords points="1287,2423 1287,2483 1358,2483 1358,2423 1287,2423"/>
                    <TextEquiv>
                        <Unicode>oder</Unicode>
                    </TextEquiv>
                </Word>
                <Word id="r_22_tl_18_w3" custom="readingOrder {index:2;}">
                    <Coords points="1380,2423 1380,2483 1434,2483 1434,2423 1380,2423"/>
                    <TextEquiv>
                        <Unicode>den</Unicode>
                    </TextEquiv>
                </Word>
                <Word id="r_22_tl_18_w4" custom="readingOrder {index:3;}">
                    <Coords points="1472,2420 1472,2480 1564,2480 1564,2420 1472,2420"/>
                    <TextEquiv>
                        <Unicode>Hrn.</Unicode>
                    </TextEquiv>
                </Word>
                <Word id="r_22_tl_18_w5" custom="readingOrder {index:4;}">
                    <Coords points="1581,2420 1581,2480 1684,2480 1684,2420 1581,2420"/>
                    <TextEquiv>
                        <Unicode>Verf.</Unicode>
                    </TextEquiv>
                </Word>
                <Word id="r_22_tl_18_w6" custom="readingOrder {index:5;}">
                    <Coords points="1700,2414 1700,2474 1890,2474 1890,2414 1700,2414"/>
                    <TextEquiv>
                        <Unicode>bewundert</Unicode>
                    </TextEquiv>
                </Word>
                <Word id="r_22_tl_18_w7" custom="readingOrder {index:6;}">
                    <Coords points="1913,2413 1913,2473 1983,2473 1983,2413 1913,2413"/>
                    <TextEquiv>
                        <Unicode>hat.</Unicode>
                    </TextEquiv>
                </Word>
                <Word id="r_22_tl_18_w8" custom="readingOrder {index:7;}">
                    <Coords points="2043,2411 2043,2471 2124,2471 2124,2411 2043,2411"/>
                    <TextEquiv>
                        <Unicode>Wir</Unicode>
                    </TextEquiv>
                </Word>
                <TextEquiv>
                    <Unicode>gåhnet, oder den Hrn. Verf. bewundert hat. Wir</Unicode>
                </TextEquiv>
            </TextLine>
            <TextLine id="r_22_tl_19" custom="readingOrder {index:18;}">
                <Coords points="1108,2522 2126,2519 2126,2475 2031,2460 1108,2483"/>
                <Baseline points="1122,2513 1146,2513 1191,2513 1236,2510 1280,2510 1325,2510 1370,2510 1415,2510 1459,2510 1504,2510 1549,2507 1594,2507 1639,2510 1683,2507 1728,2507 1773,2504 1818,2501 1862,2504 1907,2504 1952,2501 1997,2501 2042,2504 2086,2504 2131,2504"/>
                <Word id="r_22_tl_19_w1" custom="readingOrder {index:0;}">
                    <Coords points="1113,2471 1113,2531 1325,2531 1325,2471 1113,2471"/>
                    <TextEquiv>
                        <Unicode>wünschten,</Unicode>
                    </TextEquiv>
                </Word>
                <Word id="r_22_tl_19_w2" custom="readingOrder {index:1;}">
                    <Coords points="1352,2470 1352,2530 1409,2530 1409,2470 1352,2470"/>
                    <TextEquiv>
                        <Unicode>daß</Unicode>
                    </TextEquiv>
                </Word>
                <Word id="r_22_tl_19_w3" custom="readingOrder {index:2;}">
                    <Coords points="1436,2470 1436,2530 1483,2530 1483,2470 1436,2470"/>
                    <TextEquiv>
                        <Unicode>der</Unicode>
                    </TextEquiv>
                </Word>
                <Word id="r_22_tl_19_w4" custom="readingOrder {index:3;}">
                    <Coords points="1510,2467 1510,2527 1610,2527 1610,2467 1510,2467"/>
                    <TextEquiv>
                        <Unicode>Verf.</Unicode>
                    </TextEquiv>
                </Word>
                <Word id="r_22_tl_19_w5" custom="readingOrder {index:4;}">
                    <Coords points="1627,2467 1627,2527 1711,2527 1711,2467 1627,2467"/>
                    <TextEquiv>
                        <Unicode>das,</Unicode>
                    </TextEquiv>
                </Word>
                <Word id="r_22_tl_19_w6" custom="readingOrder {index:5;}">
                    <Coords points="1738,2464 1738,2524 1806,2524 1806,2464 1738,2464"/>
                    <TextEquiv>
                        <Unicode>was</Unicode>
                    </TextEquiv>
                </Word>
                <Word id="r_22_tl_19_w7" custom="readingOrder {index:6;}">
                    <Coords points="1839,2464 1839,2524 1907,2524 1907,2464 1839,2464"/>
                    <TextEquiv>
                        <Unicode>Hr.</Unicode>
                    </TextEquiv>
                </Word>
                <Word id="r_22_tl_19_w8" custom="readingOrder {index:7;}">
                    <Coords points="1929,2461 1929,2521 1976,2521 1976,2461 1929,2461"/>
                    <TextEquiv>
                        <Unicode>D.</Unicode>
                    </TextEquiv>
                </Word>
                <Word id="r_22_tl_19_w9" custom="readingOrder {index:8;}">
                    <Coords points="1998,2464 1998,2524 2129,2524 2129,2464 1998,2464"/>
                    <TextEquiv>
                        <Unicode>Erne¬</Unicode>
                    </TextEquiv>
                </Word>
                <TextEquiv>
                    <Unicode>wünschten, daß der Verf. das, was Hr. D. Erne¬</Unicode>
                </TextEquiv>
            </TextLine>
            <TextLine id="r_22_tl_20" custom="readingOrder {index:19;}">
                <Coords points="1119,2581 2126,2573 2129,2527 1121,2522"/>
                <Baseline points="1134,2564 1149,2564 1194,2561 1238,2561 1283,2561 1328,2561 1373,2558 1418,2558 1462,2561 1507,2558 1552,2558 1597,2555 1642,2555 1686,2555 1731,2552 1776,2549 1821,2549 1865,2549 1910,2549 1955,2549 2000,2552 2045,2555 2089,2555 2134,2555"/>
                <Word id="r_22_tl_20_w1" custom="readingOrder {index:0;}">
                    <Coords points="1114,2524 1114,2584 1177,2584 1177,2524 1114,2524"/>
                    <TextEquiv>
                        <Unicode>sti,</Unicode>
                    </TextEquiv>
                </Word>
                <Word id="r_22_tl_20_w2" custom="readingOrder {index:1;}">
                    <Coords points="1204,2521 1204,2581 1283,2581 1283,2521 1204,2521"/>
                    <TextEquiv>
                        <Unicode>über</Unicode>
                    </TextEquiv>
                </Word>
                <Word id="r_22_tl_20_w3" custom="readingOrder {index:2;}">
                    <Coords points="1310,2520 1310,2580 1357,2580 1357,2520 1310,2520"/>
                    <TextEquiv>
                        <Unicode>den</Unicode>
                    </TextEquiv>
                </Word>
                <Word id="r_22_tl_20_w4" custom="readingOrder {index:3;}">
                    <Coords points="1390,2520 1390,2580 1559,2580 1559,2520 1390,2520"/>
                    <TextEquiv>
                        <Unicode>Gebrauch</Unicode>
                    </TextEquiv>
                </Word>
                <Word id="r_22_tl_20_w5" custom="readingOrder {index:4;}">
                    <Coords points="1586,2515 1586,2575 1697,2575 1697,2515 1586,2515"/>
                    <TextEquiv>
                        <Unicode>solcher</Unicode>
                    </TextEquiv>
                </Word>
                <Word id="r_22_tl_20_w6" custom="readingOrder {index:5;}">
                    <Coords points="1719,2509 1719,2569 1851,2569 1851,2509 1719,2509"/>
                    <TextEquiv>
                        <Unicode>Wörter</Unicode>
                    </TextEquiv>
                </Word>
                <Word id="r_22_tl_20_w7" custom="readingOrder {index:6;}">
                    <Coords points="1889,2509 1889,2569 1946,2569 1946,2509 1889,2509"/>
                    <TextEquiv>
                        <Unicode>auf</Unicode>
                    </TextEquiv>
                </Word>
                <Word id="r_22_tl_20_w8" custom="readingOrder {index:7;}">
                    <Coords points="1963,2511 1963,2571 2015,2571 2015,2511 1963,2511"/>
                    <TextEquiv>
                        <Unicode>der</Unicode>
                    </TextEquiv>
                </Word>
                <Word id="r_22_tl_20_w9" custom="readingOrder {index:8;}">
                    <Coords points="2037,2515 2037,2575 2127,2575 2127,2515 2037,2515"/>
                    <TextEquiv>
                        <Unicode>Kan¬</Unicode>
                    </TextEquiv>
                </Word>
                <TextEquiv>
                    <Unicode>sti, über den Gebrauch solcher Wörter auf der Kan¬</Unicode>
                </TextEquiv>
            </TextLine>
            <TextLine id="r_22_tl_21" custom="readingOrder {index:20;}">
                <Coords points="1116,2630 2121,2620 2121,2571 2002,2560 1116,2581"/>
                <Baseline points="1131,2618 1143,2615 1188,2612 1233,2612 1277,2612 1322,2612 1367,2609 1412,2612 1456,2612 1501,2609 1546,2609 1591,2609 1636,2606 1680,2603 1725,2600 1770,2600 1815,2600 1859,2600 1904,2600 1949,2600 1994,2597 2039,2600 2083,2600 2128,2609"/>
                <Word id="r_22_tl_21_w1" custom="readingOrder {index:0;}">
                    <Coords points="1111,2577 1111,2637 1156,2637 1156,2577 1111,2577"/>
                    <TextEquiv>
                        <Unicode>zel</Unicode>
                    </TextEquiv>
                </Word>
                <Word id="r_22_tl_21_w2" custom="readingOrder {index:1;}">
                    <Coords points="1179,2572 1179,2632 1235,2632 1235,2572 1179,2572"/>
                    <TextEquiv>
                        <Unicode>nur</Unicode>
                    </TextEquiv>
                </Word>
                <Word id="r_22_tl_21_w3" custom="readingOrder {index:2;}">
                    <Coords points="1259,2572 1259,2632 1338,2632 1338,2572 1259,2572"/>
                    <TextEquiv>
                        <Unicode>ganz</Unicode>
                    </TextEquiv>
                </Word>
                <Word id="r_22_tl_21_w4" custom="readingOrder {index:3;}">
                    <Coords points="1356,2572 1356,2632 1508,2632 1508,2572 1356,2572"/>
                    <TextEquiv>
                        <Unicode>neuerlich</Unicode>
                    </TextEquiv>
                </Word>
                <Word id="r_22_tl_21_w5" custom="readingOrder {index:4;}">
                    <Coords points="1533,2569 1533,2629 1555,2629 1555,2569 1533,2569"/>
                    <TextEquiv>
                        <Unicode>in</Unicode>
                    </TextEquiv>
                </Word>
                <Word id="r_22_tl_21_w6" custom="readingOrder {index:5;}">
                    <Coords points="1589,2565 1589,2625 1685,2625 1685,2565 1589,2565"/>
                    <TextEquiv>
                        <Unicode>seiner</Unicode>
                    </TextEquiv>
                </Word>
                <Word id="r_22_tl_21_w7" custom="readingOrder {index:6;}">
                    <Coords points="1714,2560 1714,2620 1901,2620 1901,2560 1714,2560"/>
                    <TextEquiv>
                        <Unicode>Bibliothek</Unicode>
                    </TextEquiv>
                </Word>
                <Word id="r_22_tl_21_w8" custom="readingOrder {index:7;}">
                    <Coords points="1931,2560 1931,2620 1942,2620 1942,2560 1931,2560"/>
                    <TextEquiv>
                        <Unicode>3</Unicode>
                    </TextEquiv>
                </Word>
                <Word id="r_22_tl_21_w9" custom="readingOrder {index:8;}">
                    <Coords points="1965,2557 1965,2617 2033,2617 2033,2557 1965,2557"/>
                    <TextEquiv>
                        <Unicode>St.</Unicode>
                    </TextEquiv>
                </Word>
                <Word id="r_22_tl_21_w10" custom="readingOrder {index:9;}">
                    <Coords points="2045,2560 2045,2620 2055,2620 2055,2560 2045,2560"/>
                    <TextEquiv>
                        <Unicode>5</Unicode>
                    </TextEquiv>
                </Word>
                <Word id="r_22_tl_21_w11" custom="readingOrder {index:10;}">
                    <Coords points="2079,2563 2079,2623 2123,2623 2123,2563 2079,2563"/>
                    <TextEquiv>
                        <Unicode>B.</Unicode>
                    </TextEquiv>
                </Word>
                <TextEquiv>
                    <Unicode>zel nur ganz neuerlich in seiner Bibliothek 3 St. 5 B.</Unicode>
                </TextEquiv>
            </TextLine>
            <TextLine id="r_22_tl_22" custom="readingOrder {index:21;}">
                <Coords points="1108,2679 2126,2666 2126,2623 1961,2610 1108,2633"/>
                <Baseline points="1122,2660 1149,2663 1194,2663 1238,2663 1283,2660 1328,2660 1373,2660 1418,2660 1462,2660 1507,2657 1552,2657 1597,2654 1642,2654 1686,2651 1731,2648 1776,2648 1821,2651 1865,2651 1910,2651 1955,2654 2000,2654 2045,2657 2089,2657 2134,2657"/>
                <Word id="r_22_tl_22_w1" custom="readingOrder {index:0;}">
                    <Coords points="1115,2622 1115,2682 1171,2682 1171,2622 1115,2622"/>
                    <TextEquiv>
                        <Unicode>S.</Unicode>
                    </TextEquiv>
                </Word>
                <Word id="r_22_tl_22_w2" custom="readingOrder {index:1;}">
                    <Coords points="1188,2623 1188,2683 1250,2683 1250,2623 1188,2623"/>
                    <TextEquiv>
                        <Unicode>295</Unicode>
                    </TextEquiv>
                </Word>
                <Word id="r_22_tl_22_w3" custom="readingOrder {index:2;}">
                    <Coords points="1279,2620 1279,2680 1386,2680 1386,2620 1279,2620"/>
                    <TextEquiv>
                        <Unicode>gesagt</Unicode>
                    </TextEquiv>
                </Word>
                <Word id="r_22_tl_22_w4" custom="readingOrder {index:3;}">
                    <Coords points="1404,2620 1404,2680 1477,2680 1477,2620 1404,2620"/>
                    <TextEquiv>
                        <Unicode>hat,</Unicode>
                    </TextEquiv>
                </Word>
                <Word id="r_22_tl_22_w5" custom="readingOrder {index:4;}">
                    <Coords points="1495,2615 1495,2675 1653,2675 1653,2615 1495,2615"/>
                    <TextEquiv>
                        <Unicode>nachlesen</Unicode>
                    </TextEquiv>
                </Word>
                <Word id="r_22_tl_22_w6" custom="readingOrder {index:5;}">
                    <Coords points="1682,2608 1682,2668 1823,2668 1823,2608 1682,2608"/>
                    <TextEquiv>
                        <Unicode>möchte;</Unicode>
                    </TextEquiv>
                </Word>
                <Word id="r_22_tl_22_w7" custom="readingOrder {index:6;}">
                    <Coords points="1852,2611 1852,2671 1914,2671 1914,2611 1852,2611"/>
                    <TextEquiv>
                        <Unicode>und</Unicode>
                    </TextEquiv>
                </Word>
                <Word id="r_22_tl_22_w8" custom="readingOrder {index:7;}">
                    <Coords points="1943,2615 1943,2675 2112,2675 2112,2615 1943,2615"/>
                    <TextEquiv>
                        <Unicode>überlaßen</Unicode>
                    </TextEquiv>
                </Word>
                <TextEquiv>
                    <Unicode>S. 295 gesagt hat, nachlesen möchte; und überlaßen</Unicode>
                </TextEquiv>
            </TextLine>
            <TextLine id="r_22_tl_23" custom="readingOrder {index:22;}">
                <Coords points="1101,2778 2137,2772 2137,2726 2070,2713 1101,2731"/>
                <Baseline points="1116,2758 1161,2761 1206,2755 1250,2758 1295,2758 1340,2755 1385,2755 1430,2755 1474,2755 1519,2752 1564,2749 1609,2749 1653,2749 1698,2749 1743,2749 1788,2749 1833,2752 1877,2752 1922,2752 1967,2752 2012,2758 2057,2758 2101,2758 2143,2758"/>
                <Word id="r_22_tl_23_w1" custom="readingOrder {index:0;}">
                    <Coords points="1108,2718 1108,2778 1131,2778 1131,2718 1108,2718"/>
                    <TextEquiv>
                        <Unicode>im</Unicode>
                    </TextEquiv>
                </Word>
                <Word id="r_22_tl_23_w2" custom="readingOrder {index:1;}">
                    <Coords points="1180,2716 1180,2776 1274,2776 1274,2716 1180,2716"/>
                    <TextEquiv>
                        <Unicode>Ernst</Unicode>
                    </TextEquiv>
                </Word>
                <Word id="r_22_tl_23_w3" custom="readingOrder {index:2;}">
                    <Coords points="1299,2716 1299,2776 1346,2776 1346,2716 1299,2716"/>
                    <TextEquiv>
                        <Unicode>für</Unicode>
                    </TextEquiv>
                </Word>
                <Word id="r_22_tl_23_w4" custom="readingOrder {index:3;}">
                    <Coords points="1377,2715 1377,2775 1459,2775 1459,2715 1377,2715"/>
                    <TextEquiv>
                        <Unicode>einen</Unicode>
                    </TextEquiv>
                </Word>
                <Word id="r_22_tl_23_w5" custom="readingOrder {index:4;}">
                    <Coords points="1490,2709 1490,2769 1656,2769 1656,2709 1490,2709"/>
                    <TextEquiv>
                        <Unicode>nutzbaren</Unicode>
                    </TextEquiv>
                </Word>
                <Word id="r_22_tl_23_w6" custom="readingOrder {index:5;}">
                    <Coords points="1687,2709 1687,2769 1823,2769 1823,2709 1687,2709"/>
                    <TextEquiv>
                        <Unicode>Gegner</Unicode>
                    </TextEquiv>
                </Word>
                <Word id="r_22_tl_23_w7" custom="readingOrder {index:6;}">
                    <Coords points="1848,2712 1848,2772 1895,2772 1895,2712 1848,2712"/>
                    <TextEquiv>
                        <Unicode>der</Unicode>
                    </TextEquiv>
                </Word>
                <Word id="r_22_tl_23_w8" custom="readingOrder {index:7;}">
                    <Coords points="1920,2718 1920,2778 2121,2778 2121,2718 1920,2718"/>
                    <TextEquiv>
                        <Unicode>Socinianer</Unicode>
                    </TextEquiv>
                </Word>
                <TextEquiv>
                    <Unicode>im Ernst für einen nutzbaren Gegner der Socinianer</Unicode>
                </TextEquiv>
            </TextLine>
            <TextLine id="r_22_tl_24" custom="readingOrder {index:23;}">
                <Coords points="1108,2827 2132,2821 2103,2767 1108,2770"/>
                <Baseline points="1122,2812 1152,2812 1197,2809 1241,2809 1286,2809 1331,2806 1376,2806 1421,2803 1465,2803 1510,2803 1555,2803 1600,2800 1645,2800 1689,2800 1734,2800 1779,2803 1824,2803 1868,2803 1913,2803 1958,2803 2003,2803 2048,2806 2092,2806 2137,2806"/>
                <Word id="r_22_tl_24_w1" custom="readingOrder {index:0;}">
                    <Coords points="1115,2770 1115,2830 1221,2830 1221,2770 1115,2770"/>
                    <TextEquiv>
                        <Unicode>halten</Unicode>
                    </TextEquiv>
                </Word>
                <Word id="r_22_tl_24_w2" custom="readingOrder {index:1;}">
                    <Coords points="1246,2768 1246,2828 1346,2828 1346,2768 1246,2768"/>
                    <TextEquiv>
                        <Unicode>kann,</Unicode>
                    </TextEquiv>
                </Word>
                <Word id="r_22_tl_24_w3" custom="readingOrder {index:2;}">
                    <Coords points="1370,2763 1370,2823 1458,2823 1458,2763 1370,2763"/>
                    <TextEquiv>
                        <Unicode>wenn</Unicode>
                    </TextEquiv>
                </Word>
                <Word id="r_22_tl_24_w4" custom="readingOrder {index:3;}">
                    <Coords points="1488,2763 1488,2823 1517,2823 1517,2763 1488,2763"/>
                    <TextEquiv>
                        <Unicode>er</Unicode>
                    </TextEquiv>
                </Word>
                <Word id="r_22_tl_24_w5" custom="readingOrder {index:4;}">
                    <Coords points="1542,2761 1542,2821 1612,2821 1612,2761 1542,2761"/>
                    <TextEquiv>
                        <Unicode>eben</Unicode>
                    </TextEquiv>
                </Word>
                <Word id="r_22_tl_24_w6" custom="readingOrder {index:5;}">
                    <Coords points="1637,2760 1637,2820 1666,2820 1666,2760 1637,2760"/>
                    <TextEquiv>
                        <Unicode>in</Unicode>
                    </TextEquiv>
                </Word>
                <Word id="r_22_tl_24_w7" custom="readingOrder {index:6;}">
                    <Coords points="1691,2760 1691,2820 1743,2820 1743,2760 1691,2760"/>
                    <TextEquiv>
                        <Unicode>der</Unicode>
                    </TextEquiv>
                </Word>
                <Word id="r_22_tl_24_w8" custom="readingOrder {index:7;}">
                    <Coords points="1768,2763 1768,2823 1838,2823 1838,2763 1768,2763"/>
                    <TextEquiv>
                        <Unicode>7ten</Unicode>
                    </TextEquiv>
                </Word>
                <Word id="r_22_tl_24_w9" custom="readingOrder {index:8;}">
                    <Coords points="1868,2763 1868,2823 1974,2823 1974,2763 1868,2763"/>
                    <TextEquiv>
                        <Unicode>Rede,</Unicode>
                    </TextEquiv>
                </Word>
                <Word id="r_22_tl_24_w10" custom="readingOrder {index:9;}">
                    <Coords points="2005,2764 2005,2824 2051,2824 2051,2764 2005,2764"/>
                    <TextEquiv>
                        <Unicode>die</Unicode>
                    </TextEquiv>
                </Word>
                <Word id="r_22_tl_24_w11" custom="readingOrder {index:10;}">
                    <Coords points="2076,2766 2076,2826 2104,2826 2104,2766 2076,2766"/>
                    <TextEquiv>
                        <Unicode>am</Unicode>
                    </TextEquiv>
                </Word>
                <TextEquiv>
                    <Unicode>halten kann, wenn er eben in der 7ten Rede, die am</Unicode>
                </TextEquiv>
            </TextLine>
            <TextLine id="r_22_tl_25" custom="readingOrder {index:24;}">
                <Coords points="1108,2878 2139,2873 2108,2816 1108,2829"/>
                <Baseline points="1122,2860 1158,2860 1203,2857 1247,2857 1292,2857 1337,2854 1382,2854 1427,2854 1471,2854 1516,2851 1561,2851 1606,2854 1650,2851 1695,2851 1740,2851 1785,2854 1830,2854 1874,2851 1919,2854 1964,2851 2009,2854 2054,2854 2098,2854 2143,2854"/>
                <Word id="r_22_tl_25_w1" custom="readingOrder {index:0;}">
                    <Coords points="1114,2818 1114,2878 1238,2878 1238,2818 1114,2818"/>
                    <TextEquiv>
                        <Unicode>meisten</Unicode>
                    </TextEquiv>
                </Word>
                <Word id="r_22_tl_25_w2" custom="readingOrder {index:1;}">
                    <Coords points="1282,2815 1282,2875 1336,2875 1336,2815 1282,2815"/>
                    <TextEquiv>
                        <Unicode>dem</Unicode>
                    </TextEquiv>
                </Word>
                <Word id="r_22_tl_25_w3" custom="readingOrder {index:2;}">
                    <Coords points="1386,2814 1386,2874 1483,2874 1483,2814 1386,2814"/>
                    <TextEquiv>
                        <Unicode>Hrn.</Unicode>
                    </TextEquiv>
                </Word>
                <Word id="r_22_tl_25_w4" custom="readingOrder {index:3;}">
                    <Coords points="1516,2813 1516,2873 1712,2873 1712,2813 1516,2813"/>
                    <TextEquiv>
                        <Unicode>Crugott</Unicode>
                    </TextEquiv>
                </Word>
                <Word id="r_22_tl_25_w5" custom="readingOrder {index:4;}">
                    <Coords points="1745,2811 1745,2871 2017,2871 2017,2811 1745,2811"/>
                    <TextEquiv>
                        <Unicode>entgegengesetzt</Unicode>
                    </TextEquiv>
                </Word>
                <Word id="r_22_tl_25_w6" custom="readingOrder {index:5;}">
                    <Coords points="2061,2814 2061,2874 2125,2874 2125,2814 2061,2814"/>
                    <TextEquiv>
                        <Unicode>seyn</Unicode>
                    </TextEquiv>
                </Word>
                <TextEquiv>
                    <Unicode>meisten dem Hrn. Crugott entgegengesetzt seyn</Unicode>
                </TextEquiv>
            </TextLine>
            <TextLine id="r_22_tl_26" custom="readingOrder {index:25;}">
                <Coords points="1116,2920 2139,2914 2139,2876 2049,2863 1116,2871"/>
                <Baseline points="1131,2910 1161,2910 1206,2907 1250,2907 1295,2904 1340,2904 1385,2904 1430,2904 1474,2901 1519,2901 1564,2901 1609,2901 1653,2901 1698,2901 1743,2901 1788,2904 1833,2904 1877,2901 1922,2901 1967,2901 2012,2901 2057,2901 2101,2904 2146,2901"/>
                <Word id="r_22_tl_26_w1" custom="readingOrder {index:0;}">
                    <Coords points="1121,2870 1121,2930 1188,2930 1188,2870 1121,2870"/>
                    <TextEquiv>
                        <Unicode>soll,</Unicode>
                    </TextEquiv>
                </Word>
                <Word id="r_22_tl_26_w2" custom="readingOrder {index:1;}">
                    <Coords points="1214,2866 1214,2926 1297,2926 1297,2866 1214,2866"/>
                    <TextEquiv>
                        <Unicode>recht</Unicode>
                    </TextEquiv>
                </Word>
                <Word id="r_22_tl_26_w3" custom="readingOrder {index:2;}">
                    <Coords points="1318,2864 1318,2924 1463,2924 1463,2864 1318,2864"/>
                    <TextEquiv>
                        <Unicode>armselig</Unicode>
                    </TextEquiv>
                </Word>
                <Word id="r_22_tl_26_w4" custom="readingOrder {index:3;}">
                    <Coords points="1495,2861 1495,2921 1540,2921 1540,2861 1495,2861"/>
                    <TextEquiv>
                        <Unicode>den</Unicode>
                    </TextEquiv>
                </Word>
                <Word id="r_22_tl_26_w5" custom="readingOrder {index:4;}">
                    <Coords points="1572,2861 1572,2921 1712,2921 1712,2861 1572,2861"/>
                    <TextEquiv>
                        <Unicode>Beweis</Unicode>
                    </TextEquiv>
                </Word>
                <Word id="r_22_tl_26_w6" custom="readingOrder {index:5;}">
                    <Coords points="1738,2862 1738,2922 1794,2922 1794,2862 1738,2862"/>
                    <TextEquiv>
                        <Unicode>von</Unicode>
                    </TextEquiv>
                </Word>
                <Word id="r_22_tl_26_w7" custom="readingOrder {index:6;}">
                    <Coords points="1827,2862 1827,2922 1878,2922 1878,2862 1827,2862"/>
                    <TextEquiv>
                        <Unicode>der</Unicode>
                    </TextEquiv>
                </Word>
                <Word id="r_22_tl_26_w8" custom="readingOrder {index:7;}">
                    <Coords points="1899,2861 1899,2921 2018,2921 2018,2861 1899,2861"/>
                    <TextEquiv>
                        <Unicode>ewigen</Unicode>
                    </TextEquiv>
                </Word>
                <Word id="r_22_tl_26_w9" custom="readingOrder {index:8;}">
                    <Coords points="2039,2863 2039,2923 2142,2923 2142,2863 2039,2863"/>
                    <TextEquiv>
                        <Unicode>Gott¬</Unicode>
                    </TextEquiv>
                </Word>
                <TextEquiv>
                    <Unicode>soll, recht armselig den Beweis von der ewigen Gott¬</Unicode>
                </TextEquiv>
            </TextLine>
            <TextLine id="r_22_tl_27" custom="readingOrder {index:26;}">
                <Coords points="1995,3044 2008,3044 2041,3023 2046,3028 2054,3023 2062,3031 2088,3031 2103,3020 2119,3031 2142,3026 2139,2971 2075,2971 2049,2956 2031,2964 1989,2961"/>
                <Baseline points="2006,3000 2051,3000 2095,3003 2140,3006 2146,3006"/>
                <Word id="r_22_tl_27_w1" custom="readingOrder {index:0;}">
                    <Coords points="1991,2960 1991,3020 2138,3020 2138,2960 1991,2960"/>
                    <TextEquiv>
                        <Unicode>"Wort!</Unicode>
                    </TextEquiv>
                </Word>
                <TextEquiv>
                    <Unicode>"Wort!</Unicode>
                </TextEquiv>
            </TextLine>
            <TextEquiv>
                <Unicode></Unicode>
            </TextEquiv>
        </TextRegion>
    </Page>
</PcGts>
