2479 3508
633 1622 729 1682 6tes
770 1629 916 1689 Stück.
982 1631 1184 1691 Montag,
1218 1634 1274 1694 den
1323 1634 1403 1694 21.
1429 1634 1615 1694 Januar,
1648 1631 1801 1691 1765.

585 1701 794 1761 Beschluß

231 1745 287 1805 des
320 1747 394 1807 letzt
420 1748 659 1808 abgebrochnen
704 1754 860 1814 Stücks:
880 1757 936 1817 Ob
974 1760 1043 1820 man
1088 1762 1144 1822 aus

301 1796 359 1856 der
386 1799 565 1859 Vernunft
592 1799 639 1859 die
661 1803 898 1863 Verbesserung
936 1808 988 1868 der
1015 1810 1088 1870 Zei¬

469 1844 516 1904 ten
548 1849 742 1909 vermuthen
780 1852 905 1912 koͤnne?

196 1902 329 1962 Was
354 1900 408 1960 die
425 1900 582 1960 Religion
615 1903 749 1963 betrift:
781 1905 851 1965 auch
892 1906 970 1966 diese
994 1906 1049 1966 soll
1074 1909 1199 1969 damals

254 1945 474 2005 schlechter
497 1948 631 2008 gewesen
664 1948 761 2008 seyn?
783 1951 799 2011 -
848 1954 961 2014 Nein:
988 1957 1068 2017 mein
1096 1957 1160 2017 Hr.
1172 1958 1203 2018 v.

178 1994 416 2054 Sinclair,
439 2001 556 2061 werfen
590 2000 623 2060 sie
652 2002 696 2062 die
718 2002 851 2062 Laterne
875 2004 925 2064 des
953 2005 1209 2065 Diogenes,

182 2049 299 2109 womit
316 2046 354 2106 sie
377 2047 404 2107 in
444 2049 499 2109 der
528 2052 683 2112 Vorwelt
706 2052 884 2112 Menschen
918 2055 1051 2115 suchen,
1085 2055 1207 2115 getrost

178 2094 205 2154 in
240 2100 371 2160 tausend
400 2100 542 2160 Stücken

657 2103 728 2163 Sie
747 2106 847 2166 finden
877 2108 984 2168 nicht,
1008 2107 1079 2167 was
1104 2107 1144 2167 sie
1163 2106 1210 2166 su¬

184 2148 276 2208 chen.
323 2151 444 2211 Haben
479 2151 537 2211 wir
561 2154 751 2214 Religion?
786 2157 861 2217 oder
885 2157 1000 2217 nicht?
1035 2158 1104 2218 Und
1140 2157 1208 2217 soll¬

183 2199 226 2259 ten
255 2199 315 2259 wir
338 2199 421 2259 nicht
444 2201 504 2261 fast
533 2202 594 2262 mit
622 2202 672 2262 dem
717 2205 783 2265 Abt
811 2208 956 2268 Coyer
984 2208 1039 2268 das
1073 2208 1206 2268 Urtheil

183 2249 366 2309 besiegeln:
394 2249 506 2309 "Eine
529 2251 729 2311 Vernunft,
752 2255 802 2315 die
825 2256 868 2316 sich
903 2258 969 2318 eine
992 2258 1125 2318 Tochter
1154 2258 1209 2318 der

192 2299 365 2359 "Materie
387 2300 527 2360 nennet,
555 2298 608 2358 das
636 2300 668 2360 ist
690 2303 803 2363 unsere
826 2308 1004 2368 Religion,
1031 2309 1096 2369 eine
1123 2307 1209 2367 Phi¬

194 2347 375 2407 "losophie,
398 2350 447 2410 die
470 2349 619 2409 glaubet,
647 2351 703 2411 daß
731 2351 763 2411 sie
786 2357 918 2417 geboren
952 2360 1012 2420 sey,
1041 2359 1101 2419 auf
1124 2360 1195 2420 allen

209 2390 335 2450 Vieren
368 2396 399 2456 zu
426 2396 589 2456 kriechen,
616 2399 669 2459 das
696 2402 732 2462 ist
759 2405 848 2465 unsre
875 2408 1018 2468 Größe?

245 2445 316 2505 Und
345 2446 399 2506 wie
422 2446 504 2506 steht
522 2446 554 2506 es
588 2448 615 2508 in
643 2449 770 2509 Absicht
798 2454 847 2514 der
881 2458 958 2518 alten
992 2455 1124 2515 Einfalt
1152 2458 1201 2518 der

189 2497 305 2557 Sitten
348 2492 358 2552 —
422 2494 469 2554 des
496 2496 698 2556 eidmäßigen
730 2506 952 2566 Handschlags
985 2509 1201 2569 brüderlicher

193 2545 299 2605 Treue
337 2544 353 2604 —
423 2546 476 2606 der
508 2548 770 2608 Freundschaft?

971 2557 1050 2617 Ja,
1091 2559 1118 2619 ja

194 2598 277 2658 mein
305 2596 443 2656 Gegner
461 2596 499 2656 ist
522 2596 582 2656 fort
617 2596 627 2656 —
683 2602 905 2662 Sinclair
933 2608 1022 2668 stützt
1039 2608 1088 2668 die
1111 2608 1204 2668 Hand

194 2646 268 2706 auf,
295 2649 352 2709 und
379 2648 480 2708 seufzt
502 2646 512 2706 —
571 2646 665 2706 Leben
698 2647 734 2707 sie
756 2652 846 2712 wohl
862 2655 947 2715 mein
974 2655 1084 2715 Herr!
1101 2652 1116 2712 -

245 2696 327 2756 Was
354 2700 431 2760 kann
463 2697 535 2757 denn
577 2696 634 2756 nun
666 2697 712 2757 die
733 2702 909 2762 Vernunft
935 2707 1127 2767 anführen,
1154 2707 1189 2767 um

192 2742 289 2802 beßre
306 2748 409 2808 Zeiten
437 2748 469 2808 zu
497 2748 720 2808 vermuthen?

247 2794 389 2854 Einmal
416 2799 490 2859 muß
528 2799 564 2859 sie
591 2796 660 2856 ihre
692 2799 829 2859 Zweifel
856 2802 998 2862 dawider
1031 2805 1215 2865 entdecken,

187 2839 249 2899 und
276 2847 354 2907 denn
380 2848 447 2908 mag
485 2848 521 2908 sie
553 2847 599 2907 die
626 2847 870 2907 Bedingungen
907 2854 1084 2914 hersetzen,
1111 2858 1204 2918 unter

196 2892 324 2952 welchen
358 2900 429 2960 man
457 2900 496 2960 sie
519 2897 708 2957 vermuthen
736 2900 863 2960 könnte.

1280 1706 1354 1766 Die
1376 1709 1584 1769 erstaunende
1606 1705 1873 1765 Revolutionen,
1884 1703 2000 1763 welche
2017 1700 2064 1760 die
2082 1700 2161 1760 Erde
2193 1697 2246 1757 von

1233 1760 1437 1820 mancherley
1471 1758 1653 1818 Zufallen,
1676 1757 1738 1817 seit
1767 1754 1829 1814 fast
1864 1754 1949 1814 einem
2000 1751 2114 1811 halben
2148 1748 2255 1808 Jahr¬

1234 1811 1380 1871 hundert
1396 1807 1515 1867 erlitten
1543 1805 1624 1865 hat,
1651 1805 1710 1865 sind
1733 1805 1781 1865 die
1815 1802 1890 1862 erste
1912 1799 2118 1859 Bürgschaft
2140 1799 2253 1859 dafür,

1233 1856 1291 1916 daß
1323 1855 1397 1915 ihre
1424 1857 1519 1917 innre
1541 1852 1656 1912 Güte,
1689 1852 1959 1912 Fruchtbarkeit,
1986 1847 2155 1907 Festigkeit
2182 1846 2245 1906 und

1234 1906 1292 1966 alle
1319 1906 1482 1966 Schätze,
1504 1906 1561 1966 zur
1589 1903 1874 1963 Bequemlichkeit
1901 1900 1959 1960 und
1991 1897 2171 1957 Unterhalt
2198 1896 2255 1956 all¬

1236 1954 1355 2014 mählig
1389 1951 1545 2011 aufhören
1585 1951 1731 2011 werden.
1791 1949 1867 2009 Die
1895 1948 2101 2008 entsetzlichen
2129 1942 2253 2002 Erdbe¬

1234 2001 1323 2061 ben,
1354 2001 1444 2061 deren
1480 2000 1550 2060 man
1586 1999 1611 2059 in
1646 1999 1701 2059 den
1737 1996 1867 2056 Jahren
1908 1994 2024 2054 1751.
2049 1993 2105 2053 und
2140 1996 2250 2056 1752.

1236 2049 1325 2109 allein
1357 2046 1394 2106 60
1421 2049 1552 2109 zählet,
1579 2048 1626 2108 die
1653 2046 1705 2106 von
1737 2046 1821 2106 Lima
1848 2043 1879 2103 an
1916 2040 1963 2100 bis
1990 2043 2174 2103 Portugall
2201 2040 2216 2100 -

1234 2102 1292 2162 und
1319 2100 1377 2160 von
1404 2100 1430 2160 da
1458 2097 1547 2157 durch
1575 2097 1627 2157 alle
1649 2097 1835 2157 Provinzen
1868 2088 1920 2148 von
1948 2091 2080 2151 Europa
2107 2091 2250 2151 gewütet

1237 2154 1356 2214 haben,
1384 2151 1443 2211 sind
1471 2151 1676 2211 unläugbare
1693 2148 1818 2208 Zeichen
1852 2145 1905 2205 von
1933 2142 2020 2202 einer
2047 2143 2242 2203 chronischen

1239 2206 1444 2266 Krankheit,
1471 2204 1545 2264 oder
1572 2202 1730 2262 vielmehr
1757 2199 1814 2259 von
1847 2196 1893 2256 dem
1937 2196 2152 2256 abzehrenden
2185 2193 2253 2253 Fie¬

1239 2255 1293 2315 ber
1315 2255 1364 2315 der
1391 2252 1495 2312 Erde.
1566 2252 1647 2312 Wie
1670 2249 1734 2309 viel
1763 2246 2001 2306 Reichthümer
2029 2244 2088 2304 und
2117 2240 2257 2300 Schätze

1234 2306 1370 2366 dadurch
1395 2303 1486 2363 allein
1517 2300 1658 2360 weniger
1679 2300 1866 2360 geworden,
1892 2295 1967 2355 kann
1998 2294 2038 2354 ein
2064 2292 2149 2352 jeder
2165 2291 2255 2351 leicht

1240 2356 1407 2416 berechnen
1445 2351 1455 2411 -
1526 2354 1650 2414 Selbst
1678 2350 1704 2410 in
1738 2348 1834 2408 diesem
1878 2346 1970 2406 Jahr
1998 2342 2024 2402 in
2062 2341 2110 2401 der
2144 2342 2251 2402 Mitte

1236 2406 1288 2466 des
1316 2402 1527 2462 Novembers
1559 2402 1612 2462 hat
1644 2401 1712 2461 man
1751 2399 1777 2459 im
1814 2395 2005 2455 Oberlande
2032 2390 2058 2450 in
2090 2389 2243 2449 Preußen

1239 2455 1306 2515 eine
1337 2452 1513 2512 besondere
1544 2451 1798 2511 Erschütterung
1840 2439 2161 2499 wahrgenommen,
2198 2439 2249 2499 die

1240 2505 1310 2565 auch
1335 2503 1390 2563 aus
1421 2503 1542 2563 einigen
1578 2500 1770 2560 Seestädten
1800 2494 1855 2554 von
1886 2491 1976 2551 ferne
1997 2490 2047 2550 her
2078 2488 2108 2548 in
2149 2491 2244 2551 denen

1241 2554 1416 2614 Zeitungen
1449 2554 1501 2614 auf
1523 2551 1591 2611 eine
1613 2551 1708 2611 andre
1730 2547 1793 2607 Art
1810 2541 1979 2601 bestätiget
2001 2539 2048 2599 ist.

1285 2602 1357 2662 Die
1378 2602 1592 2662 erstaunende
1618 2596 1825 2656 Steigerung
1853 2592 1878 2652 in
1905 2587 1998 2647 denen
2024 2587 2159 2647 Preisen
2201 2587 2252 2647 der

1242 2652 1479 2712 Lebensmittel
1502 2650 1540 2710 ist
1568 2649 1667 2709 gewiß
1701 2644 1783 2704 keine
1811 2641 1971 2701 Apologie
1999 2640 2054 2700 für
2088 2640 2131 2700 die
2154 2638 2247 2698 Güte

1242 2703 1300 2763 und
1327 2700 1569 2760 Fruchtbarkeit
1591 2697 1643 2757 der
1665 2693 1792 2753 Zeiten.
1867 2689 1977 2749 Wenn
2015 2688 2110 2748 unsre
2137 2689 2258 2749 Vorel¬

1234 2753 1297 2813 tern
1325 2750 1522 2810 auferstehen
1555 2745 1688 2805 sollten;
1715 2742 1741 2802 so
1769 2742 1897 2802 müßten
1935 2739 1972 2799 sie
1999 2741 2063 2801 aus
2096 2739 2154 2799 alle
2187 2739 2234 2799 dem

1245 2801 1429 2861 schließen,
1468 2799 1525 2859 daß
1563 2795 1711 2855 gleichsam
1770 2795 1838 2855 eine
1871 2793 2087 2853 Stagnation
2130 2789 2156 2849 in
2194 2787 2246 2847 den

1968 2843 2028 2903 Jch
2059 2839 2162 2899 besitze
2187 2838 2253 2898 eine

1244 2852 1371 2912 Säften
1403 2847 1450 2907 der
1466 2847 1582 2907 Natur
1605 2847 1784 2907 entstanden
1811 2847 1873 2907 sey.
1901 2843 1910 2903 —

1242 2901 1458 2961 geschriebene
1492 2897 1646 2957 Chronik
1680 2899 1769 2959 einer
1808 2895 1968 2955 deutschen
2019 2888 2251 2948 benachbarten

2160 2937 2267 2997 Han=
