2479 3508
213 414 270 474 sich
294 410 351 470 auf
369 406 439 466 blos
469 401 666 461 menschliche
690 404 893 464 Aussprüche
917 407 1073 467 gründet,
1097 407 1154 467 und
1178 403 1241 463 un¬

209 461 262 521 ter
279 456 349 516 ihre
371 449 603 509 Vertheidiger
636 453 728 513 Leute
761 455 820 515 von
853 456 1139 516 niederträchtiger
1167 452 1231 512 Ge¬

209 506 386 566 müthsart
414 500 521 560 zahlen
560 502 656 562 muß.
700 506 937 566 Protestanten
970 506 1088 566 werden
1127 506 1223 566 daher

211 553 294 613 diese
321 548 506 608 Geschichte
538 554 680 614 niemals
712 557 828 617 anders
860 557 975 617 lesen,
1013 557 1065 617 als
1098 557 1150 617 daß
1187 552 1224 612 sie

211 600 300 660 einen
337 598 432 658 neuen
464 601 670 661 gründlichen
708 604 802 664 Eckel
830 607 924 667 wider
957 604 1014 664 das
1052 602 1131 662 Joch
1168 604 1220 664 des

201 646 459 706 Aberglaubens
485 650 509 710 in
548 655 597 715 sich
630 658 811 718 empfinden
844 655 994 715 werden.
1070 654 1139 714 Und
1171 652 1227 712 ob¬

206 700 306 760 gleich
344 703 557 763 Sarpius
601 709 651 769 hin
695 710 751 770 und
789 706 908 766 wieder
940 706 983 766 die
1015 703 1221 763 Aussprüche

450 867 665 927 Leipzig,
709 870 763 930 den
802 873 862 933 28.
894 870 992 930 Jan.

254 913 400 973 Zufolge
418 915 626 975 Nachrichten
666 918 728 978 aus
757 921 943 981 Böhmen,
972 918 1050 978 wird
1085 917 1112 977 in
1152 918 1225 978 allen

198 966 358 1026 Kayserl.
379 966 523 1026 Königl.
539 967 725 1027 Erblanden
753 969 816 1029 mit
838 969 885 1029 der
912 969 1237 1029 Rekrutenhebung,

207 1013 246 1073 um
286 1013 330 1073 die
355 1013 434 1073 alten
464 1013 522 1073 und
552 1016 838 1076 unvermögenden
868 1019 1055 1079 Soldaten,
1076 1019 1119 1079 die
1145 1016 1228 1076 ihren

199 1062 357 1122 Abschied
379 1061 565 1121 bekommen
593 1064 729 1124 haben,
763 1067 795 1127 zu
828 1067 992 1127 ersetzen,
1015 1067 1123 1127 fleißig
1162 1069 1244 1129 fort¬

205 1112 385 1172 gefahren.
432 1107 592 1167 Dörfer,
618 1112 669 1172 die
690 1112 839 1172 vormals
866 1115 928 1175 nur
954 1116 964 1176 2
995 1118 1103 1178 Mann
1134 1118 1237 1178 liefer¬

209 1160 295 1220 ten,
323 1160 437 1220 müssen
464 1157 518 1217 itzo
546 1157 556 1217 3
589 1159 638 1219 bis
660 1160 676 1220 4
704 1162 822 1222 stellen.

405 1202 723 1262 Niederelbe,
753 1210 805 1270 den
840 1210 880 1270 5.
910 1210 1037 1270 März.

255 1246 337 1306 Wie
358 1251 414 1311 aus
440 1255 703 1315 eingegangenen
734 1255 945 1315 Nachrichten
977 1258 1003 1318 zu
1034 1258 1157 1318 ersehen
1188 1258 1234 1318 ge¬

202 1300 336 1360 wesen,
360 1300 388 1360 so
423 1300 460 1360 ist
490 1300 543 1360 von
582 1300 634 1360 der
663 1300 807 1360 Königl.
826 1303 1081 1363 Rentekammer
1115 1303 1138 1363 in
1173 1300 1234 1360 Co¬

201 1345 374 1405 penhagen
407 1345 617 1405 sämmtlichen
650 1345 808 1405 Cassirern
846 1345 907 1405 und
931 1345 1154 1405 Einnehmern
1197 1345 1224 1405 in

203 1391 258 1451 den
289 1390 436 1450 Königl.
452 1390 705 1450 Holsteinischen
737 1390 797 1450 und
818 1390 1005 1450 Plönischen
1037 1390 1163 1450 Landen
1184 1391 1234 1451 be¬

202 1437 314 1497 fohlen
344 1435 492 1495 worden,
517 1434 571 1494 bey
596 1437 743 1497 schwerer
773 1437 895 1497 Strafe
921 1438 984 1498 kein
1014 1440 1151 1500 anderes
1176 1440 1225 1500 als

204 1485 396 1545 Dänisches
430 1485 514 1545 Geld
554 1487 582 1547 in
616 1488 762 1548 Zahlung
797 1490 852 1550 bey
893 1490 943 1550 den
983 1491 1089 1551 Cassen
1130 1491 1230 1551 anzu¬

197 1536 374 1596 nehmen.

456 1590 670 1650 London,
704 1593 760 1653 den
806 1593 872 1653 20.
901 1596 1002 1656 Febr.

210 1688 275 1748 und
303 1691 458 1751 Ausfuhr
481 1694 530 1754 der
553 1694 696 1754 Waaren
725 1697 846 1757 vorher
885 1698 934 1758 sich
969 1700 1029 1760 auf
1052 1700 1217 1760 1500000

210 1739 278 1799 Pf.
302 1745 440 1805 belaufen
469 1745 549 1805 hat;
585 1748 613 1808 im
654 1748 809 1808 1764sten
850 1751 948 1811 Jahr
977 1751 1046 1811 aber
1081 1751 1173 1811 belief
1191 1751 1219 1811 er

211 1790 262 1850 sich
294 1793 350 1853 auf
372 1793 537 1853 2000000
574 1796 635 1856 Pf.
657 1799 785 1859 woraus
817 1799 884 1859 man
916 1801 967 1861 den
999 1801 1159 1861 Zuwachs
1175 1801 1226 1861 der

199 1839 339 1899 hiesigen
372 1846 551 1906 Handlung
584 1846 763 1906 abnehmen
791 1849 894 1909 kann.
944 1849 1085 1909 Neulich
1113 1849 1220 1909 wurde

202 1886 275 1946 hier
310 1890 354 1950 ein
389 1891 556 1951 Diadem,
581 1894 660 1954 oder
690 1894 965 1954 Hauptschmuck,
991 1897 1049 1957 von
1089 1894 1207 1954 grossem

208 1937 345 1997 Werth,
372 1942 445 2002 nach
472 1942 524 2002 dem
567 1944 761 2004 Geschmack
783 1942 835 2002 der
857 1942 1140 2002 Morgenländer,
1157 1942 1219 2002 wie
1257 1944 1430 2004 Gebrauch
1457 1944 1488 2004 zu
1526 1945 1646 2005 machen
1684 1945 1783 2005 weiß.

209 1987 246 2047 sie
273 1992 321 2052 der
344 1993 564 2053 Großmogul
587 1993 645 2053 und
673 1993 716 2053 die
738 1993 884 2053 Nabobs
900 1994 927 2054 zu
954 1993 1062 2053 tragen
1084 1990 1224 2050 pflegen,

203 2039 373 2099 bestehend
404 2043 460 2103 aus
492 2043 610 2103 großen
636 2043 837 2103 Diamanten
869 2043 925 2103 und
946 2040 1059 2100 andern
1091 2040 1209 2100 schönen

206 2090 378 2150 Steinen,
406 2090 460 2150 von
498 2094 720 2154 vortreflicher
753 2094 888 2154 Arbeit,
910 2093 1126 2153 verfertiget;
1154 2091 1213 2151 und

198 2140 260 2200 nun
292 2142 473 2202 vernimmt
495 2145 588 2205 man,
615 2145 672 2205 daß
714 2145 792 2205 Lord
834 2148 933 2208 Clive
970 2145 1136 2205 denselben
1178 2142 1224 2202 be¬

199 2192 301 2252 stellet
323 2193 414 2253 habe,
442 2194 479 2254 um
518 2196 571 2256 dem
610 2196 734 2256 Nabob
761 2196 820 2256 von
842 2199 982 2259 Bengal
999 2196 1042 2256 ein
1064 2196 1210 2256 Präsent
1248 2193 1340 2253 durch
1378 2195 1426 2255 die
1459 2193 1697 2253 Wachsamkeit
1730 2196 1789 2256 und
1822 2197 1913 2257 guten
1952 2195 2113 2255 Anstalten
2152 2193 2265 2253 unsers

199 2240 307 2300 damit
329 2240 361 2300 zu
389 2243 535 2303 machen.
590 2243 666 2303 Der
699 2246 916 2306 Buchführer
949 2246 1085 2306 William
1129 2243 1166 2303 ist
1189 2245 1210 2305 so

198 2290 380 2350 ansehnlich
407 2292 588 2352 beschenket
615 2293 771 2353 worden,
797 2297 854 2357 daß
881 2297 912 2357 es
933 2297 984 2357 ihn
1016 2297 1068 2357 nie
1084 2297 1214 2357 gereuen

198 2339 304 2399 wird,
332 2342 358 2402 in
385 2342 437 2402 der
459 2339 592 2399 Pillory
624 2342 794 2402 gestanden
827 2345 858 2405 zu
891 2345 1018 2405 haben.

247 2387 335 2447 Man
373 2389 471 2449 siehet
498 2390 666 2450 nunmehr
703 2390 728 2450 im
766 2395 896 2455 Drucke
923 2396 970 2456 ein
1002 2393 1210 2453 Verzeichuiß

203 2435 259 2495 der
285 2439 425 2499 Preise,
446 2436 559 2496 welche
591 2437 637 2497 die
668 2442 828 2502 Societät
854 2445 906 2505 zur
937 2445 1211 2505 Aufmunterung

198 2483 250 2543 der
276 2488 421 2548 Künste,
453 2488 719 2548 Manufacturen
756 2491 817 2551 und
854 2494 1037 2554 Handlung
1074 2494 1125 2554 für
1157 2493 1214 2553 das

204 2536 300 2596 Jahr
334 2536 425 2596 1764
458 2539 636 2599 ausgesetzt
664 2539 739 2599 hat.
810 2539 891 2599 Der
924 2542 1107 2602 Reichthum
1162 2542 1215 2602 der

199 2587 329 2647 Nation
362 2587 433 2647 läßt
455 2587 503 2647 ihr
531 2587 585 2647 zu,
614 2587 700 2647 einen
728 2587 798 2647 sehr
832 2590 951 2650 grossen
990 2593 1153 2653 Aufwand
1181 2593 1213 2653 zu

196 2635 347 2695 machen,
376 2636 435 2696 und
463 2638 500 2698 sie
523 2638 621 2698 dehnt
649 2637 725 2697 ihre
742 2641 1041 2701 Aufmerksamkeit
1064 2641 1123 2701 fast
1157 2642 1216 2702 auf

198 2679 262 2739 alle
278 2687 475 2747 Gattungen
502 2688 666 2748 nützlicher
694 2685 875 2745 Industrie
902 2688 981 2748 aus.
1014 2688 1093 2748 Der
1115 2689 1216 2749 Land¬

195 2726 278 2786 bau,
310 2732 367 2792 das
404 2738 606 2798 Anpflanzen
649 2736 815 2796 nützlicher
847 2736 1008 2796 Bäume,
1040 2739 1206 2799 worunten

198 2775 272 2835 auch
310 2777 357 2837 die
379 2787 728 2847 Wacholderstauden,
750 2784 914 2844 Tannen,
941 2787 1015 2847 aber
1037 2787 1126 2847 keine
1148 2789 1216 2849 Ler¬

190 2823 264 2883 chen
291 2828 371 2888 sind,
399 2831 457 2891 das
479 2836 623 2896 Aussaen
661 2835 713 2895 der
735 2832 996 2892 Futterkräuter,
1019 2835 1077 2895 und
1104 2838 1216 2898 zumal

201 2873 274 2933 eine
296 2879 583 2939 Verschiedenheit
605 2883 657 2943 von
684 2883 753 2943 noch
785 2882 886 2942 wenig
913 2884 1088 2944 bekannten
1110 2883 1221 2943 Gras¬

196 2924 312 2984 arten,
340 2927 400 2987 und
428 2932 499 2992 auch
522 2933 571 2993 die
594 2934 848 2994 Pimpernelle;
882 2933 931 2993 die
954 2936 1097 2996 Pflüge,
1119 2936 1202 2996 ande

197 2976 240 3036 re
259 2980 471 3040 Werkzeuge,
510 2987 634 3047 allerley
673 2987 822 3047 nützliche
848 2990 998 3050 Metalle
1030 2990 1086 3050 und
1111 2990 1217 3050 Halb=

212 368 301 428 ren,
338 363 409 423 eine
434 355 577 415 Parthey
614 351 662 411 als
692 357 914 417 rechtgläubig
945 360 974 420 zu
1017 357 1143 417 ehren,
1173 357 1227 417 die
1276 354 1329 414 des
1366 354 1509 414 Concilii
1546 356 1786 416 ausschmücken
1817 354 1906 414 will:
1949 354 1978 414 so
2009 354 2068 414 hat
2093 353 2158 413 doch
2189 354 2279 414 Herr

1265 402 1482 462 Rambach
1514 403 1540 463 in
1572 404 1673 464 seinen
1711 404 1960 464 Anmerkungen
2003 405 2081 465 alles
2114 401 2272 461 gründlich

1268 452 1462 512 widerlegt,
1500 452 1559 512 daß
1598 452 1804 512 Sarpius
1848 455 1933 515 nicht
1961 455 2053 515 leicht
2080 452 2274 512 Proselyten

1263 503 1388 563 machen
1421 500 1515 560 wird.
1552 503 1599 563 In
1631 503 1678 563 der
1700 503 1848 563 Vorrede
1869 504 2043 564 verspricht
2054 503 2137 563 Herr
2159 503 2280 563 Ram¬

1261 554 1349 614 bach
1394 551 1460 611 eine
1494 551 1677 611 Geschichte
1711 551 1766 611 des
1794 554 2044 614 Pisanischen,
2084 551 2271 611 Baselschen

1258 602 1317 662 und
1356 599 1579 659 Costnitzschen
1617 601 1764 661 Concilii
1793 601 1825 661 zu
1863 601 2010 661 liefern,
2049 604 2162 664 welche
2196 604 2277 664 viele

1265 652 1387 712 Bände
1419 649 1610 709 ausmachen
1642 649 1779 709 möchte.
1828 650 1944 710 Kostet
1971 652 1997 712 in
2035 653 2273 713 vorbemeldten

1259 703 1476 763 Kanterschen
1506 703 1818 763 Buchhandlungen
1848 703 1865 763 4
1895 703 1935 763 fl.

1266 866 1415 926 metalle,
1443 868 1558 928 zumal
1587 869 1658 929 auch
1686 870 1780 930 blaue
1813 870 1918 930 Farbe
1952 867 2012 927 und
2051 864 2133 924 recht
2156 861 2272 921 starkes

1265 915 1375 975 Salz,
1402 918 1460 978 und
1493 918 1709 978 verschiedene
1736 918 1936 978 Färbereyen
1969 915 2026 975 sind
2048 915 2095 975 der
2117 910 2280 970 Vorwurf

1263 966 1354 1026 ihrer
1376 966 1511 1026 Preise.
1560 969 1668 1029 Unter
1690 966 1738 1026 den
1772 969 1912 1029 Künsten
1939 963 2041 1023 findet
2064 963 2128 1023 man
2161 963 2274 1023 Preise

1261 1014 1324 1074 auf
1345 1016 1566 1076 verschiedene
1601 1016 1699 1076 Arten
1734 1013 1788 1073 von
1833 1012 2049 1072 Malereyen,
2074 1010 2285 1070 Bildhauer¬

1264 1064 1393 1124 Arbeit,
1422 1067 1665 1127 Kupferstiche,
1695 1064 1853 1124 Schnitte
1877 1062 1933 1122 von
1962 1058 2126 1118 Siegeln,
2155 1059 2188 1119 u.
2206 1061 2233 1121 s.
2251 1061 2279 1121 f.

1263 1116 1305 1176 Zu
1333 1112 1386 1172 den
1420 1115 1680 1175 Manufacturen
1713 1115 1827 1175 gehört
1854 1112 1908 1172 das
1941 1109 2092 1169 Papier,
2126 1109 2282 1169 verschie¬

1258 1165 1338 1225 dene
1361 1165 1588 1225 Webereyen,
1621 1166 1729 1226 Hüte,
1774 1161 2028 1221 Strickereyen,
2066 1160 2131 1220 und
2159 1160 2185 1220 so
2213 1160 2272 1220 gar

1265 1213 1497 1273 Glasperlen;
1523 1213 1632 1273 ferner
1658 1213 1875 1273 verschiedene
1896 1210 2112 1270 Maschinen.
2165 1207 2268 1267 Dann

1262 1261 1367 1321 folget
1389 1261 1436 1321 der
1457 1261 1573 1321 Wein,
1600 1264 1652 1324 der
1674 1264 1937 1324 Zimmetbaum,
1964 1259 2011 1319 die
2033 1258 2212 1318 Potasche,
2228 1257 2275 1317 die

1262 1306 1463 1366 Cochenille,
1488 1306 1538 1366 die
1559 1309 1634 1369 rohe
1660 1309 1786 1369 Seide,
1821 1307 2114 1367 Scammoneum,
2145 1308 2280 1368 Mohn¬

1262 1348 1339 1408 saft,
1365 1351 1602 1411 Seidengras,
1639 1353 1716 1413 (ein
1753 1354 1984 1414 Apocynum)
2016 1354 2165 1414 Saflor,
2197 1354 2279 1414 Oel¬

1257 1393 1399 1453 bäume,
1425 1395 1729 1455 Campeche=Holz,
1755 1399 1856 1459 Aloe,
1887 1396 2009 1456 Sode,
2045 1399 2162 1459 Hanf,
2188 1397 2278 1457 Sal¬

1259 1440 1348 1500 peter
1374 1440 1429 1500 und
1460 1443 1605 1503 Cobold,
1630 1443 1705 1503 alles
1731 1443 1781 1503 für
1806 1444 1851 1504 die
1887 1443 2147 1503 Amerikanische
2178 1444 2273 1504 Colo¬

1252 1490 1357 1550 nien;
1390 1491 1511 1551 endlich
1554 1494 1623 1554 auch
1666 1494 1814 1554 mehrere
1846 1494 1979 1554 Zweige
2006 1494 2058 1554 der
2090 1494 2270 1554 Fischerey,

1256 1544 1323 1604 und
1358 1543 1470 1603 zumal
1493 1545 1544 1605 der
1572 1545 1770 1605 Stocksisch.
1844 1548 1917 1608 Auf
1947 1545 2003 1605 alle
2032 1547 2110 1607 diese
2139 1545 2268 1605 Zweige

1261 1596 1322 1656 sind
1351 1596 1407 1656 vom
1453 1596 1554 1656 letzten
1589 1599 1804 1659 Mittwochen
1833 1599 1861 1659 im
1901 1599 1980 1659 Oct.
1998 1599 2088 1659 1764
2128 1598 2173 1658 bis
2207 1598 2257 1658 den

249 1636 338 1696 Man
373 1640 491 1700 merket
515 1643 571 1703 an,
594 1642 651 1702 daß
686 1643 736 1703 der
759 1646 832 1706 Zoll
850 1646 906 1706 von
941 1648 1065 1708 London
1094 1645 1122 1705 in
1145 1643 1224 1703 Ein=
1259 1648 1360 1708 letzten
1395 1649 1485 1709 Dec.
1514 1649 1604 1709 1765
1645 1652 1695 1712 die
1724 1652 1888 1712 Prämien
1929 1649 2030 1709 theils
2070 1651 2274 1711 ausgetheilt

1258 1702 1412 1762 worden,
1441 1703 1539 1763 theils
1573 1703 1644 1763 noch
1673 1705 1926 1765 auszutheilen.
1977 1702 2048 1762 Auf
2082 1700 2170 1760 einer
2204 1699 2275 1759 Ta¬

1256 1753 1340 1813 belle
1358 1753 1437 1813 sieht
1466 1754 1534 1814 man
1563 1754 1613 1814 die
1636 1754 1857 1814 Berechnung
1886 1752 1942 1812 von
1971 1748 2084 1808 18756
2119 1748 2187 1808 Pf.
2210 1751 2271 1811 St.

1258 1801 1306 1861 die
1334 1802 1387 1862 seit
1409 1802 1495 1862 1755
1523 1803 1581 1863 auf
1604 1805 1792 1865 dergleichen
1830 1805 1948 1865 Preise
1976 1799 2164 1859 verwendet
2192 1799 2278 1859 wor¬

1249 1850 1302 1910 den
1335 1852 1420 1912 sind.
1479 1849 1564 1909 Eine
1597 1852 1724 1912 Nation
1757 1852 1906 1912 verdient
1933 1852 2077 1912 glücklich
2104 1850 2168 1910 und
2195 1849 2269 1909 groß

1252 1899 1289 1959 zu
1326 1897 1421 1957 seyn,
1448 1897 1495 1957 die
1528 1895 1585 1955 von
1623 1900 1712 1960 ihrem
1761 1900 1945 1960 Reichthum
1998 1901 2083 1961 einen
2120 1900 2146 1960 so
2178 1900 2262 1960 edlen

1411 1989 1520 2049 Ely,
1548 1990 1575 2050 in
1608 1996 1794 2056 England,
1822 1994 1882 2054 vom
1926 1995 1986 2055 14.
2008 1995 2106 2055 Febr.

1299 2037 1434 2097 Gestern
1462 2040 1591 2100 rottirte
1619 2041 1662 2101 sich
1690 2043 1760 2103 hier
1793 2041 1863 2101 eine
1891 2042 1988 2102 große
2016 2043 2140 2103 Menge
2168 2041 2270 2101 Men¬

1254 2091 1328 2151 schen
1359 2088 1566 2148 zusammen,
1592 2091 1651 2151 so,
1677 2093 1732 2153 daß
1758 2092 1859 2152 man,
1884 2091 1949 2151 und
1975 2091 2060 2151 zwar
2081 2091 2187 2151 wegen
2218 2091 2267 2151 des

1253 2142 1352 2202 hohen
1380 2142 1623 2202 Kornpreises,
1652 2145 1735 2205 einen
1768 2142 1923 2202 Aufstand
1952 2142 2134 2202 besorgete;
2162 2143 2261 2203 jedoch

1252 2246 1484 2306 Magistrats,
1510 2243 1624 2303 wurde
1650 2246 1696 2306 die
1723 2246 1820 2306 Rotte
1852 2246 1888 2306 an
1919 2246 2007 2306 ihrem
2049 2246 2260 2306 Vornehmen

1249 2295 1460 2355 verhindert.
1506 2294 1616 2354 Heute
1642 2297 1783 2357 Morgen
1814 2297 1980 2357 verspürte
2001 2294 2071 2354 man
2101 2294 2262 2354 abermals

1244 2342 1352 2402 einige
1374 2342 1612 2402 Bewegungen
1644 2345 1731 2405 unter
1759 2347 1805 2407 dem
1847 2345 1966 2405 Volke.
2029 2342 2106 2402 Die
2128 2342 2267 2402 Glieder

1249 2393 1302 2453 des
1334 2393 1558 2453 Magistrats,
1574 2395 1632 2455 und
1660 2396 1728 2456 eine
1750 2396 1845 2456 große
1873 2396 2000 2456 Anzahl
2022 2390 2070 2450 der
2097 2390 2272 2450 vornehm¬

1255 2443 1315 2503 sten
1337 2440 1565 2500 Einwohner,
1588 2443 1726 2503 begaben
1760 2446 1803 2506 sich
1832 2443 1981 2503 hierauf,
2004 2439 2031 2499 in
2060 2437 2259 2497 Begleitung

1257 2493 1308 2553 der
1339 2491 1612 2551 Gerichtsdiener
1644 2494 1715 2554 nach
1752 2494 1803 2554 dem
1850 2491 1963 2551 großen
1994 2485 2159 2545 Markte,
2196 2485 2267 2545 wo¬

1255 2541 1345 2601 selbst
1368 2539 1481 2599 sodann
1522 2539 1566 2599 die
1590 2543 1737 2603 Königl.
1754 2542 1833 2602 Acte
1862 2539 1952 2599 gegen
1987 2535 2037 2595 die
2066 2536 2259 2596 Aufrührer

1252 2591 1325 2651 laut
1347 2590 1505 2650 abgelesen
1532 2590 1658 2650 wurde.
1706 2590 1827 2650 Dieses
1854 2586 1943 2646 hatte
1965 2584 2017 2644 den
2049 2587 2181 2647 Erfolg,
2202 2588 2254 2648 daß

1245 2641 1299 2701 das
1327 2641 1408 2701 Volk
1430 2641 1653 2701 auseinander
1676 2640 1735 2700 und
1758 2637 1828 2697 nach
1856 2635 1964 2695 Hause
1987 2636 2084 2696 ging.
2129 2640 2253 2700 Diesen

1240 2688 1461 2748 Nachmittag
1502 2690 1563 2750 sind
1598 2688 1671 2748 drey
1712 2688 1763 2748 der
1798 2682 2025 2742 vornehmsten
2065 2688 2258 2748 Aufrührer

1247 2741 1320 2801 beym
1371 2736 1481 2796 Kopfe
1507 2739 1735 2799 genommen,
1754 2736 1815 2796 und
1853 2736 1920 2796 nach
1958 2739 2007 2799 dem
2057 2742 2260 2802 Zuchthause

1248 2792 1402 2852 geschickt
1420 2784 1574 2844 worden.

1515 2834 1684 2894 Paris,
1721 2832 1774 2892 den
1812 2835 1878 2895 24.
1903 2841 2005 2901 Febr.

1298 2885 1375 2945 Der
1398 2882 1547 2942 Advokat
1570 2882 1619 2942 des
1648 2882 1775 2942 Königs
1804 2885 1875 2945 beym
1920 2891 2142 2951 Parlament,
2176 2888 2264 2948 Herr

1248 2938 1355 2998 Omer
1378 2936 1457 2996 Joly
1486 2935 1519 2995 de
1543 2935 1678 2995 Fleury,
1702 2936 1787 2996 hielt
1805 2939 2003 2999 vorgestern,
2032 2942 2065 3002 da
2094 2939 2150 2999 alle
2168 2936 2269 2996 Kam¬

1246 2990 1333 3050 mern
1374 2987 1584 3047 versammlet
1608 2991 1741 3051 waren,
1790 2993 1859 3053 eine
1888 2993 2128 3053 merkwürdige
2164 2990 2273 3050 Rede,
