2479 3508
186 343 322 403 spricht,
351 342 378 402 so
402 339 589 399 genommen
618 336 743 396 werden
772 336 874 396 muß,
897 336 953 396 daß
983 333 1010 393 es
1040 333 1096 393 uns
1125 333 1210 393 nicht

180 392 325 452 angeht,
348 389 482 449 sondern
511 386 572 446 nur
595 386 774 446 diejenige,
797 389 830 449 zu
859 386 993 446 welchen
1022 386 1055 446 es
1078 386 1206 446 damals

189 440 321 500 geredet
343 437 470 497 wurde.

483 486 715 546 Geistliche
753 485 919 545 Poesie.

237 530 314 590 Die
339 534 459 594 meisten
490 536 785 596 alttestamentische
810 539 942 599 Bücher
967 536 1027 596 sind
1052 533 1214 593 Poesien.

186 583 310 643 Daher
329 586 405 646 muß
435 586 506 646 man
542 589 630 649 keine
660 586 891 646 demonstrirte
915 586 1199 646 Lehrwahrheiten

182 634 307 694 daraus
329 637 459 697 ziehen,
482 640 558 700 denn
591 638 640 698 die
662 640 788 700 meisten
821 637 995 697 Gedanken
1028 634 1115 694 eines
1143 631 1197 691 poe

177 682 290 742 tischen
327 686 445 746 Buchs
477 688 541 748 sind
578 689 661 749 nicht
692 688 715 748 im
770 687 972 747 eigentlichen
1015 685 1199 745 Verstande

191 736 320 796 sondern
351 739 409 799 nur
433 739 481 799 als
505 740 652 800 Bilder,
676 739 729 799 die
754 739 800 799 die
825 737 1037 797 Begeisterey
1067 736 1214 796 eingege¬

186 786 239 846 ben
271 786 355 846 hat,
380 786 409 846 zu
434 789 591 849 nehmen.

237 837 415 897 Geistliche
435 837 539 897 Lieder
566 837 625 897 sind
659 837 704 897 ein
738 834 909 894 gereimter
936 834 1185 894 Catéchismus.

521 884 876 944 Vielweiberey.

235 932 309 992 Hat
335 935 479 995 Christus
505 935 592 995 nicht
606 936 782 996 verboten.
808 936 908 996 Denn
934 933 1021 993 wenn
1053 933 1078 993 es
1110 930 1197 990 gleich

185 984 296 1044 heißt:
324 985 368 1045 ein
403 984 485 1044 jeder
520 987 603 1047 habe
631 985 692 1045 sein
726 987 809 1047 eigen
844 984 965 1044 Weib:
999 983 1027 1043 so
1061 983 1211 1043 bedeutet

183 1028 211 1088 es
241 1033 328 1093 nur,
352 1031 409 1091 daß
439 1034 508 1094 man
538 1035 590 1095 sein
619 1036 736 1096 Weib,
766 1037 811 1097 als
835 1034 893 1094 sein
923 1034 1114 1094 Eigenthum
1156 1034 1184 1094 an

186 1082 273 1142 sehen
302 1082 362 1142 und
390 1084 519 1144 schätzen
547 1084 621 1144 soll.

610 1132 775 1192 Seele.

234 1180 300 1240 Ist
321 1179 414 1239 soviel
435 1181 481 1241 als
508 1181 574 1241 eine
595 1181 768 1241 künstliche
782 1182 849 1242 Uhr
876 1175 895 1235 —
956 1180 1029 1240 oder
1057 1183 1116 1243 eine
1143 1178 1209 1238 höl¬

178 1228 281 1288 zerne
299 1231 426 1291 Endte,
449 1228 495 1288 die
519 1231 576 1291 auf
600 1228 651 1288 dem
692 1228 813 1288 Wasser
837 1229 1032 1289 schwimmt.

452 1276 932 1336 Indifferentismus.

232 1321 319 1381 War
342 1327 491 1387 ehemals
514 1324 585 1384 eben
613 1324 640 1384 so
663 1324 812 1384 schädlich
846 1324 895 1384 als
918 1324 1088 1384 Ketzerey.
1133 1324 1205 1384 An¬

175 1372 249 1432 jetzt
269 1372 344 1432 aber
369 1372 443 1432 wird
468 1369 647 1429 behauptet
667 1369 731 1429 und
757 1366 935 1426 befohlen,
961 1366 1014 1426 daß
1045 1366 1089 1426 ein
1115 1366 1203 1426 jeder

179 1413 211 1473 in
243 1416 364 1476 Absicht
387 1416 439 1476 der
461 1416 615 1476 Religion
648 1415 732 1475 eines
754 1413 870 1473 andern
898 1413 1088 1473 indifferent
1116 1413 1200 1473 seyn,

182 1462 241 1522 und
269 1464 328 1524 nur
357 1464 454 1524 soviel
477 1467 607 1527 glauben
641 1464 711 1524 soll,
723 1464 836 1524 wovon
865 1464 897 1524 er
919 1464 968 1524 sich
996 1464 1088 1524 selbst
1110 1464 1197 1524 durch

190 1513 272 1573 seine
296 1518 490 1578 Vernunft,
515 1518 626 1578 Augen
656 1518 715 1578 und
740 1518 851 1578 Ohren
881 1518 1069 1578 überzeugt.
1100 1518 1193 1578 Nach

177 1566 277 1626 dieser
300 1569 451 1629 Maxime
480 1572 557 1632 kann
586 1572 653 1632 man
687 1572 742 1632 kein
772 1572 984 1632 Bekenntniß
1007 1569 1208 1629 annehmen,

178 1618 251 1678 noch
280 1622 365 1682 keine
388 1622 541 1682 Religion
570 1625 701 1685 tadeln,
724 1625 855 1685 sondern
884 1625 906 1685 so
935 1622 1003 1682 viel
1026 1621 1150 1681 Köpfe,
1174 1619 1196 1679 so

178 1671 249 1731 viel
268 1673 487 1733 Religionen.
541 1676 630 1736 Alles
666 1676 791 1736 kommt
815 1679 874 1739 auf
905 1676 999 1736 eigne
1023 1676 1207 1736 Ueberzeu¬

181 1724 274 1784 gung
298 1727 362 1787 an.

612 1774 778 1834 Christ.

231 1819 322 1879 Wer
342 1822 471 1882 getauft
490 1822 551 1882 und
576 1822 661 1882 nicht
680 1822 865 1882 beschnitten
896 1822 1056 1882 worden,
1088 1822 1124 1882 ist
1155 1822 1198 1882 ein

184 1868 316 1928 Christ.
364 1870 469 1930 Wenn
501 1870 569 1930 man
607 1871 696 1931 unter
728 1872 780 1932 dem
823 1870 933 1930 Titel:
955 1870 1123 1930 Christ,
1150 1869 1192 1929 ein

183 1921 289 1981 Buch
326 1918 479 1978 schreibt:
504 1921 533 1981 so
557 1921 633 1981 kann
670 1921 722 1981 der
747 1921 853 1981 Christ
883 1921 912 1981 so
937 1918 1025 1978 reden
1061 1920 1120 1980 wie
1150 1918 1203 1978 Ci¬

412 2082 617 2142 Berlin,
665 2085 719 2145 den
761 2088 802 2148 5.
844 2085 938 2145 Jan.

235 2133 311 2193 Se.
329 2136 427 2196 Maj.
445 2136 499 2196 der
522 2136 627 2196 König
655 2136 754 2196 haben
777 2136 826 2196 dem
860 2136 1120 2196 Generalmajor
1137 2132 1186 2192 von

182 2185 240 2245 der
263 2186 479 2246 Infanterie,
501 2182 609 2242 Herrn
642 2184 696 2244 von
729 2187 869 2247 Linden,
891 2188 939 2248 die
967 2187 1108 2247 gesuchte
1141 2181 1205 2241 Er¬

185 2234 309 2294 lassung
337 2234 433 2294 seiner
456 2232 596 2292 Dienste
613 2232 639 2292 in
673 2234 813 2294 Gnaden
841 2235 1019 2295 bewilligt,
1052 2236 1116 2296 und
1139 2236 1192 2296 das

177 2286 310 2346 dadurch
348 2282 502 2342 erledigte
530 2282 716 2342 Regiment
744 2285 797 2345 dem
840 2285 994 2345 Obersten
1027 2285 1080 2345 des
1113 2285 1203 2345 Sal¬

176 2334 320 2394 derschen
353 2333 759 2393 Grenadierbatallions,
786 2336 898 2396 Herrn
936 2336 994 2396 von
1032 2336 1208 2396 Steinkel¬

172 2382 234 2442 ler,
264 2381 498 2441 allergnädigst
521 2384 670 2444 ertheilt.
716 2387 996 2447 Höchstdieselben
1031 2387 1128 2447 haben
1157 2384 1202 2444 so¬

184 2432 277 2492 wohl
298 2432 349 2492 dem
391 2432 489 2492 Ruß.
505 2432 716 2492 Kaiserlichen
753 2435 892 2495 Envoye
924 2435 1203 2495 extraordinaire,

190 2479 319 2539 Fürsten
357 2479 579 2539 Dolgorucki,
613 2481 661 2541 als
694 2485 747 2545 dem
796 2485 942 2545 Römisch
975 2485 1192 2545 Kaiserlichen

180 2532 480 2592 gevollmächtigten
509 2530 687 2590 Minister,
710 2534 765 2594 dem
799 2536 1205 2596 Generalfeldmarschall¬

175 2585 380 2645 lieutenant,
403 2580 586 2640 Freyherrn
615 2581 672 2641 von
702 2584 815 2644 Riedt,
833 2587 964 2647 ersterem
999 2584 1096 2644 Dero
1119 2584 1193 2644 reich

186 2638 251 2698 mit
279 2634 472 2694 Brillanten
505 2626 648 2686 besetztes
671 2635 836 2695 Bildniß,
864 2635 924 2695 und
958 2636 1078 2696 letzterm
1129 2635 1194 2695 eine
1240 2635 1294 2695 nig
1323 2635 1377 2695 ließ
1405 2635 1454 2695 ihn
1483 2635 1570 2695 holen
1609 2632 1669 2692 und
1698 2632 1769 2692 fand
1802 2629 1862 2689 auf
1885 2629 1984 2689 diesem
2023 2629 2138 2689 Dorfe
2161 2629 2243 2689 einen

178 2688 297 2748 goldne
320 2685 394 2745 reich
424 2681 486 2741 mit
504 2679 698 2739 Brillanten
727 2682 852 2742 besetzte
876 2682 938 2742 und
962 2682 1025 2742 mit
1048 2682 1207 2742 höchstde¬

177 2736 215 2796 ro
243 2736 382 2796 Bildniß
411 2730 550 2790 gezierte
578 2730 761 2790 Tabatiere
790 2732 823 2792 zu
857 2733 1013 2793 verehren
1047 2733 1202 2793 geruhet.

181 2785 299 2845 Dieser
328 2784 436 2844 Tagen
465 2781 499 2841 ist
528 2781 578 2841 der
602 2778 738 2838 Rußisch
767 2781 914 2841 Kaiserl.
932 2784 1199 2844 Generalmajor

180 2838 268 2898 Herr
297 2834 352 2894 von
386 2832 580 2892 Gudowitz,
609 2831 669 2891 und
693 2831 748 2891 der
771 2829 909 2889 Rußisch
938 2835 1082 2895 Kaiserl.
1100 2835 1205 2895 Obri¬

179 2888 256 2948 ste,
283 2886 374 2946 Herr
414 2887 472 2947 von
519 2882 707 2942 Gouriev,
741 2882 799 2942 von
845 2885 956 2945 Paris
996 2886 1113 2946 allhier
1140 2884 1204 2944 an=

180 2938 398 2998 gekommen.

1239 334 1305 394 cero
1334 333 1395 393 und
1423 333 1585 393 Seneca,
1613 333 1669 393 daß
1697 333 1813 393 gerade
1848 333 1948 393 nichts
1982 330 2043 390 von
2077 328 2171 388 denen
2200 329 2277 389 Leh¬

1240 383 1328 443 ren,
1351 383 1501 443 wodurch
1529 383 1579 443 sich
1602 383 1674 443 eben
1713 382 1768 442 das
1797 380 2031 440 Christenthum
2081 377 2270 437 unterschei=

1248 434 1317 494 det,
1341 434 1427 494 darin
1456 431 1664 491 vorkommt:
1688 431 1722 491 es
1746 431 1833 491 redet
1857 434 1926 494 doch
1949 434 2001 494 der
2025 431 2134 491 Christ
2158 431 2267 491 darin.

1287 508 1415 568 Hiebey
1439 509 1520 569 mein
1550 509 1667 569 Herr!
1691 506 1760 566 will
1779 508 1819 568 ich
1843 506 1907 566 dies
1938 506 2264 566 Schmeckbrodi

1244 558 1316 618 oder
1342 557 1389 617 die
1410 557 1519 617 Probe
1546 557 1664 617 meines
1686 557 1920 617 Wörterbuchs
1951 555 2117 615 bewenden
2149 554 2268 614 laßen!

1247 604 1333 664 Was
1361 607 1474 667 könnte
1496 607 1533 667 ich
1572 607 1658 667 nicht
1680 607 1869 667 schreiben,
1897 605 1983 665 wenn
2016 606 2059 666 ich
2092 604 2254 664 anführen

1244 658 1382 718 wollte,
1409 658 1435 718 in
1467 658 1536 718 was
1563 655 1615 715 für
1637 658 1838 718 Bedeutung
1865 655 1944 715 diese
1966 655 2029 715 und
2051 654 2151 714 andre
2173 652 2273 712 Wör¬

1244 706 1316 766 ter,
1342 709 1388 769 die
1415 706 1497 766 sonst
1524 706 1710 766 ehrwürdig
1742 706 1891 766 gehalten
1929 703 2089 763 wurden;
2115 703 2172 763 von
2209 703 2265 763 an¬

1244 756 1316 816 dern
1348 757 1440 817 Arten
1472 754 1523 814 von
1560 755 1762 815 Menschen,
1789 757 1845 817 von
1877 756 2022 816 Staats=
2043 752 2099 812 und
2126 752 2265 812 Kriegs=

1248 806 1348 866 leuten
1392 803 1406 863 —
1473 807 1535 867 von
1569 806 1727 866 Stutzern
1770 801 1779 861 —
1852 807 1909 867 von
1943 801 2067 861 Poeten
2111 799 2125 859 —
2197 800 2254 860 von

1243 852 1568 912 Handwerksleuten
1594 858 1743 918 heutiges
1770 852 1883 912 Tages
1904 855 2090 915 genommen
2121 846 2265 906 werden.

1250 903 1406 963 Glauben
1434 906 1471 966 sie
1499 906 1580 966 nur,
1607 906 1693 966 daß,
1721 906 1807 966 wenn
1835 903 1916 963 diese
1943 903 2176 963 willkührliche
2204 900 2268 960 ere¬

1249 955 1377 1015 getische
1409 954 1760 1014 Wortverdrehungen
1796 954 1961 1014 allgemein
1997 954 2157 1014 würden,
2183 951 2255 1011 man

1245 1004 1309 1064 mit
1332 1003 1396 1063 eben
1429 1004 1450 1064 so
1478 1004 1570 1064 gutem
1609 1006 1711 1066 Recht
1733 1004 1820 1064 sagen
1853 1004 1988 1064 könnte:
2016 1001 2124 1061 China
2152 998 2265 1058 bedeu¬

1247 1054 1273 1114 te
1295 1052 1452 1112 Europa,
1479 1055 1539 1115 und
1566 1055 1609 1115 ein
1637 1055 1804 1115 hölzerner
1832 1053 1929 1113 Stein
1956 1052 1999 1112 sey
2027 1054 2086 1114 kein
2114 1052 2265 1112 Unding,

1293 1101 1388 1161 Doch
1415 1103 1457 1163 ich
1479 1106 1552 1166 kann
1585 1105 1707 1165 meinen
1734 1103 1839 1163 Brief
1861 1103 1929 1163 noch
1956 1100 2014 1160 mit
2036 1101 2083 1161 der
2104 1100 2252 1160 Versiche

1245 1154 1327 1214 rung
1356 1155 1527 1215 schließen,
1550 1156 1632 1216 daß,
1655 1154 1793 1214 obgleich
1816 1151 1865 1211 die
1888 1153 2037 1213 Religion
2071 1151 2126 1211 auf
2154 1149 2259 1209 unsrer

1250 1201 1431 1261 brittischen
1465 1204 1566 1264 Insel
1589 1204 1690 1264 starke
1719 1203 1866 1263 Wunden
1907 1201 2030 1261 leidet:
2070 1198 2104 1258 so
2133 1198 2194 1258 hat
2223 1198 2262 1258 sie

1250 1254 1320 1314 auch
1347 1252 1568 1312 wahrhaftige
1590 1255 1795 1315 gründliche,
1812 1252 2076 1312 altevangelische
2098 1249 2265 1309 Freunde,

1245 1303 1298 1363 die
1320 1302 1368 1362 sich
1396 1302 1422 1362 im
1461 1303 1574 1363 Geiste
1601 1302 1692 1362 derer
1720 1302 1935 1362 Lelands,
1963 1300 2254 1360 Doddridgen

1249 1348 1308 1408 und
1349 1348 1560 1408 Burkitts
1595 1351 1670 1411 allen
1706 1351 1821 1411 neuern
1862 1348 2113 1408 Verderbnissen
2148 1345 2268 1405 wider¬

1244 1390 1353 1450 setzen,
1384 1393 1444 1453 und
1470 1393 1630 1453 Hofnung
1650 1393 1771 1453 geben,
1802 1394 1846 1454 die
1872 1396 1982 1456 Fahne
2008 1396 2057 1456 der
2078 1393 2263 1453 Wahrheit

1239 1437 1319 1497 über
1352 1437 1400 1497 die
1434 1438 1656 1498 verwelkende
1689 1437 1861 1497 Trophäen
1911 1440 1965 1500 des
1993 1440 2176 1500 Irrthums
2220 1442 2252 1502 zu

1243 1488 1442 1548 schwingen.

1290 1540 1396 1600 Wenn
1432 1542 1497 1602 sie,
1527 1540 1609 1600 mein
1634 1539 1746 1599 Herr!
1794 1541 1852 1601 aus
1889 1539 2001 1599 unsrer
2031 1539 2190 1599 Sprache
2227 1536 2249 1596 in

1240 1594 1291 1654 die
1308 1594 1417 1654 ihrige
1440 1594 1543 1654 etwas
1567 1596 1738 1656 übersetzen
1768 1596 1911 1656 wollen,
1946 1590 2049 1650 worin
2078 1590 2261 1650 Erbauung

1243 1646 1405 1706 herrscht:
1429 1646 1457 1706 so
1493 1647 1662 1707 versuchen
1697 1646 1731 1706 sie
1767 1645 1819 1705 sich
1854 1646 1888 1706 an
1936 1643 1988 1703 den
2030 1640 2168 1700 Briefen
2204 1642 2256 1702 des

1247 1697 1462 1757 Flavels,
1485 1697 1564 1757 oder
1594 1697 1627 1757 an
1661 1697 1842 1757 Richard
1877 1694 2177 1754 Burnhams:
2195 1690 2267 1750 Po¬

1239 1747 1306 1807 wer
1341 1745 1374 1805 of
1404 1745 1567 1805 Religion
1597 1744 1658 1804 &c.

1285 1794 1352 1854 Ich
1383 1795 1432 1855 bin
1470 1796 1543 1856 auch
1574 1796 1604 1856 in
1642 1796 1727 1856 einer
1753 1796 1961 1856 Entfernung
1999 1796 2053 1856 von
2091 1796 2183 1856 mehr
2208 1795 2256 1855 als

1245 1847 1385 1907 hundert
1412 1848 1532 1908 Meilen
1566 1847 1618 1907 ihr
1640 1848 1839 1908 ergebenster
1860 1846 2006 1906 Freund.

2066 1917 2131 1977 N.
2154 1919 2211 1979 N.

1519 2080 1664 2140 Jena,
1697 2082 1754 2142 den
1792 2081 1862 2141 18.
1894 2079 1988 2139 Dec.

1288 2131 1445 2191 Nachdem
1488 2130 1542 2190 der
1567 2130 1688 2190 Pastor
1713 2133 1870 2193 Senior,
1895 2130 2047 2190 Heinrich
2078 2130 2247 2190 Christoph

1237 2184 1422 2244 Kaulwell,
1450 2184 1624 2244 bekannter
1652 2184 1760 2244 maßen
1794 2184 1853 2244 sein
1881 2181 2039 2241 Eheweib
2061 2180 2120 2240 mit
2148 2181 2235 2241 einem

1242 2234 1452 2294 Küchenbeil
1475 2234 1685 2294 umgebracht
1713 2236 1821 2296 hatte,
1849 2234 1875 2294 so
1908 2231 2000 2291 ward
2033 2230 2065 2290 er
2098 2230 2130 2290 am
2174 2231 2249 2291 4ten

1242 2285 1341 2345 dieses
1375 2285 1524 2345 Monats
1552 2285 1579 2345 im
1624 2285 1740 2345 Hause
1768 2285 1823 2345 des
1857 2280 2188 2340 Superintendenten
2217 2279 2244 2339 zu

1242 2333 1508 2393 Eckardsberga,
1537 2332 1690 2392 Erdman
1730 2336 1860 2396 Gotth.
1883 2333 2121 2393 Neumeister,
2150 2333 2257 2393 seiner

1246 2387 1353 2447 Ehren
1383 2387 1442 2447 und
1467 2384 1615 2444 Würden
1639 2384 1781 2444 entsetzt.

1456 2435 1750 2495 Mainstrom,
1774 2435 1824 2495 den
1859 2435 1921 2495 27.
1939 2432 2029 2492 Dec.

1277 2482 1352 2542 Der
1377 2483 1487 2543 König
1518 2485 1570 2545 von
1606 2485 1793 2545 Frankreich
1823 2481 1898 2541 frug
1934 2478 1980 2538 die
2010 2479 2168 2539 Arbeiter
2198 2479 2233 2539 am

1233 2533 1386 2593 Schlosse
1404 2533 1438 2593 zu
1467 2533 1610 2593 Choisy,
1633 2533 1690 2593 von
1719 2533 1765 2593 wo
1794 2533 1827 2593 sie
1851 2529 1959 2589 wåren
1988 2527 2051 2587 und
2080 2527 2114 2587 ob
2149 2527 2188 2587 sie
2217 2527 2262 2587 ei¬

1232 2584 1287 2644 nen
1321 2584 1409 2644 guten
1443 2584 1587 2644 Pfarrer
1616 2584 1743 2644 hätten.
1794 2578 1865 2638 Sie
1888 2578 1993 2638 lobten
2021 2578 2093 2638 ihn,
2121 2578 2176 2638 der
2194 2577 2260 2637 Kö¬

1237 2685 1412 2745 geschickten
1447 2682 1661 2742 Geistlichen,
1685 2679 1843 2739 Namens
1867 2679 2064 2739 Mandaux,
2087 2681 2143 2741 den
2172 2680 2200 2740 er
2218 2679 2245 2739 zu

1240 2736 1341 2796 seinem
1384 2733 1598 2793 Beichtvater
1623 2730 1759 2790 machte.

1505 2781 1668 2841 Upsal,
1699 2781 1759 2841 den
1795 2783 1861 2843 14.
1886 2781 1982 2841 Dec.

1283 2829 1360 2889 Die
1391 2829 1506 2889 hiesige
1530 2829 1711 2889 Akademie
1730 2832 1789 2892 hat
1808 2831 1869 2891 auf
1887 2829 1953 2889 Se.
1972 2831 2116 2891 Königl.
2129 2829 2249 2889 Hoheit

1229 2882 1283 2942 den
1305 2879 1550 2939 Kronprinzen,
1567 2881 1626 2941 eine
1649 2882 1812 2942 Medaille
1829 2882 1965 2942 schlagen
1993 2879 2047 2939 und
2075 2879 2162 2939 durch
2184 2876 2254 2936 De¬

1221 2936 1348 2996 putirte
1367 2933 1567 2993 überreichen
1599 2936 1714 2996 lassen.
1763 2936 1835 2996 Auf
1861 2935 1915 2995 der
1946 2935 2030 2995 einen
2068 2930 2177 2990 Seite
2196 2924 2250 2984 ste=
