2479 3508
139 369 224 429 eines
259 374 464 434 moralischen
500 374 739 434 Schweizers,
780 377 832 437 als
867 376 918 436 des
953 377 1049 437 Hrn.
1073 374 1164 434 S¬¬

141 422 358 482 beantwortet
381 419 520 479 gelesen.
570 425 715 485 Allein,
738 431 766 491 so
789 430 866 490 geht
883 428 944 488 es!
984 428 1094 488 Wenn
1123 425 1161 485 ist

143 467 232 527 wohl
260 470 304 530 ein
333 470 562 530 Kunstrichter
585 478 763 538 gesättigt,
797 479 858 539 und
892 476 958 536 wer
987 477 1064 537 thut
1087 476 1137 536 ihm

138 518 260 578 gnug?
288 518 393 578 Unsre
410 521 515 581 Zeiten
554 525 615 585 sind
643 528 670 588 so
699 527 875 587 verderbt,
909 527 964 587 daß
998 527 1059 587 fast
1087 525 1147 585 kein

148 565 280 625 Mensch
308 566 401 626 mehr
436 575 703 635 Psychologien,
723 578 957 638 Compendia,
985 578 1051 638 nach
1092 576 1158 636 ma=

138 664 317 724 ragraphen
347 670 418 730 lesen
450 674 533 734 will.
581 679 598 739 O
635 679 772 739 Zeiten!
797 679 814 739 o
845 676 987 736 Sitten!

1310 372 1370 432 So
1401 373 1529 433 sinnlich
1566 374 1700 434 urtheilt
1731 376 1810 436 alles
1841 376 1944 436 noch;

1313 427 1388 487 Jhr
1416 422 1567 482 dummen
1606 425 1757 485 Musen,
1779 425 1849 485 laßt
1877 426 1947 486 euch
1980 427 2050 487 doch

1308 470 1386 530 Der
1414 470 1514 530 besten
1548 470 1642 530 Welt
1671 473 1698 533 zu
1738 474 1843 534 Ehren

1302 521 1384 581 Die
1417 524 1632 584 Metaphysik
1659 524 1791 584 lehren.

2011 550 2092 610 uz.

142 613 356 673 chematischer
380 619 536 679 Lehrart,
565 628 640 688 oder
676 626 739 686 eine
768 625 988 685 Metaphysik
1018 625 1046 685 in
1076 623 1145 683 Pa=
1180 622 1301 682 Kostet
1337 620 1365 680 in
1407 620 1649 680 vorbemeldten
1691 622 1905 682 Kanterschen
1940 622 2206 682 Buchhandlun=

1178 678 1236 738 gen
1276 673 1294 733 1
1328 673 1366 733 fl.
1393 676 1406 736 9
1452 676 1504 736 gr.

394 834 595 894 Berlin,
627 839 683 899 den
721 840 783 900 12.
809 837 909 897 Febr.

141 925 222 985 terie
244 929 304 989 sind
332 930 380 990 die
402 935 593 995 Nummern
626 939 691 999 44.
725 939 789 999 40.
822 941 888 1001 14.
915 941 980 1001 33.
1008 941 1067 1001 und
1106 939 1143 999 17

146 981 480 1041 herausgekommen.
529 984 647 1044 Dieser
675 987 782 1047 Tagen
815 987 847 1047 ist
869 988 922 1048 der
944 987 1052 1047 Prinz
1079 987 1165 1047 Dol¬

140 1028 284 1088 gorucki,
310 1031 361 1091 der
388 1029 485 1089 Russ.
506 1037 847 1097 Generallieutenant
868 1037 961 1097 Graf
982 1037 1033 1097 von
1070 1037 1162 1097 Bru¬

139 1074 191 1134 ce,
220 1076 278 1136 und
308 1079 359 1139 der
383 1080 505 1140 Major
523 1085 784 1145 Grauschewski
802 1088 866 1148 nach
890 1088 1093 1148 Petersburg
1117 1084 1168 1144 ab¬

130 1127 338 1187 gegangen.

410 1180 571 1240 Halle,
596 1180 650 1240 vom
699 1184 758 1244 28.
789 1184 885 1244 Jan.

191 1223 234 1283 Am
280 1228 490 1288 Marggräfl.
513 1228 1062 1288 Brandenburg=Bayreuthischen
1096 1234 1162 1294 Ho=

132 1272 162 1332 se
189 1271 245 1331 soll
262 1274 329 1334 eine
350 1274 448 1334 große
470 1278 714 1338 Veränderung
741 1279 938 1339 vorgefallen
975 1282 1068 1342 seyn,
1100 1281 1157 1341 und

129 1318 184 1378 den
220 1319 291 1379 5ten
332 1321 433 1381 dieses
470 1321 561 1381 sollen
602 1323 653 1383 die
684 1324 785 1384 beyde
817 1324 964 1384 geheime
995 1326 1157 1386 Ministei

137 1366 267 1426 Grafen
293 1366 348 1426 von
379 1366 514 1426 Ellrod,
540 1366 646 1426 Vater
671 1366 731 1426 und
757 1368 863 1428 Sohn
888 1367 958 1427 ihre
984 1369 1150 1429 Erlaßung

133 1414 276 1474 erhalten
307 1410 429 1470 haben.
480 1407 553 1467 Der
579 1410 692 1470 erstere
713 1410 890 1470 derselben,
911 1413 1049 1473 nämlich
1074 1412 1157 1472 Phi¬

134 1458 198 1518 lipp
230 1458 378 1518 Andreas
406 1458 607 1518 Reichsgraf
629 1458 687 1518 von
714 1459 857 1519 Ellrod,
889 1461 947 1521 hat
974 1461 1027 1521 sich
1060 1461 1149 1521 durch

139 1508 257 1568 Fleiß,
282 1506 560 1566 Geschicklichkeit
585 1509 641 1569 und
670 1509 772 1569 Glück
801 1512 863 1572 aus
899 1512 949 1572 dem
1001 1512 1166 1572 bürgerli¬

128 1555 201 1615 chen
231 1558 373 1618 Stande
403 1558 454 1618 bis
489 1560 517 1620 zu
552 1560 603 1620 der
633 1563 930 1623 Reichsgräflichen
959 1565 1091 1625 Würde
1114 1565 1159 1625 er¬

135 1608 262 1668 hoben,
285 1610 396 1670 welche
418 1610 451 1670 er
474 1611 562 1671 1763
591 1613 751 1673 erhalten.
802 1613 851 1673 Er
874 1616 940 1676 war
968 1616 1151 1676 anfänglich

139 1664 310 1724 Advocat,
335 1664 471 1724 hernach
495 1667 822 1727 Regierungsrath,
852 1670 958 1730 ferner
995 1670 1160 1730 geheimer

138 1718 460 1778 Regierungsrath,
488 1718 549 1778 und
583 1718 699 1778 endlich
733 1721 827 1781 erster
861 1721 1022 1781 geheimer
1051 1722 1167 1782 Mini¬

135 1769 216 1829 ster.
265 1767 356 1827 Sein
389 1769 528 1829 Bruder
551 1770 701 1830 German
729 1773 858 1833 August
886 1775 966 1835 starb
999 1775 1058 1835 vor
1086 1775 1160 1835 kur=
1193 1771 1274 1831 nen,
1301 1772 1360 1832 und
1388 1772 1441 1832 daß
1474 1772 1625 1832 dieselben
1653 1772 1819 1832 verlangen
1852 1771 1906 1831 bey
1933 1770 2024 1830 dieser
2047 1772 2208 1832 Gelegen¬

132 1822 180 1882 zen
213 1821 261 1881 als
288 1819 735 1879 Generalsuperintendent.

420 1868 574 1928 Wien,
603 1870 654 1930 den
694 1870 756 1930 23.
791 1873 882 1933 Jan.

181 1918 346 1978 Nachdem
388 1917 501 1977 gestern
537 1915 588 1975 der
615 1915 717 1975 Röm.
739 1917 889 1977 Königin
920 1915 1085 1975 Majestät
1106 1918 1162 1978 auf

137 1969 185 2029 dem
228 1966 398 2026 Lustschloß
425 1966 654 2026 Schönbrunn
686 1966 825 2026 glücklich
852 1963 1107 2023 angekommen,
1129 1961 1155 2021 so

135 2017 216 2077 wird
244 2017 336 2077 heute
364 2017 417 2077 des
445 2017 581 2077 Abends
614 2014 652 2074 um
697 2017 707 2077 7
740 2014 805 2074 Uhr
839 2014 887 2074 die
915 2013 996 2073 hohe
1019 2011 1165 2071 Vermä¬

135 2070 210 2130 lung
238 2067 374 2127 daselbst
396 2067 554 2127 vollzogen
587 2064 734 2124 werden.
784 2064 854 2124 Die
888 2062 941 2122 auf
974 2058 1072 2118 dieses
1106 2058 1159 2118 ho¬

133 2124 174 2184 he
204 2121 275 2181 Fest
305 2121 459 2181 geprägte
484 2118 816 2178 Gedächtnißmünze
846 2115 947 2175 stellet
977 2113 1042 2173 auf
1066 2109 1154 2169 einer

135 2172 240 2232 Seite
269 2172 318 2232 die
353 2172 469 2232 beyden
497 2170 714 2230 Brustbilder
742 2168 798 2228 des
832 2166 993 2226 erhabnen
1027 2166 1160 2226 Braut¬

135 2223 237 2283 paars
259 2221 313 2281 vor
330 2223 389 2283 mit
406 2221 449 2281 der
471 2220 666 2280 Umschrift:
694 2220 802 2280 Joseph
830 2219 872 2279 II.
884 2217 921 2277 R.
938 2217 997 2277 Rex
1014 2214 1046 2274 S.
1058 2214 1095 2274 A.
1106 2217 1160 2277 M.

146 2270 280 2330 Josepha
308 2270 383 2330 Bav.
395 2269 513 2329 Caroli
530 2267 599 2327 VII.
622 2267 724 2327 Filia;
757 2268 816 2328 auf
844 2268 897 2328 der
925 2267 1043 2327 andern
1082 2267 1151 2327 aber

134 2322 203 2382 eine
230 2323 326 2383 halbe
348 2318 481 2378 Säule,
498 2316 529 2376 an
562 2318 695 2378 welcher
722 2318 764 2378 die
791 2318 909 2378 beyden
936 2318 1064 2378 Wapen
1096 2318 1149 2378 von

138 2372 332 2432 Oesterreich
360 2366 419 2426 und
446 2366 581 2426 Bayern
609 2367 792 2427 befindlich.
858 2366 1025 2426 Minerva
1053 2366 1155 2426 stützet

145 2423 193 2483 sich
216 2421 361 2481 darauf,
383 2417 442 2477 und
481 2416 561 2476 zeigt
594 2417 654 2477 auf
681 2419 729 2479 die
763 2418 875 2478 beyden
909 2414 1059 2474 Wapen,
1087 2416 1157 2476 Hy¬

138 2472 204 2532 men
243 2470 353 2530 krönet
376 2467 414 2527 sie
448 2464 509 2524 mit
537 2464 735 2524 Myrthen,
780 2467 841 2527 und
870 2467 1040 2527 schwinget
1069 2467 1151 2527 seine

133 2521 263 2581 Fackel.
317 2518 371 2578 In
407 2515 460 2575 dem
502 2512 668 2572 Abschnitt
693 2515 793 2575 stehen
830 2518 882 2578 die
907 2515 1055 2575 Worte:
1086 2517 1156 2577 Au¬

138 2569 234 2629 spicia
274 2566 444 2626 felicitatis
480 2561 564 2621 Pub.
587 2561 615 2621 et
650 2563 735 2623 Vota
758 2566 900 2626 secunda
929 2563 1053 2623 XXIII.
1082 2568 1155 2628 Jan.

141 2623 257 2683 1764.

316 2661 638 2721 Donaustrom,
664 2661 719 2721 vom
770 2663 837 2723 23.
863 2664 955 2724 Jan.

193 2716 240 2776 Es
264 2718 376 2778 heißt,
400 2716 453 2776 der
477 2713 553 2773 neue
578 2709 773 2769 Tartarchan
803 2712 885 2772 habe
915 2715 974 2775 aus
999 2715 1157 2775 Constan¬

141 2772 268 2832 tinopel
289 2769 340 2829 den
366 2764 494 2824 Befehl
521 2760 694 2820 erhalten,
721 2760 778 2820 sich
805 2762 869 2822 mit
895 2765 984 2825 einem
1031 2766 1146 2826 starken

139 2823 249 2883 Corps
273 2823 325 2883 den
361 2817 513 2877 Gränzen
542 2814 571 2874 zu
601 2808 746 2868 nähern.

384 2864 590 2924 London,
626 2857 679 2917 den
715 2858 780 2918 25.
810 2858 903 2918 Jan.

186 2917 245 2977 Ein
280 2918 386 2978 wegen
420 2916 520 2976 seiner
548 2909 776 2969 Wissenschaft
803 2908 870 2968 und
904 2912 1151 2972 Frömmigkeit

138 2975 433 3035 hochangesehener
473 2964 650 3024 Rabbine,
683 2963 722 3023 ist
763 2962 834 3022 hier
867 2963 925 3023 aus
966 2966 1142 3026 Palästina

1192 837 1272 897 oder
1296 834 1347 894 dem
1395 839 1592 899 ehemaligen
1639 837 1777 897 gelobten
1819 837 1922 897 Lande
1958 834 2212 894 angekommen,

191 875 265 935 Bey
295 880 340 940 der
364 883 514 943 gestrigen
550 888 642 948 19ten
671 890 816 950 Ziehung
851 888 902 948 der
926 888 1059 948 hiesigen
1095 888 1163 948 Lot=
1199 886 1238 946 um
1280 888 1372 948 unter
1396 888 1447 948 den
1477 888 1586 948 Juden
1615 888 1685 948 eine
1709 888 1847 948 Collecte
1876 888 1904 948 zu
1941 885 2119 945 sammlen,
2160 884 2211 944 die

1198 939 1252 999 zur
1288 936 1625 996 Wiederaufbauung
1666 936 1883 996 verschiedner
1929 933 1953 993 in
1994 933 2185 993 bemeldetem

1201 987 1303 1047 Lande
1330 987 1422 1047 durch
1450 986 1617 1046 Erdbeben
1645 984 1812 1044 zerstörten
1840 984 2051 1044 Synagogen
2084 984 2142 1044 soll
2154 984 2207 1044 an¬

1198 1034 1372 1094 gewendet
1401 1034 1554 1094 werden.

1422 1085 1491 1145 Aus
1527 1085 1678 1145 Italien,
1707 1082 1760 1142 vom
1813 1082 1877 1142 14.
1906 1082 1999 1142 Jan.

1243 1132 1318 1192 Von
1351 1133 1422 1193 Rom
1466 1136 1520 1196 aus
1553 1133 1656 1193 erhält
1678 1133 1748 1193 man
1786 1132 1856 1192 eine
1890 1133 2036 1193 wichtige
2063 1130 2209 1190 Verord¬

1192 1184 1302 1244 nung,
1327 1184 1372 1244 die
1402 1184 1448 1244 der
1472 1184 1577 1244 jetzige
1601 1184 1711 1244 Pabst
1730 1182 1788 1242 zum
1824 1181 1940 1241 Besten
1964 1184 2010 1244 der
2034 1181 2214 1241 Jesuiten,

1190 1234 1285 1294 unter
1311 1231 1356 1291 dem
1403 1231 1524 1291 Titel:
1545 1231 1757 1291 Sanctissimi
1778 1229 1884 1289 Patris
1910 1228 1934 1288 in
1971 1228 2097 1288 Christo
2133 1224 2203 1284 Do-

1198 1279 1285 1339 mini
1301 1282 1404 1342 nostri
1436 1280 1621 1340 Clementis
1647 1279 1745 1339 XIII.
1766 1279 1952 1339 constitutio
1988 1279 2045 1339 qua
2076 1276 2205 1336 institu¬

1183 1325 1243 1385 tum
1291 1327 1467 1387 Societatis
1501 1327 1561 1387 lesu
1608 1330 1705 1390 deduo
1743 1327 1976 1387 confirmatur,
2009 1329 2102 1389 unter
2135 1327 2181 1387 dem

1194 1373 1265 1433 7ten
1304 1372 1398 1432 Jan.
1426 1372 1548 1432 1764.
1576 1375 1681 1435 datirt
1720 1378 1775 1438 den
1826 1378 1920 1438 12ten
1970 1380 2063 1440 Jan.
2098 1375 2208 1435 1765.

1186 1418 1216 1478 zu
1251 1415 1320 1475 Rom
1361 1416 1544 1476 publiciren
1575 1416 1688 1476 lassen.

1439 1464 1687 1524 Mayland,
1715 1464 1770 1524 den
1804 1464 1842 1524 9.
1865 1464 1953 1524 Jan.

1241 1510 1323 1570 Man
1365 1512 1454 1572 sagt,
1484 1513 1531 1573 der
1556 1514 1679 1574 Herzog
1715 1515 1774 1575 von
1811 1515 1958 1575 Modena
1994 1513 2077 1573 habe
2107 1515 2195 1575 einen

1191 1563 1290 1623 Brief
1313 1566 1368 1626 von
1402 1565 1451 1625 der
1474 1566 1801 1626 Kayserin=Königin
1830 1566 2002 1626 erhalten,
2025 1566 2196 1626 worinnen

1188 1616 1277 1676 Ihro
1308 1616 1471 1676 Majestät
1496 1616 1682 1676 berichten,
1707 1618 1761 1678 daß
1798 1618 1833 1678 sie
1864 1617 1912 1677 sich
1949 1619 1972 1679 im
2015 1619 2196 1679 Frühlinge

1191 1668 1262 1728 nach
1291 1670 1450 1730 Inspruck
1479 1670 1611 1730 begeben
1639 1670 1793 1730 werden,
1827 1671 1876 1731 der
1899 1670 2109 1730 Vermälung
2143 1670 2197 1730 des

1181 1721 1368 1781 Erzherzog
1398 1721 1460 1781 mit
1483 1721 1528 1781 der
1552 1721 1717 1781 Infantin
1746 1721 1803 1781 von
1832 1721 1985 1781 Spanien
2015 1721 2207 1781 beyzuwoh¬

1186 1822 1258 1882 heit
1275 1820 1319 1880 die
1342 1820 1442 1880 junge
1465 1822 1647 1882 Prinzessin
1687 1819 1742 1879 von
1771 1821 1842 1881 Est.
1865 1822 2059 1882 zukünftige
2082 1819 2210 1879 Gema¬

1186 1870 1230 1930 lin
1269 1867 1324 1927 des
1358 1869 1562 1929 Erzherzogs
1596 1870 1778 1930 Ferdinand
1817 1870 1844 1930 zu
1878 1871 1999 1931 sehen,
2039 1867 2071 1927 es
2105 1870 2193 1930 sollen

1191 1915 1260 1975 auch
1293 1915 1412 1975 bereits
1445 1918 1525 1978 schon
1564 1918 1623 1978 alle
1656 1918 1818 1978 Anstalten
1857 1921 1883 1981 zu
1921 1920 2018 1980 dieser
2041 1917 2137 1977 Reise
2159 1920 2207 1980 ge¬

1191 1965 1296 2025 macht
1315 1963 1464 2023 werden.

1415 2011 1675 2071 Warschau,
1712 2014 1772 2074 den
1809 2014 1851 2074 7.
1876 2014 1978 2074 Febr.

1233 2056 1308 2116 Se.
1332 2058 1478 2118 Königl.
1508 2060 1606 2120 Maj.
1630 2061 1671 2121 U.
1689 2061 1735 2121 A.
1759 2061 1812 2121 H.
1836 2061 1935 2121 haben
1976 2061 2028 2121 den
2069 2061 2209 2121 gewese¬

1185 2109 1239 2169 nen
1272 2109 1544 2169 Kronschencken,
1566 2109 1690 2169 Grafen
1719 2109 1778 2169 von
1800 2109 1935 2169 Brühl,
1959 2111 2137 2171 Starosten
2165 2114 2191 2174 zu

1187 2163 1367 2223 Kopmos,
1408 2161 1464 2221 zum
1510 2160 1663 2220 General
1687 2160 1720 2220 en
1755 2161 1840 2221 Chef
1869 2162 1947 2222 über
1976 2160 2050 2220 dero
2085 2164 2214 2224 Haus¬

1191 2211 1349 2271 truppen,
1367 2212 1479 2272 welche
1502 2212 1547 2272 sich
1576 2211 1796 2271 gegenwärtig
1819 2214 1875 2274 auf
1904 2213 1965 2273 700
2005 2215 2112 2275 Mann
2152 2213 2202 2273 be¬

1185 2264 1319 2324 tragen,
1345 2264 1500 2324 erkläret,
1532 2264 1593 2324 und
1630 2264 1810 2324 demselben
1847 2264 1997 2324 erlaubet
2028 2266 2085 2326 auf
2111 2264 2204 2324 aller¬

1194 2315 1295 2375 höchst
1319 2314 1387 2374 dero
1421 2314 1574 2374 Unkosten
1614 2315 1699 2375 diese
1728 2315 1903 2375 Trouppen
1933 2315 1983 2375 bis
2017 2313 2079 2373 auf
2103 2313 2192 2373 7000

1193 2361 1298 2421 Mann
1342 2363 1373 2423 zu
1410 2366 1632 2426 vermehren,
1665 2366 1807 2426 besagten
1850 2363 1956 2423 Herrn
1994 2361 2120 2421 Grafen
2158 2360 2200 2420 ist

1191 2411 1239 2471 die
1266 2414 1450 2474 Wohnung
1484 2414 1510 2474 im
1565 2415 1711 2475 Königl.
1739 2413 1929 2473 Erbpallast
1962 2413 2092 2473 welches
2125 2411 2200 2471 Sr.

1188 2463 1351 2523 Majestät
1378 2461 1432 2521 vor
1460 2464 1514 2524 der
1537 2464 1645 2524 Wahl
1662 2464 1847 2524 bewohnten
1881 2459 2115 2519 angewiesen,
2137 2458 2202 2518 im=

1187 2515 1320 2575 gleichen
1349 2512 1418 2572 eine
1442 2512 1522 2572 freye
1552 2512 1650 2572 Tafel
1674 2513 1726 2573 bey
1762 2511 1854 2571 Hofe
1872 2509 1935 2569 alle
1964 2506 2086 2566 Tage,
2109 2508 2201 2568 nebst

1185 2563 1272 2623 einer
1300 2563 1494 2623 Jährlichen
1533 2563 1674 2623 Pension
1713 2560 1767 2620 von
1800 2557 1886 2617 2000
1925 2557 2071 2617 Ducaten
2105 2560 2196 2620 zuge=

1185 2614 1360 2674 sprochen,
1382 2614 1435 2674 der
1457 2611 1541 2671 Herr
1569 2611 1659 2671 Graf
1681 2608 1840 2668 Branicki
1856 2607 2197 2667 Kronuntertruchses

1188 2661 1269 2721 wird
1297 2661 1416 2721 erstlich
1449 2658 1498 2718 den
1536 2661 1628 2721 10ten
1667 2656 1764 2716 dieses
1803 2654 1851 2714 als
1879 2657 2107 2717 Abgesandter
2141 2660 2194 2720 der

1192 2712 1358 2772 Republik
1388 2709 1441 2769 von
1477 2709 1548 2769 hier
1578 2708 1649 2768 nach
1685 2703 1803 2763 Berlin
1839 2706 2005 2766 abreifen,
2030 2712 2189 2772 hingegen

1196 2760 1256 2820 sind
1284 2760 1400 2820 bereits
1429 2760 1456 2820 in
1484 2758 1533 2818 der
1567 2754 1694 2814 vorigen
1728 2754 1844 2814 Woche
1878 2755 1949 2815 Se.
1978 2760 2127 2820 Durchl.
2144 2760 2194 2820 der

1186 2813 1284 2873 Fürst
1308 2808 1524 2868 Czartoryski
1548 2805 1699 2865 Truchses
1729 2802 1781 2862 von
1811 2807 1968 2867 Lithauen
2003 2813 2073 2873 nach
2109 2811 2178 2871 Rom

1189 2859 1248 2919 und
1278 2858 1325 2918 der
1350 2856 1439 2916 Herr
1457 2854 1826 2914 Kronreferendarius,
1851 2860 1945 2920 Graf
1970 2861 2201 2921 Malachows=

1186 2910 1230 2970 ki,
1253 2909 1325 2969 nach
1348 2905 1561 2965 Petersburg
1589 2906 1818 2966 abgegangen.
1869 2911 2020 2971 Morgen
2038 2911 2132 2971 reiset
2144 2908 2193 2968 der

1185 2960 1364 3020 nominirte
1389 2960 1469 3020 Herr
1494 2958 1631 3018 Bischof
1650 2960 1699 3020 von
1730 2963 1959 3023 Premislien,
1972 2962 2064 3022 Graf
2084 2960 2194 3020 Nrzyk

2106 3011 2188 3071 nach
