2479 3508
194 324 279 384 mers
306 321 332 381 in
360 321 472 381 unserm
516 321 720 381 Vaterlande
748 324 833 384 aus!
866 324 978 384 Wenn
1016 324 1086 384 man
1124 321 1231 381 Gel¬

201 373 315 433 lerts
348 371 521 431 Schriften
549 372 575 432 in
603 372 689 432 ihrer
718 373 809 433 Hand
837 374 940 434 sieht:
962 374 988 434 so
1016 374 1130 434 glaubt
1147 373 1216 433 man

1029 422 1092 482 Ein
1127 422 1225 482 Buch

209 422 327 482 schon,
356 419 412 479 daß
441 419 508 479 man
549 422 616 482 sehr
645 422 713 482 viel
736 422 866 482 gesehen
901 425 979 485 hat.

206 468 264 528 von
302 470 456 530 Religion
489 470 553 530 und
580 473 841 533 Gottseligkeit,
884 473 927 533 ein
965 471 1129 531 Gespräch
1167 472 1220 532 von

216 519 464 579 Gegenständen
496 519 549 579 der
576 521 967 581 Herzensfrömmigkeit,
988 521 1225 581 Bekänntnisse

211 567 271 627 von
302 569 352 629 der
372 572 483 632 innern
514 572 609 632 Folge
635 572 685 632 der
716 572 908 632 ehristlichen
939 572 1160 632 Sentiments
1196 571 1221 631 in

208 616 259 676 der
286 618 416 678 Seele,
442 621 509 681 dies
536 621 614 681 wird
640 622 707 682 man
739 620 827 680 selten
869 622 921 682 bey
958 619 1072 679 unsern
1104 619 1223 679 jungen

213 667 347 727 Damen
374 671 554 731 antreffen,
586 672 694 732 dasern
737 670 772 730 sie
799 670 886 730 nicht
907 670 964 730 gar
995 670 1078 730 schon
1114 670 1233 730 anfan¬

211 718 300 778 gen,
327 721 480 781 Männer
501 721 532 781 zu
560 721 718 781 werden,
745 718 802 778 und
829 719 887 779 auf
904 718 951 778 die
973 718 1125 778 Religion
1157 718 1236 778 spöt¬

211 817 262 877 die
289 819 381 879 obige
408 818 568 878 Schrift,
600 818 662 878 und
693 813 870 873 besonders
901 819 1062 879 diejenige
1083 819 1238 879 Unterre¬

213 867 372 927 dungen,
400 867 452 927 S.
480 870 575 930 244.
602 866 655 926 des
693 866 810 926 dritten
853 867 996 927 Theils;
1039 870 1225 930 imgleichen

213 916 287 976 was
314 915 361 975 sich
388 918 446 978 mit
468 918 514 978 dem
558 915 705 975 Fräulein
738 915 791 975 von
818 918 1008 978 Sturm,
1035 920 1093 980 und
1120 918 1236 978 Jung¬

214 968 262 1028 fer
295 966 510 1026 Miekchen
549 966 775 1026 zugetragen,
797 966 872 1026 aufs
894 969 1050 1029 eifrigste.
1115 966 1222 1026 Wenn

213 1013 253 1073 sie
274 1016 369 1076 dabey
400 1016 456 1076 auf
477 1016 563 1076 einer
584 1013 685 1073 Seite
711 1013 812 1073 lernen
843 1013 964 1073 werden
1001 1013 1046 1073 die
1077 1013 1234 1073 spielende

211 1067 367 1127 Eitelkeit
388 1067 413 1127 zu
445 1064 689 1124 überwinden,
721 1065 746 1125 so
778 1064 903 1124 werden
945 1061 981 1121 sie
1013 1061 1069 1121 auf
1096 1063 1153 1123 der
1179 1060 1241 1120 an¬

216 1118 285 1178 dern
316 1115 411 1175 Seite
437 1116 567 1176 dadurch
593 1112 663 1172 eben
693 1111 738 1171 die
754 1109 980 1169 Hochachtung
1006 1109 1055 1169 der
1081 1109 1236 1169 vernünf¬

208 1166 290 1226 tigen
322 1166 445 1226 schönen
477 1163 668 1223 Jünglinge
689 1157 803 1217 unsrer
830 1157 902 1217 Zeit
923 1160 1114 1220 verdienen.
1166 1153 1238 1213 Ko¬

214 1213 267 1273 stet
295 1212 322 1272 in
360 1210 414 1270 der
441 1207 652 1267 Kanterschen
691 1204 962 1264 Buchhandlung
995 1207 1135 1267 allhier,
1168 1203 1232 1263 wie

209 1261 285 1321 auch
313 1258 339 1318 in
367 1255 486 1315 Elbing
514 1255 573 1315 und
601 1255 715 1315 Mitau
743 1255 759 1315 4
786 1256 824 1316 fl.

634 1305 814 1365 Gotha.

260 1352 432 1412 „Wilh.
454 1357 633 1417 Friedr.
655 1357 883 1417 Stölzels,
911 1357 1125 1417 Gothaischen
1147 1357 1229 1417 Hof¬

212 1409 407 1469 "predigers
435 1410 527 1470 dritte
550 1410 761 1470 Sammlung
795 1410 930 1470 heiliger
953 1410 1083 1470 Reden,
1112 1410 1225 1470 Gotha

220 1458 291 1518 "bey
325 1461 495 1521 Dietrich,
518 1461 556 1521 24
595 1461 661 1521 und
695 1461 712 1521 1
751 1461 861 1521 halber
895 1461 1010 1521 Bogen
1049 1461 1076 1521 in
1110 1461 1193 1521 8vo.

208 1509 309 1569 Diese
332 1512 514 1572 Predigten
543 1510 651 1570 heißen
686 1510 862 1570 Reden,
891 1509 975 1569 weil
999 1509 1039 1569 sie
1062 1509 1147 1569 nicht
1176 1506 1232 1566 ab¬

199 1560 391 1620 gesungen,
413 1560 547 1620 sondern
574 1560 702 1620 recitirt
724 1558 809 1618 sind.
863 1557 1045 1617 Heilige
1078 1554 1217 1614 Reden

202 1608 280 1668 aber
306 1606 414 1666 heißen
444 1608 483 1668 sie
503 1608 671 1668 deshalb,
696 1605 774 1665 weil
794 1602 829 1662 sie
849 1602 908 1662 von
938 1602 991 1662 der
1017 1602 1145 1662 Kanzel
1165 1602 1223 1662 und

206 1703 265 1763 auf
283 1703 335 1763 dem
378 1700 489 1760 Titel:
514 1700 650 1760 dritte
680 1700 952 1760 Sammlung
976 1702 1082 1762 steht:
1106 1703 1135 1763 so
1154 1705 1224 1765 setzt
1255 1706 1313 1766 gen
1350 1706 1367 1766 1
1403 1708 1437 1768 fl.
1462 1706 1503 1766 15
1539 1707 1591 1767 gr.

199 1752 266 1812 dies
305 1748 367 1808 zwo
401 1749 522 1809 andere
551 1748 807 1808 Sammlungen
841 1751 991 1811 voraus,
1025 1753 1082 1813 von
1121 1754 1217 1814 denen

199 1799 262 1859 wir
284 1799 342 1859 uns
369 1798 427 1858 auf
449 1798 513 1858 kein
540 1796 641 1856 Wort
663 1799 753 1859 mehr
775 1802 919 1862 besinnen
946 1804 1095 1864 können;
1127 1799 1159 1859 ja
1186 1799 1212 1859 es

203 1850 331 1910 kömmt
353 1849 415 1909 uns
441 1847 466 1907 so
487 1849 569 1909 vor,
596 1849 647 1909 als
668 1850 755 1910 wenn
787 1852 844 1912 wir
870 1852 937 1912 jetzt
958 1852 1009 1912 zum
1051 1849 1226 1909 erstenmal

200 1903 250 1963 den
291 1900 427 1960 Namen
474 1900 525 1960 des
565 1902 662 1962 Hrn.
691 1906 908 1966 Stölzels
943 1903 1051 1963 lesen,
1092 1900 1126 1960 ob
1166 1897 1222 1957 wir

201 1954 293 2014 gleich
321 1951 407 2011 nicht
424 1951 446 2011 in
479 1951 604 2011 Abrede
626 1952 691 2012 seyn
730 1954 871 2014 mögen,
904 1954 963 2014 daß
997 1950 1029 2010 er
1057 1950 1100 2010 ein
1139 1951 1214 2011 alter

198 2002 370 2062 nutzbarer
391 2002 479 2062 Herr
511 2002 573 2062 und
600 2002 870 2062 Gewissensrath
902 2002 959 2062 zum
996 2002 1215 2062 Friedenstein

201 2052 255 2112 bey
282 2052 396 2112 Gotha
418 2052 484 2112 seyn
517 2052 614 2112 mag!
653 2053 756 2113 Unser
779 2052 985 2112 Gedächtniß
1013 2050 1051 2110 ist
1073 2052 1132 2112 uns
1160 2051 1219 2111 nur

200 2100 355 2160 zuweilen
386 2103 426 2163 ein
458 2103 558 2163 wenig
589 2103 725 2163 untreu,
746 2103 801 2163 daß
827 2102 886 2162 wir
912 2101 973 2161 uns
999 2100 1054 2160 bey
1079 2100 1129 2160 der
1150 2099 1225 2159 gro¬

193 2148 248 2208 ßen
290 2146 427 2206 Menge
464 2148 519 2208 von
556 2148 740 2208 Predigten
787 2151 873 2211 nicht
899 2148 1021 2208 immer
1053 2148 1144 2208 gleich
1181 2145 1216 2205 an

198 2196 253 2256 die
294 2193 482 2253 Predigten
528 2194 629 2254 dieses
685 2198 761 2258 oder
813 2196 903 2256 jenes
945 2196 1066 2256 großen
1118 2196 1223 2256 Man¬

194 2244 253 2304 nes
303 2242 456 2302 erinnern
511 2242 660 2302 können.
735 2241 943 2301 Destomehr
993 2243 1102 2303 freuen
1162 2243 1220 2303 wir

199 2294 296 2354 uns,
313 2294 542 2354 gegenwärtig
576 2291 657 2351 diese
690 2291 826 2351 dritte
860 2294 1072 2354 Sammlung
1105 2297 1225 2357 anfüh¬

194 2346 248 2406 ren
277 2348 304 2408 zu
332 2342 475 2402 können.
526 2342 608 2402 Wir
631 2342 731 2402 haben
759 2342 847 2402 darin
887 2342 969 2402 keine
992 2345 1141 2405 Predigt
1164 2347 1219 2407 ge=
1248 2346 1419 2406 Schmutz
1442 2345 1502 2405 und
1525 2342 1640 2402 Staub
1669 2343 1791 2403 bedeckt
1808 2347 1857 2407 ist.
1891 2345 1968 2405 Wie
1991 2348 2178 2408 entzückend
2207 2353 2267 2413 sind

194 2399 345 2459 funden,
375 2396 421 2456 die
451 2396 532 2456 ganz
551 2393 708 2453 schlecht,
732 2393 807 2453 oder
837 2393 1006 2453 unbändig
1036 2396 1117 2456 schön
1159 2396 1222 2456 wä¬

193 2449 249 2509 re;
286 2448 348 2508 alle
380 2446 562 2506 zusammen
599 2443 671 2503 aber
703 2440 765 2500 sind
797 2440 833 2500 sie
859 2443 931 2503 kurz
969 2446 1031 2506 und
1063 2446 1213 2506 ermüden

194 2496 278 2556 nicht
300 2499 390 2559 lange
418 2497 502 2557 durch
530 2494 630 2554 starke
652 2491 732 2551 neue
754 2491 817 2551 und
839 2494 1025 2554 tiessinnige
1047 2494 1217 2554 Beweise.

196 2542 256 2602 Ein
289 2548 457 2608 besonders
485 2545 681 2605 rühmlicher
709 2542 872 2602 Vorzug!
899 2544 1002 2604 Diese
1025 2546 1133 2606 Kürze
1156 2542 1220 2602 emn¬

194 2593 318 2653 pfiehlt
336 2596 375 2656 sie
410 2593 426 2653 —

475 2599 547 2659 Der
570 2597 686 2657 Zwang
709 2593 830 2653 einiger
853 2596 1120 2656 philosophischen
1154 2593 1209 2653 und

198 2641 400 2701 ästhetischen
432 2647 618 2707 Ausdrücke
641 2645 746 2705 macht
768 2643 805 2703 sie
827 2643 869 2703 ein
901 2643 1002 2703 wenig
1035 2643 1204 2703 unbrauch

715 2694 792 2754 aber
826 2691 875 2751 die
898 2694 974 2754 gute
997 2694 1129 2754 Absicht
1157 2690 1207 2750 des

193 2691 253 2751 bar
278 2690 328 2750 für
354 2691 501 2751 gemeine
527 2694 617 2754 Leser

186 2742 287 2802 Hrn.
310 2736 500 2796 Verfassers
534 2742 617 2802 lehrt
646 2744 707 2804 uns
736 2745 870 2805 zuletzt,
904 2743 965 2803 alle
999 2742 1117 2802 Fehler
1151 2739 1212 2799 mit

201 2792 253 2852 dem
296 2790 434 2850 Mantel
461 2787 508 2847 der
531 2790 620 2850 Liebe
642 2796 848 2856 zuzudecken.
903 2790 981 2850 Wir
1003 2793 1141 2853 gestehen
1168 2787 1194 2847 in

193 2844 322 2904 dessen,
361 2839 415 2899 daß
448 2838 512 2898 wir
540 2838 594 2898 hie
622 2842 686 2902 und
714 2844 751 2904 da
784 2845 892 2905 einige
920 2844 1045 2904 Funken
1083 2839 1218 2899 hervor¬

187 2897 343 2957 springen
373 2889 500 2949 gesehen
530 2888 657 2948 haben,
686 2892 732 2952 die
761 2894 808 2954 die
832 2897 959 2957 Anlage
982 2897 1011 2957 zu
1040 2894 1121 2954 einer
1151 2891 1219 2951 eig¬

1251 323 1313 383 nen
1355 326 1448 386 guten
1490 327 1749 387 Denkungsart
1781 327 1983 387 verrathen,
2015 327 2108 387 wenn
2150 327 2191 387 sie
2223 330 2284 390 nur

1256 373 1351 433 besser
1377 374 1579 434 bearbeitet,
1606 374 1671 434 und
1702 374 1762 434 mit
1783 377 1833 437 dem
1874 377 2036 437 Gepräge
2062 374 2148 434 einer
2174 375 2274 435 freyen

1256 424 1448 484 Redekunst
1480 422 1662 482 bezeichnet
1698 425 1825 485 würde.

1898 423 1961 483 Ein
1999 425 2078 485 paar
2116 425 2275 485 Themata

1262 473 1377 533 wollen
1411 473 1466 533 wir
1489 473 1666 533 hersetzen:
1705 473 1754 533 Am
1794 476 2004 536 Pfingstfeste
2037 476 2120 536 stellt
2143 476 2192 536 der
2220 478 2286 538 Hr.

1254 521 1355 581 Verf.
1377 522 1457 582 vor:
1490 521 1693 581 "Menschen
1726 518 1780 578 von
1813 522 1914 582 Geist
1931 524 1957 584 in
2000 526 2053 586 der
2076 527 2257 587 Religion,

1265 572 1324 632 und
1362 572 1394 632 am
1444 572 1563 632 dritten
1596 569 1900 629 Weynachtstage:
1944 566 2041 626 "Die
2074 578 2285 638 Gegenwart

1293 618 1473 678 GOttes,
1508 622 1564 682 der
1609 618 1738 678 gerecht
1773 616 1886 676 macht
1926 619 2021 679 unter
2067 625 2241 685 Menschen

1273 670 1460 730 (schwerlich
1489 671 1573 731 sollte
1597 670 1665 730 man
1694 670 1790 730 unter
1814 667 1909 727 diesem
1950 667 2046 727 letzten
2075 676 2200 736 Thema
2223 676 2279 736 das

1261 721 1474 781 Evangelium
1516 721 1608 781 Joh.
1626 721 1666 781 1,
1684 721 1794 781 1=14.
1824 715 1945 775 erklart
1969 717 1997 777 zu
2033 721 2131 781 seyn,
2161 724 2287 784 vermu¬

207 766 277 826 tisch
304 769 396 829 herab
424 769 450 829 zu
478 769 618 829 lacheln.
673 767 797 827 Daher
825 767 1003 827 empfehlen
1042 766 1101 826 wir
1123 769 1220 829 ihnen
1264 769 1377 829 then.)
1432 771 1545 831 Sonst
1573 769 1676 829 pflegt
1703 769 1762 829 uns
1796 766 1838 826 ein
1877 766 1979 826 wenig
2012 766 2061 826 die
2094 771 2218 831 Stirne
2246 775 2277 835 zu

1267 821 1395 881 jucken,
1422 819 1509 879 wenn
1541 816 1603 876 wir
1624 816 1690 876 eine
1717 815 1851 875 dritte
1878 813 2090 873 Sammlung
2116 816 2172 876 von
2204 820 2291 880 Pre¬

1265 869 1369 929 digten
1403 866 1519 926 sehen,
1548 864 1625 924 weil
1642 863 1691 923 sich
1720 861 1852 921 alsdenn
1881 861 1964 921 schon
1998 867 2174 927 mehrmals
2208 870 2291 930 eini¬

1260 922 1298 982 ge
1321 911 1571 971 Wasserwolken
1600 911 1633 971 am
1667 912 1951 972 Kirchenhimmel
1974 915 2023 975 des
2052 918 2174 978 Herren
2197 921 2291 981 Prä¬

1261 963 1409 1023 dikanten
1452 960 1637 1020 zusammen
1675 960 1706 1020 zu
1738 961 1844 1021 ziehen
1881 963 2034 1023 pflegen,
2078 969 2140 1029 aus
2184 972 2273 1032 deren

1265 1009 1403 1069 Schooß
1431 1007 1542 1067 zuletzt
1559 1007 1625 1067 eine
1659 1008 1736 1068 dicke
1759 1012 1881 1072 Postill
1909 1016 2153 1076 herausstürzt.
2198 1020 2275 1080 Von

1266 1055 1320 1115 dem
1361 1055 1451 1115 Hrn.
1471 1055 1527 1115 S.
1547 1058 1617 1118 aber
1638 1061 1829 1121 vermuthen
1859 1064 1939 1124 wir,
1955 1067 2055 1127 dasern
2086 1070 2176 1130 unsre
2201 1069 2286 1129 Ver¬

1261 1103 1422 1163 muthung
1448 1105 1536 1165 nicht
1553 1109 1671 1169 bereits
1699 1113 1870 1173 widerlegt
1891 1116 1953 1176 ist,
1985 1115 2042 1175 daß
2073 1118 2104 1178 er
2136 1119 2187 1179 sich
2224 1121 2281 1181 mit

1260 1152 1314 1212 dem
1354 1154 1442 1214 guten
1473 1157 1571 1217 Ruhm
1615 1160 1719 1220 werde
1739 1162 1862 1222 gnügen
1897 1160 2010 1220 laßen,
2035 1166 2104 1226 drey
2134 1166 2286 1226 Samm¬

1263 1203 1381 1263 lungen
1411 1201 1465 1261 von
1495 1207 1673 1267 Predigten
1703 1209 1855 1269 geliefert
1875 1207 1904 1267 zu
1935 1207 2053 1267 haben.

2104 1213 2273 1273 Indessen

1263 1252 1375 1312 wollen
1405 1252 1463 1312 wir
1489 1252 1557 1312 doch
1582 1255 1635 1315 gar
1660 1255 1762 1315 nicht,
1793 1257 1846 1317 daß
1871 1258 2091 1318 muthwillige
2116 1258 2199 1318 Leser
2219 1261 2282 1321 die¬

1256 1303 1284 1363 se
1308 1305 1523 1365 Grabschrift
1558 1306 1620 1366 aus
1655 1306 1706 1366 dem
1752 1306 1940 1366 Gellert
1964 1309 2089 1369 darauf
2118 1312 2271 1372 schreiben

1258 1360 1409 1420 mögen:

1379 1410 1486 1470 Zankt
1515 1410 1595 1470 nicht
1629 1410 1667 1470 um
1716 1410 1786 1470 eure
1820 1410 2058 1470 Rednergaben

1374 1462 1452 1522 Ihr
1480 1458 1597 1518 großen
1638 1458 1771 1518 Geister
1806 1460 1911 1520 unsrer
1946 1463 2034 1523 Zeit,

1376 1502 1434 1562 So
1466 1509 1561 1569 lange
1594 1509 1657 1569 wir
1690 1507 1944 1567 Mosheime
1977 1512 2098 1572 haben.

1374 1552 1433 1612 So
1466 1560 1585 1620 glaubt
1613 1560 1716 1620 man,
1749 1557 1802 1617 daß
1847 1554 1900 1614 ihr
1934 1560 1998 1620 nur
2037 1560 2167 1620 beredte
2195 1560 2281 1620 Kin¬

1785 1600 1842 1660 der
1880 1605 1968 1665 seyd.

198 1655 288 1715 nicht
309 1652 367 1712 von
404 1652 457 1712 der
489 1654 653 1714 Catheder
685 1649 832 1709 gehalten
865 1650 1023 1710 worden,
1050 1650 1113 1710 und
1140 1652 1219 1712 weil
1257 1655 1373 1715 Kostet
1410 1656 1436 1716 in
1484 1655 1727 1715 vorbemeldten
1765 1652 1976 1712 Kanterschen
2014 1657 2283 1717 Buchhandlun¬

1668 1796 1850 1856 Zürich.

1300 1846 1596 1906 „Abhandlungen
1632 1849 1709 1909 über
1739 1852 1887 1912 wichtige
1917 1853 2183 1913 Begebenheiten
2219 1858 2272 1918 der

1268 1894 1383 1954 "ältern
1411 1900 1472 1960 und
1500 1903 1616 1963 neuern
1650 1903 1849 1963 Geschichte,
1866 1903 1932 1963 2ter
1955 1903 2071 1963 Theil,
2088 1906 2143 1966 von
2177 1908 2220 1968 J.
2238 1913 2243 1973 C

1256 1946 1413 2006 „Fäßi,
1444 1950 1504 2010 D.
1522 1954 1577 2014 G.
1596 1954 1655 2014 W.
1699 1954 1717 2014 1
1748 1954 1893 2014 Alphab.
1918 1951 1929 2011 8
1960 1954 2105 2014 Bogen,
2131 1957 2245 2017 1764.

1251 1998 1372 2058 Dieser
1415 2000 1520 2060 Theil
1558 2002 1611 2062 des
1654 2002 1875 2062 vortreflichen
1924 2002 2267 2062 Geschichtschreibers

1247 2048 1341 2108 Hrn.
1369 2049 1480 2109 Fäßi
1508 2051 1641 2111 enthält
1670 2049 1719 2109 die
1748 2049 1936 2109 Geschichte
1965 2046 2014 2106 des
2054 2051 2142 2111 "M.
2165 2055 2270 2115 Aur.

1274 2097 1505 2157 'Antonius
1542 2095 1552 2155 -
1614 2098 1665 2158 des
1697 2097 1907 2157 Königlichen
1939 2094 2067 2154 Hauses
2094 2095 2150 2155 von
2181 2102 2279 2162 Bur¬

1275 2145 1392 2205 gund,
1423 2149 1481 2209 und
1511 2149 1564 2209 des
1594 2145 1812 2205 Königreichs
1836 2143 1965 2203 Persien
1995 2144 2042 2204 bis
2079 2148 2148 2208 aufs
2173 2150 2266 2210 Jahr

1263 2199 1422 2259 "1747.”

1475 2195 1565 2255 Man
1599 2194 1667 2254 muß
1695 2195 1743 2255 die
1765 2193 1957 2253 unendliche
1979 2196 2209 2256 Genauigkeit
2225 2199 2278 2259 be¬

1251 2245 1438 2305 wundern,
1470 2246 1537 2306 mit
1564 2242 1698 2302 welcher
1730 2242 1755 2302 er
1787 2243 1834 2303 die
1866 2243 2052 2303 Geschichte
2084 2249 2276 2309 bearbeitet,

1251 2296 1330 2356 die,
1352 2296 1527 2356 besonders
1554 2291 1580 2351 in
1613 2291 1665 2351 den
1703 2294 1830 2354 ältesten
1862 2294 1963 2354 Zeiten
2006 2294 2064 2354 mit
2096 2296 2122 2356 so
2149 2299 2249 2359 vielem

1256 2394 1337 2454 seine
1359 2392 1569 2452 Nachrichten
1603 2390 1656 2450 vom
1694 2393 1819 2453 Kayser
1852 2396 2073 2456 Antonin!
2111 2399 2181 2459 Und
2209 2405 2267 2465 wie

1254 2444 1318 2504 sehr
1345 2440 1426 2500 irren
1459 2437 1631 2497 diejenigen
1664 2446 1911 2506 Schmeichler,
1934 2446 2073 2506 Dichter
2096 2449 2154 2509 und
2182 2452 2273 2512 Red¬

1251 2493 1335 2553 ner,
1368 2491 1415 2551 die
1443 2489 1468 2549 so
1495 2491 1659 2551 freygebig
1693 2496 1782 2556 unsre
1804 2497 1936 2557 Fürsten
1974 2495 2032 2555 mit
2059 2497 2154 2557 diesem
2202 2500 2276 2560 gro¬

1254 2542 1308 2602 ßen
1335 2539 1448 2599 Geiste
1470 2541 1692 2601 vergleichen;
1719 2545 1751 2605 da
1779 2548 1848 2608 jene
1870 2546 1951 2606 nicht
1974 2545 2097 2605 einmal
2119 2548 2167 2608 die
2189 2549 2270 2609 Feh¬

1251 2587 1292 2647 ler
1318 2587 1370 2647 des
1396 2587 1515 2647 letztern
1547 2590 1572 2650 im
1614 2593 1722 2653 Guten
1754 2596 1785 2656 an
1817 2596 1868 2656 sich
1895 2596 2013 2656 haben.
2066 2596 2164 2656 Denn
2196 2599 2273 2659 An¬

1246 2638 1370 2698 tonin
1412 2639 1499 2699 hatte
1536 2641 1644 2701 weiter
1681 2646 1784 2706 keinen
1826 2645 1965 2705 Fehler,
2002 2643 2053 2703 als
2090 2646 2157 2706 eine
2188 2647 2250 2707 aus

1255 2685 1457 2745 schweifende
1481 2690 1678 2750 Gütigkeit,
1707 2694 1961 2754 Freygebigkeit
1985 2691 2075 2751 gegen
2115 2695 2160 2755 die
2183 2695 2272 2755 Phi¬

1247 2737 1396 2797 losophen
1430 2738 1524 2798 seiner
1547 2743 1641 2803 Zeit,
1664 2745 1725 2805 und
1753 2744 1864 2804 zuviel
1881 2742 2058 2802 Nachsicht
2087 2745 2181 2805 gegen
2215 2750 2264 2810 die

1251 2787 1399 2847 Bulerey
1426 2790 1478 2850 der
1505 2793 1738 2853 Faustina,
1765 2793 1865 2853 seiner
1887 2790 2077 2850 Gemalin,
2099 2796 2161 2856 mit
2183 2800 2273 2860 Ver¬

1243 2838 1397 2898 meidung
1424 2841 1504 2901 aller
1531 2845 1834 2905 durchlauchtigster
1861 2841 2052 2901 Miserien,
2085 2849 2265 2909 Schwach=

1247 2888 1349 2948 heiten
1382 2889 1441 2949 und
1464 2893 1582 2953 Laster.
1610 2897 1620 2957 —
1691 2894 1750 2954 Da
1783 2894 1864 2954 viele
1892 2894 1983 2954 Leute
2011 2895 2059 2955 oft
2087 2900 2129 2960 ein
2168 2900 2254 2960 gutes

2152 2951 2254 3011 Buch
