2479 3508
244 339 1284 407 damit ich die Direktion nach Norden desto richtiger
248 393 1280 445 ausfindig machen kann. Daß ich bey den Curen ein
248 434 1286 495 magnetisches Stück Stahl, welches 6 Zoll lang, und
242 491 1286 555 2 Linien breit, um desto besser an die hintersten Zäh¬
246 541 1288 590 ne zu kommen gebrauche, habe ich beyläufig mit an¬
255 590 1290 646 führen wollen. Künftig werde ich auch die magne¬
252 645 1284 699 tische Kraft bey Gliederschmerzen und Gichtflüssen
251 693 1288 745 prüfen, um zu sehen, ob solche bey diesen Arten von
247 750 1288 809 Schmerzen eben dergleichen oder gar keine Wir¬
252 789 495 857 kung zeiget.
485 852 1044 915 London, den 18. März.
312 905 1286 974 Die Gemeinden haben dem Hrn. Harrison, für
248 953 1283 1013 die von demselben erfundene Uhre, welche die Mee¬
257 1006 1283 1063 reslänge bis auf ungefähr 10 geographische Meilen
257 1060 1279 1119 bestimmet, die Anweisung zum Empfange der Hälfte
255 1112 1280 1166 der Belohnung von 20000 Pf. Sterl. nach Abzug
255 1158 1287 1216 der 2500 Pf. Sterl. die derselbe bereits gehoben
257 1204 1290 1264 hat, ertheilet; und die andern 10000 Pf. Sterl. sol¬
257 1257 1283 1321 len ihm bezahlet werden, so bald man solche nach dem
264 1308 1290 1362 Muster von desselben bemeldeter Uhre verfertigte an¬
257 1365 1283 1424 derwärtige Uhren, welche die Länge auf 30 geogra¬
255 1413 1283 1473 phische Meilen, etwas mehr als minder, bestimmen
255 1462 814 1516 könten, probirt haben wird.
318 1503 1283 1560 Besagtes Haus hat auch den Erben des Professors
257 1557 1283 1620 Euler zu Berlin eine Belohnung von 300 Pf. Sterl.
256 1604 1290 1669 imgleichen den Erben des Göttingischen Professors
264 1655 1283 1704 Mayer eine Belohnung von 3000 Pf. Sterl. ange=
264 1700 1286 1756 wiesen, weil die von bemeldeten gelehrten Männern
264 1747 1290 1799 verfertigte Monds=Tabellen bey der Entdeckung der
261 1790 1294 1849 Meereslänge einen sehr großen Nutzen bewiesen ha¬
263 1841 1290 1904 ben. Ueber dieses hat das Haus eine neue Beloh¬
264 1898 1279 1964 nung von 5000 Pf. Sterl. für diejenigen ausgesetzt
261 1947 1288 2007 welche nützliche Entdeckungen für die Schiffahrt ge¬
264 2005 1292 2074 macht haben, oder erst machen werden; und es ist
264 2050 1245 2138 befohlen worden, deshalb eine Bill einzubringen.
494 2114 1067 2181 Florenz, vom 16. März.
315 2170 1297 2232 In dem hiesigen Hospital von St. Maria Nouva
266 2222 1299 2278 befindet sich ein sonderbarer Patient, welcher weder
269 2274 1296 2336 ißt, noch trinkt, noch sich bewegt, sondern bestän¬
270 2319 1297 2386 dig schläft, und nun schon einige Wochen blos von
266 2372 1288 2435 den nahrhaften Clystieren, die ihm beygebracht wer¬
269 2419 485 2492 den, lebet.
494 2453 1071 2534 Warschau, den 4. April.
321 2526 1296 2582 Vorgestern geruheten Sr. Königl. Majestät das
270 2575 1296 2626 Mittagsmahl bey der verwittweten Gräfin Mniszeck,
266 2625 1305 2687 Gemalin des verstorbenen Kammerherrn einzuueh¬
266 2670 1295 2729 men. Allerhöchstdieselben passiren öfters die Revüe
265 2716 1305 2781 Dero neu an geworbenen Regimentes, und haben zu
266 2778 1295 2829 mehrerer Comodität Dero Wohnung in hiesigem
273 2822 1297 2880 Schloß eine Officin an der Seite der Weichsel zu
265 2864 1305 2948 bauen anbefohlen. Gestern haben Sr. Majestät
1318 346 2350 408 nebst Dero ganzen Hofstaat die Trauer bis zu bevor¬
1318 395 2345 460 stehendem Osterfeste angeleget. Auf Königl. Befehl
1318 452 2350 507 hat die Krongroßkanzley die Regeln von den St.
1317 498 2345 549 Stanislaiorden zu entwerfen angefangen. Hiesige
1317 547 2343 612 Goldschmiede sind anch sehr emsig mit Verfertigung
1314 601 2337 660 der Ordenskreuze beschäftiget, man weiß aber bis
1318 641 2345 710 dato noch nicht, an was für Herren solche sollen ver¬
1322 697 2349 758 theilet werden. Dieses aber ist gewiß, daß ein je¬
1318 746 2345 802 der antretender Cavalier bey Empfang des Ordens
1326 793 2340 859 schuldig seyn soll 25 Ducaten zu erlegen, und alle
1317 852 2352 907 Jahr ans hiesige Hospital zum Kindlein Jesu 4 Du=
1321 898 2348 959 caten zu contribuiren. Das Ceremoniel bey Ueber¬
1321 950 2343 1002 gebung des Ordens soll auch besonders seyn, indem
1327 996 2346 1058 ein jeder Cavalier den Eid der Treue, so wie die
1326 1039 2346 1109 Maltheserritter abzulegen verbunden seyn soll; wo¬
1318 1092 2340 1156 bey auch ein jeder von Ihro Maj. zum Ritter wird
1320 1138 1698 1199 geschlagen werden.
1742 1139 2346 1205 Um die Siradische Woywod¬
1326 1192 2352 1258 schaft nach Absterben des Tabsky haben sich bey Ho=
1336 1236 2352 1292 fe viele gemeldet; es ist aber die Vacanz auf eine
1327 1291 2349 1352 weitere Zeit verschoben; sonsten ist auch hier die Nach=
1323 1346 2345 1408 richt eingegangen, daß der Graf Binski Starost von
1327 1387 2354 1442 Leho, und der Hr. von Golz Starost von Croncz To¬
1673 1443 2354 1508 Nach letztern haben Sr. Majestät
1327 1435 1635 1507 des verblichen.
1323 1486 2343 1556 die vacante Starostey Croncz dem Hrn. Kossowski,
1321 1537 2353 1598 Kronsecretair und Generallieutnant der Kronarmee
1330 1592 2353 1655 zu ertheilen geruhet. Morgen reisen Sr. Excellenz
1323 1643 2356 1694 der Hr. Bischof von Cujavien nebst dem Hrn. Kron=
1330 1689 2352 1738 unterkanzler nach Czernewitz ab; um daselbst die
1331 1728 2354 1791 Feyertage zu celebriren, nach welchem sie Vorhabens
1335 1776 2358 1836 sind, sich ohne Verzug nach dero Bischofthum, und
1329 1833 2349 1898 von dannen nach Thorn zu begeben, um daselbst die
1323 1873 2356 1942 Huldigung zu empfangen. Es ist auch in der vo=
1331 1925 2358 1985 rigen Woche die Fürstin Lubomirska Woywodin von
1332 1981 2361 2040 Lublin nach Opole von hier abgereiset. Vor 8 Ta¬
1323 2037 2362 2086 ge wurde anhero aus dem Dominicanerkloster zu
1331 2088 2365 2145 Potkamienz das dem Fürsten Radziwill, gewesenen
1323 2136 2358 2196 Woywoden zu Wilda zugehörige Archiv, in 2 großen
1327 2176 2354 2244 Kasten anhero gebracht, und also gleich in hiesigem
1330 2218 1654 2300 Grod presentirt.
1335 2386 2352 2471 Wechsel-Cours & Species d. 18. April. 1765.
1322 2458 1856 2547 Amsterdam 41 Tage 306 gr.
1944 2467 2287 2552 71 Tage 304½ gr.
1335 2513 1798 2599 Hamburg 3 W. 1323gr.
1929 2525 2197 2588 6 W. 132gr.
1330 2564 1550 2630 Berlin pari
1820 2562 2257 2639 Dantzig 254/ pr. Cto.
1329 2616 1767 2682 Ducaten neue 9 fl. 4 gr.
1908 2622 2305 2692 Alberts Taler 128 gr.
1329 2661 1616 2735 Rubel 113 gr.
1791 2666 2334 2742 Alt Polnisch Geld 12 pr. Cto.
1330 2785 2358 2856 Diese Gelehrte und Politische Zeitung wird des Montags
1369 2844 2330 2895 und des Freytags Vormittags um 10 Uhr in dem
1509 2883 2181 2956 Kanterschen Buchladen ausgegeben.
