2479 3508
259 325 556 385 Sprachgebrauch
594 323 737 383 zuwider
764 324 918 384 laufende
956 324 1184 384 Erklärungen
1221 323 1269 383 des

266 376 430 436 biblischen
457 372 554 432 Texts
580 373 636 433 fast
657 374 713 434 auf
735 374 811 434 allen
838 374 950 434 Seiten
982 374 1033 434 der
1049 374 1270 434 Uebersetzung

258 425 339 485 lesen
373 425 471 485 wird.
548 422 607 482 Ein
641 424 717 484 paar
739 425 876 485 Proben
914 425 1023 485 wollen
1057 424 1116 484 wir
1144 422 1274 482 indessen

265 473 335 533 doch
359 472 555 532 anmerken.
608 470 684 530 Die
703 476 910 536 Versuchung
940 476 1069 536 Christi
1094 476 1229 536 Matth.
1248 477 1288 537 4.

258 523 380 583 erklärt
397 521 428 581 er
450 521 503 581 vor
536 523 604 583 eine
626 524 861 584 phantastische
889 524 1128 584 Vorstellung,
1150 524 1187 584 da
1220 524 1272 584 sich

271 572 419 632 Ehristus
453 572 547 632 selbst
569 572 696 632 gewisse
724 577 934 637 versuchende
957 575 1078 635 Fragen
1112 575 1277 635 vorgelegt

267 623 343 683 hat,
371 622 409 682 um
453 622 501 682 sich
529 622 616 682 selbst
638 623 664 683 zu
692 624 834 684 prüfen,
862 622 921 682 wie
949 623 981 683 er
1015 623 1112 683 dabey
1140 622 1286 682 gesinnet

262 673 330 733 sey.
374 673 479 733 Denn
507 673 597 733 unser
630 673 719 733 weise
741 673 906 733 Verfasser
934 673 1051 733 glaubt
1073 673 1173 733 keinen
1200 673 1285 733 Teu¬

265 724 331 784 sel,
360 724 420 784 und
443 724 515 784 hält
538 723 582 783 die
605 721 699 781 Lehre
722 722 777 782 von
811 721 894 781 böͤsen
928 723 1072 783 Geistern
1112 724 1161 784 für
1184 724 1273 784 einen

269 774 338 834 bloß
371 772 527 832 jüdischen
555 772 744 832 Irrthum,
782 772 862 832 (fast
885 772 1008 832 kommt
1031 773 1089 833 uns
1128 772 1176 832 der
1198 772 1284 832 Ver¬

265 822 354 882 fasser
387 821 488 881 hierin
526 819 552 879 so
584 819 664 879 vor,
702 820 765 880 wie
792 819 882 879 jener
909 819 1010 879 junge
1037 822 1213 882 Hofmann
1250 819 1276 879 in

266 870 473 930 Rabners
505 870 723 930 Briefen,
750 870 803 930 der
830 870 957 930 vorerst
985 870 1042 930 nur
1075 870 1127 930 den
1165 867 1287 927 Teufel

266 921 406 981 läugnen
437 915 573 975 wollte,
604 919 684 979 weil
710 918 740 978 er
771 918 932 978 nachhero
968 921 1028 981 mit
1055 920 1110 980 den
1140 918 1276 978 übrigen

268 969 596 1029 Religionspunkten
623 969 702 1029 desto
734 969 945 1029 geschwinder
978 969 1072 1029 herum
1121 970 1152 1030 zu
1189 966 1295 1026 sprin¬

271 1022 325 1082 gen
353 1019 474 1079 hofte.)
530 1018 630 1078 Allein
664 1016 718 1076 wie
747 1019 857 1079 absurd
890 1018 1001 1078 mußte
1035 1016 1084 1076 der
1112 1016 1283 1076 Verfasser

263 1068 311 1128 bey
338 1070 433 1130 dieser
455 1069 717 1129 Voraussetzung
744 1070 877 1130 hernach
910 1066 957 1126 die
974 1064 1096 1124 Worte
1113 1066 1283 1126 erklären:

266 1111 395 1171 „Wenn
432 1116 463 1176 du
500 1118 744 1178 niederfällest,
781 1117 843 1177 und
880 1115 957 1175 mich
989 1114 1129 1174 anbetest

266 1166 303 1226 ist
325 1165 483 1225 natuͤrlich
505 1165 574 1225 nach
606 1163 706 1223 seinem
749 1160 919 1220 System,
952 1162 1004 1222 daß
1042 1162 1195 1222 Christus
1228 1157 1275 1217 sich

265 1213 403 1273 alsdann
433 1210 521 1270 selbst
541 1207 624 1267 habe
650 1209 782 1269 anbeten
822 1210 964 1270 wollen,
990 1207 1063 1267 oder
1093 1209 1142 1269 die
1162 1205 1284 1265 Versu¬

261 1263 357 1323 chung
388 1261 458 1321 dazu
489 1256 718 1316 empfunden,
744 1258 820 1318 weil
841 1255 871 1315 er
897 1258 942 1318 die
963 1258 1136 1318 Foderung
1167 1256 1192 1316 in
1228 1254 1278 1314 der

271 1310 474 1370 Einbildung
503 1309 552 1369 sich
580 1309 668 1369 selbst
686 1309 845 1369 vorlegte.
912 1309 990 1369 Der
1018 1309 1183 1369 Verfasser
1217 1306 1288 1366 ver¬

267 1374 354 1434 dient
376 1372 457 1432 nicht
490 1372 615 1432 einmal
643 1372 691 1432 die
713 1372 942 1432 Belehrung,
964 1372 1024 1432 daß
1057 1369 1247 1429 7e

270 1425 346 1485 schon
373 1424 411 1484 um
450 1422 504 1482 des
531 1424 717 1484 Ursprungs
750 1425 798 1485 des
826 1422 940 1482 Worts
967 1422 1070 1482 willen
1098 1419 1163 1479 zwo
1191 1421 1283 1481 Sub¬

265 1475 342 1535 jekte
363 1473 513 1533 fordere,
540 1476 601 1536 und
634 1476 757 1536 immer
789 1474 856 1534 eine
888 1473 1178 1533 gottesdienstliche
1200 1470 1287 1530 Ver¬

262 1525 388 1585 ehrung
428 1524 637 1584 einschließe,
665 1527 714 1587 die
743 1527 914 1587 Niemand
953 1523 1002 1583 sich
1042 1522 1135 1582 selbst
1169 1518 1268 1578 leisten

266 1575 364 1635 kann.
416 1575 493 1635 Bey
520 1575 529 1635 2
562 1574 644 1634 Cor.
660 1576 695 1636 5,
707 1575 768 1635 19.
785 1576 857 1636 muß
883 1575 955 1635 man
982 1571 1168 1631 erstaunen,
1190 1566 1272 1626 wenn

266 1630 320 1690 der
351 1628 523 1688 Verfasser
559 1628 714 1688 „αα
877 1628 967 1688 durch
1013 1625 1270 1685 vereinigen

266 1676 440 1736 übersetzt;
467 1674 530 1734 und
557 1672 604 1732 die
620 1673 826 1733 Süͤhnopfer
848 1674 873 1734 im
911 1676 995 1736 Alten
1022 1673 1206 1733 Testament
1228 1670 1275 1730 für

266 1724 446 1784 alberne
477 1719 708 1779 Erfindungen
745 1721 796 1781 der
822 1721 930 1781 Juden
961 1721 1053 1781 hält;
1085 1721 1120 1781 da
1157 1719 1182 1779 er
1208 1717 1275 1777 doch

267 1772 369 1832 wissen
407 1772 521 1832 sollte,
549 1771 602 1831 daß
635 1769 722 1829 nicht
750 1770 798 1830 die
826 1770 977 1830 Juden,
1010 1769 1140 1829 sondern
1179 1767 1286 1827 GOtt

268 1825 356 1885 selbst
373 1822 412 1882 sie
435 1819 601 1879 eingesetzt
619 1819 718 1879 hatte.
769 1819 913 1879 Freylich
947 1822 1014 1882 aber
1037 1821 1108 1881 muß
1137 1819 1203 1879 man
1237 1818 1287 1878 sei¬

260 1876 304 1936 ne
326 1873 476 1933 Zuflucht
499 1872 570 1932 dazu
598 1870 764 1930 nehmen,
792 1870 892 1930 etwas
920 1870 969 1930 füͤr
992 1873 1097 1933 albern
1131 1873 1158 1933 zu
1186 1870 1285 1930 erklä¬

259 1924 343 1984 ren,
371 1926 502 1986 welches
529 1921 566 1981 ein
598 1920 682 1980 Bild
709 1921 767 1981 ist,
794 1924 878 1984 wozu
911 1924 984 1984 man
1016 1924 1175 1984 durchaus
1207 1921 1270 1981 kein

258 1975 445 2035 Gegenbild
483 1975 713 2035 annehmen,
752 1975 815 2035 und
853 1977 954 2037 gelten
998 1975 1088 2035 laßen
1132 1972 1201 2032 will

260 2025 348 2085 Was
382 2025 431 2085 der
460 2026 626 2086 Verfasser
660 2025 714 2085 aus
754 2024 803 2084 der
832 2028 1064 2088 Offenbarung
1092 2025 1269 2085 Johannis

260 2076 404 2136 gemacht
438 2076 521 2136 hat,
550 2076 672 2136 können
712 2076 822 2136 Leser,
856 2076 906 2136 die
940 2077 1039 2137 seinen
1085 2076 1279 2136 Lehrbegrif

261 2124 395 2184 kennen,
412 2126 463 2186 sich
489 2124 577 2184 leicht
599 2124 786 2184 vorstellen.
833 2124 936 2184 Denn
969 2125 1020 2185 bey
1047 2124 1140 2184 diesem
1182 2121 1269 2181 Buch

261 2169 330 2229 Hört
352 2174 410 2234 alle
432 2172 655 2232 socinianische
677 2172 942 2232 Gelehrsamkeit
959 2174 1033 2234 auf,
1055 2172 1081 2232 es
1108 2169 1150 2229 sey
1177 2169 1278 2229 denn,

270 2221 315 2281 daß
351 2220 416 2280 man
447 2220 508 2280 es,
534 2217 594 2277 wie
620 2217 665 2277 der
691 2220 858 2280 Verfasser
879 2220 974 2280 thut,
1000 2219 1056 2279 für
1087 2217 1152 2277 eine
1183 2217 1279 2277 bloße

271 2268 387 2328 Poesie
421 2267 514 2327 hält.
566 2264 648 2324 Wir
682 2264 782 2324 hoffen
822 2267 916 2327 durch
955 2264 1021 2324 dies
1056 2264 1200 2324 Wenige
1234 2264 1283 2324 die

265 2318 520 2378 Ueberzeugung
542 2315 573 2375 zu
601 2314 818 2374 verschaffen,
846 2315 903 2375 wie
925 2315 1031 2375 wenig
1053 2315 1122 2375 man
1154 2312 1201 2372 sich
1229 2312 1281 2372 für

264 2372 360 2432 dieser
383 2369 480 2429 neuen
508 2366 741 2426 Uebersetzung
775 2363 801 2423 zu
840 2366 980 2426 fürchten
1014 2366 1122 2426 habe;
1150 2362 1182 2422 ob
1220 2362 1279 2422 wir

259 2423 354 2483 gleich
392 2420 529 2480 deshalb
568 2417 657 2477 nicht
684 2414 876 2474 unterlaßen
919 2415 1062 2475 mögen,
1094 2417 1152 2477 alle
1185 2414 1285 2474 recht¬

262 2470 394 2530 schaffne
422 2467 725 2527 Gottesgelehrte,
763 2463 815 2523 die
842 2461 895 2521 bey
928 2464 1044 2524 Brodt
1077 2464 1135 2524 und
1168 2463 1284 2523 Sold,

258 2519 308 2579 bey
336 2519 397 2579 Eid
426 2521 481 2581 und
510 2517 706 2577 Gewissen,
740 2513 795 2573 auf
813 2514 862 2574 die
886 2515 1104 2575 evangelische
1127 2515 1221 2575 Lehre
1244 2512 1272 2572 zu

267 2569 415 2629 wachen,
437 2569 722 2629 Verbindlichkeit
744 2563 870 2623 haben,
892 2563 923 2623 zu
961 2566 1172 2626 ermuntern,
1200 2563 1278 2623 diese

262 2617 490 2677 Uebersetzung
518 2620 613 2680 genau
645 2617 907 2677 durchzugehen,
934 2614 992 2674 und
1024 2614 1072 2674 den
1099 2614 1269 2674 schwachen

264 2663 366 2723 Theil
389 2664 441 2724 der
464 2664 549 2724 Leser
573 2670 710 2730 gehörig
739 2667 767 2727 zu
802 2664 956 2724 stärken,
980 2664 1036 2724 daß
1071 2666 1099 2726 er
1129 2664 1180 2724 sich
1215 2664 1271 2724 von

259 2714 360 2774 diesem
408 2712 631 2772 Taumelkelch
653 2717 737 2777 nicht
759 2716 950 2776 einnehmen
978 2715 1067 2775 laße.
1116 2712 1200 2772 Wer
1222 2712 1269 2772 bey

265 2767 381 2827 solchen
410 2761 607 2821 dringenden
637 2766 781 2826 Anläßen
811 2768 880 2828 noch
915 2766 1031 2826 schläft
1055 2766 1118 2826 und
1148 2763 1280 2823 schlum=

266 2817 374 2877 mert,
399 2813 470 2873 oder
495 2811 550 2871 gar
574 2811 664 2871 ruft:
701 2812 749 2872 Es
781 2817 816 2877 ist
835 2818 973 2878 Friede!
1010 2817 1064 2877 den
1095 2817 1264 2877 überlaßen

261 2867 324 2927 wir
348 2864 445 2924 seiner
475 2861 584 2921 eignen
620 2861 805 2921 sinnreichen
834 2870 1054 2930 Sicherheit;
1089 2867 1193 2927 hoffen
1228 2863 1274 2923 in¬

1318 326 1415 386 dessen
1443 327 1518 387 aber
1541 330 1638 390 doch,
1660 327 1719 387 daß
1747 329 1795 389 der
1817 330 2012 390 Verfasser,
2040 329 2072 389 ob
2099 328 2126 388 er
2148 327 2240 387 gleich
2267 330 2337 390 vor¬

1315 377 1406 437 gibt,
1434 376 1461 436 er
1489 377 1564 437 habe
1597 377 1737 437 zwanzig
1765 380 1879 440 Jahre
1906 378 1938 438 an
1976 377 2074 437 dieser
2096 377 2323 437 Uebersetzung

1315 425 1511 485 gearbeitet,
1538 425 1628 485 nebst
1649 425 1724 485 ihr,
1751 427 1776 487 in
1814 428 1882 488 noch
1915 428 2000 488 nicht
2027 428 2170 488 zwanzig
2202 428 2329 488 folgen=

1318 476 1364 536 den
1396 479 1525 539 Jahren
1562 472 1659 532 völlig
1691 473 1882 533 vergessen,
1909 477 1970 537 und
2002 476 2224 536 verabscheuet
2256 476 2323 536 seyn

1319 528 1394 588 soll;
1427 527 1507 587 ohne
1525 527 1578 587 daß
1606 524 1632 584 er
1660 524 1713 584 das
1742 521 1811 581 süße
1834 525 2028 585 Vergnüͤgen
2056 530 2218 590 schmecken
2246 528 2337 588 darf,

1319 575 1379 635 eine
1408 578 1435 638 zu
1463 575 1585 635 heftige
1608 573 1707 633 Galle
1730 572 1752 632 in
1786 572 1835 632 dem
1875 574 2007 634 Geblüt
2025 578 2174 638 mäßiger
2191 578 2330 638 Theolo¬

1321 629 1371 689 gen
1406 625 1461 685 und
1490 625 1637 685 Christen
1661 622 1694 682 zu
1723 619 1870 679 erregen.
1916 619 1977 679 Ein
2012 625 2084 685 solch
2108 628 2339 688 Wespennest,

1316 673 1378 733 wie
1401 676 1457 736 das
1481 676 1622 736 seinige,
1646 673 1674 733 zu
1703 668 1890 728 zerstören,
1925 670 1998 730 dazu
2033 673 2163 733 braucht
2181 678 2249 738 man
2283 679 2339 739 au¬

1313 726 1366 786 ßer
1391 724 1437 784 dem
1480 724 1651 784 Gebrauch
1682 721 1765 781 einer
1795 718 1949 778 gesunden
1979 724 2240 784 Hermenevtik,
2265 729 2329 789 nur

1319 772 1386 832 noch
1415 769 1483 829 eine
1507 772 1591 832 Unze
1614 771 1745 831 Geduld
1774 767 1830 827 und
1860 768 1944 828 Zeit,
1984 770 2069 830 nebst
2093 772 2143 832 der
2166 775 2325 835 Hofnung

1318 819 1400 879 einer
1427 819 1692 879 Einsichtsvollen
1724 816 1921 876 Nachwelt,
1952 818 2030 878 die,
2057 819 2082 879 so
2114 822 2264 882 verderbt
2291 824 2327 884 sie

1325 867 1393 927 auch
1423 865 1540 925 werden
1570 867 1663 927 mag,
1683 865 1746 925 doch
1776 864 1825 924 nie
1851 867 1997 927 verderbt
2017 870 2115 930 genug
2145 872 2208 932 seyn
2238 873 2335 933 wird,

1321 917 1352 977 um
1395 913 1581 973 Wahrheit
1597 912 1655 972 von
1688 915 1809 975 Lügen,
1837 918 2048 978 schimpfende
2075 921 2255 981 Grobheit
2272 923 2330 983 auf

1322 966 1373 1026 die
1399 960 1625 1020 Orthodoxie,
1658 963 1719 1023 und
1755 966 1848 1026 eigne
1879 969 2096 1029 individuelle
2132 975 2338 1035 Eingenom¬

1327 1011 1468 1071 menheit
1491 1010 1544 1070 von
1577 1013 1805 1073 allgemeinern
1834 1018 2067 1078 Lehrbegriffen
2094 1022 2121 1082 zu
2149 1022 2338 1082 unterschei¬

1318 1061 1399 1121 den.
1475 1059 1589 1119 Kostet
1611 1061 1632 1121 in
1666 1064 1719 1124 der
1747 1067 1953 1127 Kanterschen
1986 1073 2252 1133 Buchhandlung
2285 1073 2338 1133 all¬

1321 1112 1416 1172 hier,
1440 1109 1499 1169 wie
1529 1112 1594 1172 auch
1624 1114 1647 1174 in
1678 1115 1796 1175 Elbing
1826 1119 1885 1179 und
1909 1121 2021 1181 Mitau
2052 1124 2063 1184 2
2093 1125 2128 1185 fl.
2147 1127 2158 1187 9
2188 1125 2241 1185 gr.

1557 1211 1714 1271 Büzow
1772 1213 1831 1273 und
1872 1214 2093 1274 Wismar.

1379 1282 1599 1342 "Anweisung
1622 1285 1678 1345 zur
1700 1285 1905 1345 Erkänntniß
1945 1285 1999 1345 sein
2033 1288 2149 1348 selbst,
2172 1291 2244 1351 nach
2283 1291 2332 1351 des

1343 1339 1541 1399 natürlichen
1569 1336 1834 1396 Beschaffenheit
1857 1339 1950 1399 seiner
1978 1339 2094 1399 Seele,
2122 1339 2177 1399 von
2205 1341 2260 1401 D.
2277 1343 2332 1403 N.

1339 1392 1632 1452 Schönfeldt,
1662 1390 1788 1450 Pastor
1817 1390 1846 1450 zu
1882 1390 2013 1450 Bergen
2055 1390 2083 1450 in
2124 1390 2331 1450 Norwegen.

1353 1438 1380 1498 30
1415 1440 1527 1500 Bogen
1556 1440 1578 1500 in
1608 1439 1692 1499 8vo,
1715 1440 1827 1500 1764.
1908 1437 1986 1497 Der
2009 1440 2082 1500 gute
2100 1442 2184 1502 Herr
2208 1440 2326 1500 Pastor

1321 1489 1428 1549 meynt
1450 1488 1480 1548 es
1506 1487 1635 1547 herzlich
1661 1488 1717 1548 gut
1738 1488 1800 1548 und
1826 1488 1964 1548 ehrlich,
1991 1488 2047 1548 daß
2073 1491 2098 1551 er
2125 1491 2186 1551 dies
2218 1491 2330 1551 Haus¬

1321 1536 1376 1596 und
1412 1536 1681 1596 Sittenbüchlein
1722 1536 1960 1596 herausgiebt.
2032 1538 2118 1598 Man
2159 1542 2230 1602 muß
2271 1542 2341 1602 nie¬

1323 1584 1401 1644 mals
1426 1581 1520 1641 mehr
1545 1581 1598 1641 von
1634 1581 1717 1641 einem
1762 1584 2003 1644 Schriftsteller
2033 1587 2190 1647 fordern,
2216 1589 2265 1649 als
2300 1589 2329 1649 er

1321 1630 1424 1690 leisten
1459 1628 1566 1688 kann,
1591 1628 1655 1688 und
1685 1625 1787 1685 leisten
1822 1628 1910 1688 will.
1965 1631 2092 1691 Daher
2122 1631 2234 1691 wollen
2269 1633 2333 1693 wir

1322 1676 1368 1736 den
1400 1676 1487 1736 Hrn.
1514 1673 1794 1733 S==diesmal
1821 1676 1903 1736 ohne
1936 1676 2023 1736 einen
2060 1679 2330 1739 Staupenschlag

1326 1722 1378 1782 der
1411 1724 1658 1784 gutgemeynten
1695 1724 1806 1784 Kritik
1844 1724 1901 1784 von
1939 1727 2001 1787 uns
2039 1727 2160 1787 laßen;
2192 1733 2323 1793 zugleich

1323 1775 1397 1835 aber
1419 1774 1487 1834 auch
1524 1775 1635 1835 unsren
1662 1775 1761 1835 Lesern
1794 1775 1978 1835 anzeigen,
2011 1777 2068 1837 daß
2100 1780 2137 1840 sie
2164 1781 2232 1841 hier
2264 1783 2338 1843 um¬

1322 1825 1402 1885 sonst
1426 1824 1489 1884 eine
1507 1825 1616 1885 feine,
1640 1825 1813 1885 sinnreiche
1837 1827 1894 1887 und
1918 1828 2149 1888 philosophisch
2173 1832 2334 1892 angeneh¬

1324 1874 1372 1934 me
1394 1876 1475 1936 Art,
1503 1876 1556 1936 das
1584 1876 1670 1936 Herz
1692 1877 1806 1937 kennen
1844 1879 1876 1939 zu
1910 1882 2017 1942 lernen
2050 1882 2153 1942 suchen
2191 1882 2337 1942 werden.

1321 1927 1392 1987 Das
1420 1928 1548 1988 Glück,
1576 1930 1620 1990 ein
1654 1930 1771 1990 Maler
1793 1930 1843 1990 der
1865 1930 1971 1990 Seele
1994 1933 2048 1993 aus
2077 1933 2332 1993 Erfahrungen,

1321 1978 1528 2038 Kenntnissen
1555 1978 1608 2038 der
1630 1978 1725 2038 Welt
1747 1981 1805 2041 und
1832 1981 2039 2041 Menschen,
2071 1981 2134 2041 aus
2162 1984 2337 2044 Begeben¬

1318 2031 1413 2091 heiten
1449 2028 1503 2088 und
1534 2028 1645 2088 innrer
1671 2025 1812 2085 Einsicht
1833 2026 1858 2086 in
1888 2025 1938 2085 die
1954 2028 2100 2088 geheime
2121 2031 2327 2091 Triebfedern

1318 2078 1392 2138 aller
1424 2076 1647 2136 Handlungen
1690 2073 1721 2133 zu
1764 2073 1860 2133 seyn,
1892 2073 2014 2133 scheint
2046 2076 2130 2136 nicht
2158 2079 2210 2139 für
2243 2080 2338 2140 Hrn,

1321 2124 1412 2184 Se=
1435 2121 1641 2181 aufgehoben
1668 2118 1695 2178 zu
1728 2118 1814 2178 seyn.
1852 2121 1923 2181 Die
1940 2121 2080 2181 Grazien
2113 2124 2161 2184 der
2178 2127 2334 2187 Schreib¬

1312 2171 1393 2231 art,
1415 2172 1485 2232 jene
1518 2169 1593 2229 süße
1626 2168 1794 2228 Gemälde
1827 2167 1854 2227 in
1898 2172 2125 2232 Charaktern,
2158 2176 2331 2236 vermischt

1318 2220 1377 2280 mit
1400 2217 1491 2277 Salz
1514 2217 1562 2277 der
1585 2217 1747 2277 Satyre,
1770 2220 1834 2280 und
1862 2223 1926 2283 jene
1955 2223 2041 2283 eigne
2063 2226 2150 2286 freye
2172 2226 2340 2286 Beherzi¬

1321 2266 1447 2326 gungen
1491 2264 1596 2324 eigner
1628 2269 1898 2329 Schwachheiten
1936 2273 1999 2333 und
2031 2273 2131 2333 Lagen
2174 2276 2226 2336 des
2264 2278 2338 2338 Ge¬

1323 2318 1430 2378 müths
1469 2315 1604 2375 gehören
1648 2318 1734 2378 nicht
1762 2319 1838 2379 nach
1876 2324 2049 2384 Bergen
2088 2325 2120 2385 in
2158 2328 2336 2388 Norwe¬

1318 2367 1392 2427 gen
1433 2367 1467 2427 zu
1502 2366 1634 2426 Hause.
1709 2372 1795 2432 Nur
1836 2371 1888 2431 die
1917 2375 2256 2435 Schafsbureys

1326 2414 1495 2474 Bacone
1527 2411 1537 2471 —
1607 2417 1861 2477 Montagne
1888 2420 1898 2480 —
1968 2426 2227 2486 Toußaints
2264 2429 2327 2489 und

1334 2464 1503 2524 Iseline
1532 2464 1695 2524 verstehen
1730 2467 1774 2527 sich
1809 2472 1870 2532 auf
1894 2473 1972 2533 diese
1995 2476 2142 2536 Künste,
2171 2478 2215 2538 die
2250 2479 2322 2539 auch

1318 2515 1399 2575 nicht
1421 2515 1448 2575 zu
1476 2515 1530 2575 den
1558 2518 1649 2578 sieben
1683 2521 1824 2581 Künsten
1852 2523 1954 2583 freyer
1982 2527 2215 2587 akademischer
2243 2527 2335 2587 Mei¬

1318 2567 1375 2627 ster
1397 2566 1428 2626 zu
1455 2566 1582 2626 rechnen
1614 2567 1698 2627 sind.
1746 2572 1904 2632 Indessen
1931 2573 2010 2633 kann
2042 2575 2153 2635 alles,
2180 2574 2248 2634 was
2280 2575 2322 2635 ein

1311 2617 1450 2677 trocknes
1477 2617 1704 2677 Compendium
1747 2620 1798 2680 vom
1840 2623 2047 2683 Verstande,
2068 2623 2223 2683 Willen,
2244 2626 2332 2686 Nei=

1311 2666 1430 2726 gung,
1453 2664 1593 2724 Trieben
1621 2667 1680 2727 und
1708 2670 1843 2730 Affekten
1876 2672 2006 2732 liefert,
2034 2670 2098 2730 auch
2131 2670 2196 2730 hier
2218 2674 2337 2734 gefun¬

1308 2712 1359 2772 den
1391 2712 1536 2772 werden.
1584 2716 1645 2776 Ein
1683 2720 1761 2780 paar
1793 2721 1938 2781 curieuse
1964 2718 2115 2778 Fragen:
2158 2719 2235 2779 ”Ob
2267 2726 2324 2786 wir

1322 2764 1412 2824 "eine
1436 2766 1622 2826 angeborne
1657 2772 1906 2832 Nächstenliebe
1935 2766 2088 2826 haben:"
2156 2768 2230 2828 Und
2264 2778 2320 2838 "ob

1333 2812 1385 2872 die
1412 2814 1538 2874 Gesetze
1571 2818 1596 2878 zu
1634 2823 1686 2883 den
1713 2823 1851 2883 Quellen
1888 2820 1935 2880 der
1968 2820 2205 2880 angewohnten
2237 2826 2326 2886 Trie¬

1318 2856 1394 2916 "be"
1430 2867 1607 2927 gehören,
1649 2873 1762 2933 hätten
1804 2873 1863 2933 wir
1899 2870 1992 2930 lieber
2035 2871 2093 2931 aus
2136 2872 2189 2932 der
2225 2876 2324 2936 Feder

2228 2927 2323 2987 eines
