2479 3508
171 340 1190 418 so jemals dem menschlichen Geschlecht aufgebürdet
169 408 1192 465 zu werden versucht worden. Des Ministers Anrede
171 457 1200 512 am verwichenen Dienstage, kann mit keiner in den
169 507 1197 564 Jahrbüchern dieses Landes in Vergleich gezogen wer¬
171 564 1197 621 den. Ich stehe im Zweifel ob der Souverain oder
179 605 1203 657 die Nation am meisten getäuschet wird. Ein jeder
179 655 1197 712 Freund seines Vaterlandes muß es beklagen daß ein
179 704 1203 758 Prinz von so großen und liebenswürdigen Eigen¬
174 753 1200 813 schaften, welchen England aufrichtig verehret, dazu
171 805 1200 857 gebracht werden könne, den allergehäßigsten Maaßre¬
174 855 1203 912 geln und der unverantwortlichsten öffentlichen Anzei¬
179 896 1208 961 gung von einem Throne der wegen seiner Aufrich¬
177 953 1205 1010 tigkeit, Ehre und unbefleckten Tugend allezeit be¬
182 1003 1205 1055 ruhmt, die Sanction unter seinem geweyheten Na¬
177 1049 1208 1114 men zu geben. Ich bin versichert es werden alle
182 1096 1208 1161 Ausländer, fürnemlich aber der König von Preussen,
184 1153 1210 1205 den Minister mit Verachtung und Abscheu ansehen.
184 1200 1210 1252 Er hat unsern Souverain vermocht zu declariren:
182 1244 1210 1301 „Meiner Erwartung ist nun durch die glücklichen
182 1294 1210 1343 Erfolge so die verschiedenen Alliirten meiner Kron
182 1338 1218 1390 "aus der heilsamen Maaßregel des definitiven
177 1377 1216 1449 „Tractats hergenommen haben; ein völliges Genü¬
184 1421 2273 1488 gen geschehen. Die kriegenden Mächte nebst mei= dens=Artikel waren so beschaffen, daß sie die Verachtung
200 1473 1210 1530 "nem werthen Bruder dem Könige von Preussen,
182 1522 1210 1582 „sind beweget worden die Einrichtung des Vergleichs
192 1574 1221 1642 "auf solche Art anzunehmen wie solche dieser mächti¬
205 1613 1218 1686 "ge Prinz gebilliget hat, und der Fortgang so mei¬
197 1678 1221 1740 "ner Negotiation gefolget, hat nothwendiger weise
197 1730 1221 1803 "alsobald den Segen des Friedens durch alle Theile
216 1784 1221 1844 "Europens ausgebreitet." Die schändliche Falsch¬
197 1816 1221 1899 heit dieser ganzen Sentenz scheinet Jedermänniglich
195 1888 1221 1948 in die Augen. Denn es ist bekannt, daß der König
200 1938 1218 1995 von Preussen die Friedensbestimmung nicht schlech¬
203 1984 1221 2036 terdings gebilliget, sondern als Ueberwinder jeden
200 2034 1210 2088 Friedens=Artickel unbedingt vorgeschrieben hat. Auf
200 2073 1223 2135 keinerley Weise ist diesem großmüthigen Prinzen
195 2133 1218 2192 durch unsere Negotiation ein Vortheil zugewachsen,
203 2182 1229 2249 sondern er ist schändlich von dem schottischen Premier=
200 2242 961 2320 minister Englands, verlassen worden.
468 2374 995 2457 Erlangen, vom 9. Merz.
255 2431 1239 2507 Unsere Akademie kan sich mit Recht der angeneh¬
205 2481 1242 2553 men Hofnung schmeicheln, immer blühender und
216 2543 1244 2608 zahlreicher zu werden, weil sie sich der vorzüglichen
216 2600 1244 2660 Gnade und Beschützung Jhres Durchlauchtigsten Er=
205 2639 1239 2709 nährers, unsers gnädigsten Landesfürsten und Herrn,
213 2696 1244 2756 zu erfreuen hat. Höchstdieselben haben den berühm¬
216 2753 1247 2803 ten Hrn. Professor Succow, da er eine anderweite
213 2787 1244 2857 Vocation hatte, mit einer ansehnlichen Zulage und
216 2852 1244 2904 dem Titel eines Geheimen Hofraths in Gnaden zu
218 2899 1247 2961 belegen, und dadurch hier zu behalten geruhet, und
1262 338 2247 405 Einem jeden Hofe in Europa war es bekannt, daß
1218 392 2244 457 derselbe hier kaum in besseren Freundschafts=Umstän¬
1223 447 2247 509 den als in Wien war, und durch uns in dem Frie¬
1946 496 2247 566 Was vor eine
1221 504 1922 556 dens=Tractat hintergangen wurde.
1221 545 2247 605 aufgeblasene Unverschämtheit ist es also an einem
1226 597 2252 657 Minister sich einer Sache anzumaaßen die er doch in
1234 644 2249 709 seinem Gewissen überzeuget ist daß er solche zu ver¬
1229 694 2255 764 hindern alle Kräfte angewendet; und sich nieder¬
1229 745 2247 808 trächtiger Weise einen Antheil von dem Ruhme und
1226 795 2249 860 der Ehre eines der größesten Prinzen so die Welt je¬
1231 844 2257 912 mals gesehen, zuzuschreiben? Unterdessen hat der
1226 894 2262 961 König von Preussen alle seine vormalige Eroberungen
1226 943 2252 1003 rühmlich behalten und eine Sicherheit für alle seine
1226 990 2255 1049 Alliirten, sogar für den Churfüesten von Hannover
1242 1047 2260 1114 stipuliret. Ich weiß in was vor einem Lichte dieser
1236 1094 2262 1169 große Prinz in Europa betrachtet wird, und welcher¬
1231 1138 2265 1213 gestalt er allhier tractiret worden ist, vielleicht unter
1234 1190 2265 1273 andern Ursachen auch wegen einigen verächtlichen
1234 1242 2265 1304 Ausdrücken, deren er sich gegen den Schotten mag
1234 1291 2265 1353 bedienet haben, Ausdrücke, die täglich von dem gan¬
1239 1338 2265 1397 zen Corpo der Engelländer durch den südlichen Theil
1239 1384 2268 1436 dieser Insel wiederschallen. Die Preliminair=Frie¬
1239 1478 2265 1535 des ganzen menschlichen Geschlechts auf unsere bos¬
1242 1533 2270 1597 hafte Negotiatores hingezogen haben. Alle unsere
1242 1574 2270 1636 ansehnlichsten Eroberungen waren verabredet zurüͤck
1244 1626 2273 1699 gegeben zu werden, und die Ostindische Compagnie
1242 1678 2278 1740 wurde unfehlbar durch einen einzeln Artickel dieser
1247 1733 2273 1800 betrüglichen giftvollen Negotiation zu Grunde gegan¬
1252 1779 2288 1852 gen seyn. Kein Mietling des Ministers ist herzhaft
1244 1834 2275 1904 genug gewesen solches zu widersprechen, dennoch hat
1244 1878 2275 1938 er selbst unsern Souverain dahin vermocht, "das
1247 1922 2283 1990 „Vergnügen so er empfunden über die Annäherung
1265 1977 2275 2034 "der Wiederherstellung des Friedens auf Bedingun¬
1262 2026 2286 2086 gen welche seiner Krone solche Ehre und seinem
1262 2083 2151 2159 "Volke solche Vortheile gaben," zu bezeugen.
1444 2143 2107 2257 (Die Fortsetzung folgt künftig.)
1260 2364 2283 2449 einigen Herren Professoren ansehnliche Zulagen er¬
1447 2431 2283 2494 In Ansehung der Policey werden auch so
1268 2449 1390 2514 theilt.
1265 2475 2291 2556 gute Anstalten getroffen, daß bald weit wohlfeilere
1265 2538 2291 2603 Zeiten hier zu erwarten sind, worin auch schon ein
1273 2585 2291 2657 guter Ansang gemacht worden ist, so daß man in al¬
1273 2629 2288 2709 len Stücken die besten Anstalten trift, um den Auf¬
1273 2678 2288 2751 enthalt der Studirenden auf alle Art zu erleichtern.
1265 2735 2294 2800 Die schöne und gesunde Lage hiesiger Stadt, und die
1278 2787 2301 2860 gesittete Lebensart ist schon zu bekannt, als daß man
1268 2834 2294 2909 erst davon etwas erwähnen soll; und an geschickten
1268 2886 2200 2979 und berühmten Lehrern fehlt es ihr auch nicht.
2120 2914 2286 3003 London,
