2479 3508
652 1643 763 1703 21tes
804 1646 954 1706 Stück.
1011 1649 1210 1709 Freytag,
1243 1652 1298 1712 den
1347 1650 1434 1710 15.
1467 1648 1609 1708 März,
1642 1649 1793 1709 1765.

438 1716 602 1776 Berlin
649 1724 714 1784 und
755 1724 946 1784 Leipzig.

195 1776 410 1836 Virnstiel
431 1775 484 1835 hat
506 1775 533 1835 im
574 1778 701 1838 vorigen
729 1780 823 1840 Jahr
844 1781 1013 1841 gedruckt:
1041 1778 1209 1838 "Freund=

256 1820 506 1880 schaftliche
532 1822 660 1882 Poesien
691 1827 777 1887 eines
802 1828 992 1888 Soldaten,
1017 1831 1047 1891 16
1085 1828 1194 1888 Bogen

205 1871 248 1931 in
271 1867 364 1927 8vo."
398 1870 475 1930 Der
498 1873 657 1933 Verfasser
686 1873 779 1933 dieser
802 1874 928 1934 Poesien
956 1879 994 1939 ist
1012 1877 1088 1937 Herr
1111 1878 1210 1938 Kam=

191 1920 402 1980 mersecretär
431 1920 675 1980 Scheffner,
709 1921 764 1981 von
804 1924 854 1984 dem
904 1924 954 1984 sich
993 1926 1043 1986 die
1077 1924 1216 1984 jugend¬

193 1970 267 2030 liche
289 1966 448 2026 Gedichte
470 1969 715 2029 herschreiben,
748 1972 811 2032 und
844 1972 976 2032 welcher
1009 1972 1077 2032 nach
1110 1972 1200 2032 deren

188 2018 540 2078 Bekanntmachung,
578 2020 707 2080 zweyen
739 2020 867 2080 Herren
899 2023 925 2083 zu
964 2023 1107 2083 dienen,
1140 2021 1203 2081 und

202 2069 367 2129 hierinnen
406 2067 495 2127 einen
521 2070 630 2130 König
663 2070 719 2130 von
758 2073 809 2133 dem
854 2073 917 2133 erst
944 2073 988 2133 ein
1015 2073 1187 2133 Concilium
1239 2072 1314 2132 lung
1341 2067 1391 2127 von
1418 2063 1788 2123 Campagnengedichten
1815 2055 2019 2115 vorkömmt;
2045 2055 2134 2115 allein
2160 2055 2243 2115 wenn

195 2119 247 2179 der
271 2119 444 2179 Nachwelt
462 2121 648 2181 bestimmen
678 2121 776 2181 wird,
800 2124 834 2184 ob
864 2124 893 2184 er
911 2124 1026 2184 größer
1050 2124 1096 2184 als
1126 2122 1207 2182 Held

202 2168 275 2228 oder
307 2169 354 2229 als
386 2169 522 2229 Dichter
549 2173 718 2233 gewesen,
750 2177 987 2237 nachzuahmen
1024 2175 1219 2235 unternom¬

197 2216 293 2276 men.
342 2214 401 2274 So
429 2217 542 2277 schwer
564 2220 590 2280 es
623 2223 687 2283 auch
715 2226 774 2286 ist,
807 2229 882 2289 über
909 2229 990 2289 einen
1023 2226 1119 2286 Band
1147 2223 1216 2283 Ge¬

191 2264 322 2324 dichte,
344 2266 513 2326 worinnen
552 2267 694 2327 Briefe,
727 2276 852 2336 Oden,
875 2278 983 2338 Lieder
1017 2277 1054 2337 u.
1071 2279 1098 2339 s.
1115 2277 1142 2337 f.
1170 2273 1218 2333 be¬

201 2315 349 2375 findlich,
377 2313 462 2373 ohne
489 2315 616 2375 Ansehn
654 2319 707 2379 der
734 2324 957 2384 verschiednen
990 2327 1219 2387 vorkommen¬

198 2360 251 2420 den
284 2362 571 2422 Dichtungsarten
609 2366 640 2426 zu
678 2372 875 2432 urtheilen;
918 2377 944 2437 so
977 2378 1141 2438 verstatten
1179 2372 1211 2432 es

206 2408 347 2468 dennoch
379 2407 426 2467 die
450 2412 726 2472 vorgezeichneten
758 2422 916 2482 Gränzen
956 2426 1050 2486 dieser
1074 2425 1216 2485 Blätter
1249 2423 1319 2483 Und
1343 2420 1422 2480 wird
1454 2417 1532 2477 mein
1557 2414 1650 2474 Stal
1667 2414 1762 2474 gleich
1786 2410 1872 2470 nicht
1889 2408 1943 2468 von
1976 2405 2133 2465 Mädchen
2165 2399 2251 2459 mehr

199 2457 299 2517 nicht,
327 2455 372 2515 die
395 2455 422 2515 in
451 2456 545 2516 diesen
574 2460 713 2520 Poesien
742 2472 992 2532 vorkommende
1015 2473 1138 2533 Stücke
1161 2473 1216 2533 ins

202 2509 328 2569 Kleine
356 2506 388 2566 zu
422 2509 647 2569 zergliedern.

693 2508 741 2568 Es
778 2518 901 2578 bleibet
927 2522 1061 2582 indessen
1093 2524 1197 2584 sowoh

209 2555 257 2615 dem
301 2557 463 2617 Verfasser
493 2557 649 2617 derselben
678 2557 719 2617 als
748 2562 826 2622 allen
855 2572 990 2632 denen,
1019 2572 1132 2632 welche
1161 2572 1217 2632 auf

214 2609 281 2669 eine
302 2611 450 2671 ähnliche
471 2608 532 2668 Art
553 2608 599 2668 vor
627 2608 715 2668 unser
743 2617 1047 2677 Mildrichterliches
1075 2623 1148 2683 Amt
1163 2623 1216 2683 zur

211 2658 387 2718 Anhörung
422 2657 469 2717 der
490 2658 646 2718 Sentenz
667 2658 769 2718 citiret
790 2665 932 2725 werden,
960 2673 1225 2733 unbenommen,

204 2706 276 2766 ihre
297 2708 416 2768 Rechte
437 2709 542 2769 weiter
570 2709 596 2769 zu
623 2707 756 2767 suchen,
784 2709 816 2769 da
843 2715 936 2775 ihnen
970 2718 996 2778 in
1030 2721 1075 2781 der
1103 2721 1222 2781 Repu=
1250 2718 1309 2778 So
1343 2718 1396 2778 bin
1423 2713 1469 2773 ich
1503 2712 1569 2772 doch
1603 2709 1668 2769 dein
1696 2700 1842 2760 Freund.
1896 2697 2009 2757 Dort,
2036 2700 2082 2760 wo
2116 2700 2168 2760 die
2189 2700 2268 2760 Ru¬

210 2757 271 2817 blik
299 2758 348 2818 der
372 2757 572 2817 Litteratur,
594 2759 655 2819 wie
678 2757 839 2817 bekannt,
862 2764 950 2824 mehr
979 2766 1023 2826 als
1057 2769 1129 2829 drey
1157 2769 1229 2829 In¬

219 2808 342 2868 stanzen
379 2811 595 2871 nachgegeben
637 2808 796 2868 werden,
843 2812 904 2872 und
946 2814 977 2874 es
1013 2814 1069 2874 von
1116 2819 1203 2879 einem

216 2855 453 2915 Schriftsteller
488 2858 549 2918 nur
590 2859 645 2919 erst
680 2860 747 2920 nach
782 2858 934 2918 dreymal
964 2865 1218 2925 ausgestorbner

217 2908 397 2968 Nachwelt
416 2909 524 2969 heißt:
549 2906 621 2966 "Er
640 2912 711 2972 hats
742 2912 862 2972 gesagt.
948 2915 1020 2975 Die
1039 2918 1231 2978 Scheffner=

1236 1730 1319 1790 schen
1369 1727 1514 1787 Poesien
1551 1727 1617 1787 sind
1660 1725 1733 1785 voll
1758 1721 2152 1781 Empfindungen,
2189 1715 2249 1775 und

1240 1781 1471 1841 unterscheiden
1515 1778 1563 1838 sich
1607 1775 1666 1835 von
1710 1774 1763 1834 der
1796 1772 1952 1832 ehrlichen
1991 1766 2244 1826 Handthierung

1240 1831 1300 1891 und
1323 1828 1489 1888 Nahrung
1517 1825 1538 1885 so
1567 1823 1666 1883 vieler
1689 1820 1810 1880 Poeten
1839 1819 1866 1879 in
1894 1819 1994 1879 dieser
2017 1814 2243 1874 Liederreichen

1238 1879 1336 1939 Zeit,
1359 1876 1408 1936 die
1437 1875 1486 1935 sich
1519 1872 1685 1932 begnügen
1719 1867 1790 1927 nach
1829 1865 2016 1925 väterlicher
2045 1864 2149 1924 Weise
2172 1864 2254 1924 Rei¬

1239 1927 1285 1987 me
1306 1924 1487 1984 zusammen
1513 1921 1544 1981 zu
1576 1918 1741 1978 würflen,
1773 1912 1835 1972 und
1872 1912 1944 1972 stolz
1976 1912 2063 1972 sind,
2090 1912 2177 1972 wenn
2219 1912 2255 1972 sie

1785 1957 1838 2017 Es
1871 1960 1907 2020 ist
1935 1960 2052 2020 wahr,
2079 1959 2132 2019 daß
2170 1960 2255 2020 nicht

1238 1974 1386 2034 glücklich
1420 1966 1573 2026 getroffen
1607 1966 1733 2026 haben.

1231 2020 1305 2080 alles
1333 2020 1391 2080 von
1418 2018 1551 2078 gleichem
1589 2012 1728 2072 Werthe
1750 2010 1808 2070 ist,
1835 2007 1904 2067 was
1931 2005 1957 2065 in
1990 2005 2086 2065 dieser
2108 2007 2257 2067 Samm¬

1240 2124 1308 2184 man
1342 2121 1381 2181 ein
1410 2118 1490 2178 paar
1513 2112 1666 2172 Stellen,
1695 2109 1740 2169 die
1763 2106 1825 2166 wir
1849 2101 1995 2161 hersetzen
2019 2103 2154 2163 wollen,
2178 2105 2234 2165 zum

1247 2175 1394 2235 Motto
1426 2169 1524 2229 dieser
1543 2163 1678 2223 Poesien
1715 2157 1839 2217 wählt,
1870 2157 1900 2217 so
1926 2154 2005 2214 wird
2030 2155 2110 2215 diese
2141 2155 2258 2215 Arbeit

1243 2229 1293 2289 dem
1338 2222 1503 2282 Verfasser
1523 2217 1688 2277 unstrittig
1708 2214 1765 2274 zur
1785 2211 1873 2271 Ehre
1893 2208 2052 2268 gereichen

1291 2321 1366 2381 Das
1393 2318 1499 2378 Glück
1519 2318 1575 2378 hat
1601 2317 1689 2377 zwar
1715 2314 1764 2374 den
1797 2312 1941 2372 Stand,
1967 2309 2036 2369 doch
2062 2309 2144 2369 nicht
2163 2307 2245 2367 mein

1741 2363 1836 2423 Herz
1859 2357 2028 2417 geändert,

1739 2456 1948 2516 bebändert,

1754 2509 1810 2569 das
1845 2504 2009 2564 Schwarz
2038 2500 2100 2560 und
2129 2497 2248 2557 Silber

1251 2521 1310 2581 Ist
1338 2521 1423 2581 gleich
1458 2518 1503 2578 ein
1531 2513 1696 2573 Portepee

1749 2555 1872 2615 streift,

1251 2622 1342 2682 Nach
1369 2617 1545 2677 Preußens
1579 2609 1860 2669 Kriegsgebrauch
1900 2599 1946 2659 dem
1999 2599 2110 2659 Degen
2150 2600 2273 2660 umge¬

1750 2649 1888 2709 schleift,

1751 2748 1791 2808 he
1822 2748 1975 2808 wohnte,

1250 2818 1355 2878 Sang
1388 2814 1437 2874 ich
1463 2809 1511 2869 dir
1544 2806 1691 2866 manches
1724 2799 1822 2859 Lied,
1848 2799 1954 2859 wofür
1987 2805 2051 2865 dein
2085 2802 2150 2862 Lob
2184 2802 2264 2862 mich

1753 2850 1887 2910 lohnte,

2182 2945 2258 3005 Und
