2479 3508
411 321 657 381 Breslau,
678 321 730 381 den
771 324 837 384 27.
865 324 964 384 Febr.

235 375 344 435 Heute
373 372 557 432 Vormittag
586 372 729 432 geschahe
751 372 867 432 allhier
888 374 936 434 die
950 372 1025 432 erste
1047 372 1190 432 Ziehung

180 423 228 483 der
253 422 399 482 Königl.
418 422 552 482 Preuß.
571 419 704 479 Lotterie
741 422 802 482 und
839 425 888 485 die
913 425 1107 485 Nummern
1139 422 1205 482 61.

182 474 242 534 40.
273 474 333 534 36.
365 470 425 530 37.
450 470 510 530 und
548 472 614 532 48.
639 475 749 535 kamen
780 475 919 535 heraus.

380 519 700 579 Regenspurg,
731 524 786 584 den
823 525 888 585 21.
914 524 1010 584 Febr.

234 566 282 626 Am
319 566 410 626 19ten
446 566 538 626 dieses
574 571 616 631 ist
638 573 686 633 der
709 575 836 635 jüngste
858 572 964 632 Prinz
986 572 1042 632 des
1064 569 1197 629 Fürsten

174 610 233 670 von
270 613 385 673 Thurn
410 618 470 678 und
501 622 621 682 Taxis,
646 625 755 685 Franz
774 625 924 685 Joseph,
949 622 1009 682 mit
1034 619 1118 679 Tode
1137 619 1191 679 ab=
1235 614 1355 674 grossen
1386 616 1543 676 Summe
1568 616 1724 676 verlohnt
1750 616 1822 676 sichs
1853 616 1949 676 wohl
1974 616 2022 676 der
2059 616 2191 676 Mühe,
2216 615 2240 675 zu

181 664 380 724 gegangen.

376 721 700 781 Donaustrom,
723 724 774 784 den
813 722 878 782 26.
901 718 1004 778 Febr.

234 759 320 819 Der
350 769 501 829 Kaiserl.
524 772 596 832 Hof
633 775 690 835 hat
720 772 849 832 Befehl
872 766 1038 826 ertheilet,
1060 769 1110 829 daß
1140 769 1197 829 alle

191 813 410 873 Infanterie=
434 821 623 881 Cüraßier=
648 822 707 882 und
732 819 1122 879 Dragonerregimenter
1141 817 1199 877 mit

188 865 345 925 Anfange
365 867 417 927 des
443 870 587 930 Monats
614 873 718 933 April
732 870 908 930 vollzahlig
942 867 1007 927 seyn
1041 870 1157 930 sollen.

294 918 368 978 Aus
393 919 443 979 dem
487 919 599 979 Dorfe
624 920 768 980 Prititz,
787 921 842 981 bey
874 918 1111 978 Weissenfels,

540 967 603 1027 vom
651 972 720 1032 22.
747 972 852 1032 Febr.

231 1010 274 1070 Am
312 1010 405 1070 Ende
430 1013 486 1073 des
511 1016 642 1076 vorigen
674 1019 829 1079 Monats
861 1020 923 1080 hat
949 1020 1017 1080 man
1061 1018 1129 1078 hier
1154 1016 1197 1076 ein

181 1064 328 1124 Unglück
345 1064 481 1124 erlebet,
504 1064 697 1124 dergleichen
726 1069 811 1129 zwar
834 1067 953 1127 denen,
987 1068 1038 1128 die
1061 1070 1083 1130 in
1113 1067 1203 1127 Pal¬

183 1111 279 1171 lästen
307 1115 469 1175 wohnen,
491 1113 577 1173 nicht
600 1114 692 1174 leicht
714 1115 941 1175 überkommen
979 1117 1081 1177 wird,
1120 1115 1200 1175 wel¬

182 1160 249 1220 ches
291 1163 364 1223 aber
395 1163 452 1223 dem
499 1163 733 1223 Landmanne,
765 1162 899 1222 welchem
947 1164 1003 1224 das
1035 1166 1206 1226 Schicksal

183 1210 247 1270 nur
270 1211 334 1271 alzu
373 1210 421 1270 oft
439 1210 574 1270 einerley
602 1210 787 1270 Wohnung
814 1210 874 1270 mit
896 1210 994 1270 seinem
1038 1213 1119 1273 Vieh
1147 1213 1200 1273 an¬

184 1258 311 1318 weiset,
338 1261 391 1321 zum
434 1260 625 1320 warnenden
658 1258 817 1318 Exempel
834 1258 940 1318 dienen
978 1258 1084 1318 kann.
1132 1258 1195 1318 Ein

184 1309 369 1369 Schwein,
396 1306 528 1366 welches
555 1306 714 1366 gewohnt
735 1303 819 1363 war,
846 1303 873 1363 in
905 1306 952 1366 dem
995 1304 1106 1364 Hause
1127 1302 1201 1362 her¬

182 1357 226 1417 um
277 1355 306 1415 zu
342 1351 463 1411 gehen,
498 1353 563 1413 und
599 1351 648 1411 bey
684 1348 769 1408 einem
820 1347 1046 1407 dreyjährigen
1081 1345 1206 1405 Kinde,

187 1402 243 1462 das
275 1399 300 1459 in
332 1399 383 1459 der
410 1393 523 1453 Wiege
549 1396 616 1456 saß,
643 1396 668 1456 in
699 1392 751 1452 der
777 1393 895 1453 Stube
927 1393 1020 1453 allein
1057 1393 1191 1453 gelassen

183 1447 311 1507 wurde,
334 1443 405 1503 fraß
434 1440 529 1500 diesem
585 1440 696 1500 Kinde
724 1440 774 1500 die
808 1440 925 1500 beyden
964 1440 1081 1500 Hände
1115 1439 1198 1499 weg,

191 1497 235 1557 so,
263 1494 317 1554 daß
340 1492 401 1552 nur
435 1491 489 1551 von
517 1491 566 1551 der
595 1491 677 1551 einen
722 1491 816 1551 Hand
855 1490 910 1550 der
944 1491 1043 1551 kleine
1071 1489 1198 1549 Finger

185 1543 306 1603 hangen
340 1542 439 1602 blieb,
462 1544 518 1604 den
546 1545 617 1605 man
646 1542 717 1602 aber
751 1542 822 1602 auch
868 1542 1017 1602 vollends
1051 1542 1106 1602 hat
1140 1541 1194 1601 ab¬

178 1596 340 1656 schneiden
364 1593 503 1653 müssen.
557 1596 638 1656 Das
668 1596 754 1656 Kind
772 1596 807 1656 ist
831 1596 883 1656 dem
924 1596 1110 1656 ungeächtet
1128 1593 1191 1653 noch

181 1649 218 1709 am
263 1646 388 1706 Leben.

385 1697 674 1757 Straßburg,
711 1700 767 1760 den
810 1700 874 1760 18.
903 1703 1001 1763 Febr.

238 1750 339 1810 Unser
366 1750 422 1810 seit
449 1754 486 1814 45
532 1754 660 1814 Jahren
705 1751 954 1811 hochberühmte
987 1751 1075 1811 Herr
1115 1751 1203 1811 Pro¬

189 1798 281 1858 fessor
316 1799 525 1859 Schöpflin,
554 1802 634 1862 Sr.
658 1799 873 1859 Allerchristl.
908 1802 1075 1862 Majestät
1111 1802 1197 1862 Rath

185 1849 244 1909 und
283 1849 635 1909 Geschichtschreiber,
668 1850 749 1910 hat,
777 1850 820 1910 um
869 1849 939 1909 auch
973 1851 1043 1911 nach
1081 1849 1179 1909 seinem

190 1897 360 1957 Absterben
392 1897 448 1957 das
475 1897 619 1957 gemeine
640 1897 764 1957 Beste,
800 1897 826 1957 so
852 1897 919 1957 viel
945 1897 981 1957 an
1012 1897 1064 1957 ihm
1111 1897 1193 1957 liegt

184 1950 216 2010 zu
248 1945 449 2005 befördern,
502 1943 608 2003 Einem
667 1945 846 2005 Hochlöbl.
879 1942 1069 2002 Magistrat
1101 1942 1196 2002 dieser

183 1996 301 2056 Stadt
323 1996 404 2056 seine
426 1996 496 2056 eben
530 1996 551 2056 so
579 1996 719 2056 kostbare
741 1993 784 2053 als
806 1993 979 2053 zahlreiche
996 1990 1190 2050 Bibliother

184 2044 246 2104 und
277 2044 324 2104 die
350 2046 458 2106 damit
485 2046 676 2106 verknüpfte
708 2043 806 2103 reiche
833 2043 1081 2103 Sammlungen
1123 2040 1201 2100 aller

185 2097 279 2157 Arten
308 2097 363 2157 von
397 2097 525 2157 seltenen
554 2097 820 2157 Alterthümern,
832 2094 888 2154 zum
928 2092 1089 2152 Geschenk
1112 2088 1206 2148 über¬

186 2148 316 2208 geben;
344 2148 406 2208 und
429 2148 480 2208 für
503 2148 598 2208 dieses
627 2149 774 2209 wichtige
797 2148 955 2208 Geschenk
978 2147 1011 2207 ist
1035 2145 1079 2205 ihm
1125 2142 1192 2202 eben

184 2198 207 2258 so
231 2196 434 2256 edelmüthig
469 2199 539 2259 eine
575 2199 783 2259 ansehnliche
813 2200 959 2260 Pension
994 2196 1197 2256 Lebenslang

181 2243 370 2303 zuerkannt
399 2243 550 2303 worden.

431 2291 634 2351 London,
664 2294 722 2354 den
758 2297 821 2357 15,
851 2300 955 2360 Febr.

262 2334 323 2394 Als
358 2336 443 2396 Herr
472 2339 648 2399 Williams
682 2342 767 2402 seine
802 2348 927 2408 Strafe
956 2348 1193 2408 ausgestanden

185 2384 295 2444 hatte,
322 2384 406 2444 ward
439 2384 491 2444 ihm
539 2385 597 2445 aus
634 2388 687 2448 dem
736 2390 819 2450 Volk
852 2397 920 2457 eine
953 2396 1084 2456 Sänfte
1111 2396 1206 2456 zuge¬

180 2435 307 2495 bracht,
335 2432 381 2492 die
402 2432 469 2492 mit
490 2432 536 2492 dem
578 2435 712 2495 Worte,
739 2443 907 2503 Freiheit,
929 2446 1110 2506 bezeichnet
1124 2446 1204 2506 war,

185 2485 223 2545 um
268 2485 317 2545 ihn
345 2482 433 2542 darin
467 2482 787 2542 zurückzubringen.

835 2492 897 2552 Da
937 2494 1010 2554 aber
1045 2494 1096 2554 die
1130 2491 1203 2551 Ge¬

184 2534 437 2594 richtsbediente
463 2530 514 2590 dem
561 2530 644 2590 Volk
671 2530 735 2590 mit
762 2543 1027 2603 Freundlichkeit
1055 2545 1202 2605 bedeute¬

187 2590 259 2650 ten,
284 2588 338 2648 daß
363 2584 398 2644 sie
423 2583 538 2643 solches
563 2580 647 2640 nicht
666 2581 799 2641 zugeben
830 2591 963 2651 könten,
988 2593 1011 2653 so
1036 2593 1102 2653 war
1121 2596 1194 2656 auch

194 2641 331 2701 selbiges
356 2636 379 2696 so
404 2635 597 2695 bescheiden,
621 2629 705 2689 nicht
730 2631 837 2691 weiter
856 2640 970 2700 darauf
995 2641 1024 2701 zu
1049 2643 1199 2703 dringen,

238 2691 291 2751 Am
331 2688 424 2748 15ten
452 2685 564 2745 wurde
591 2682 610 2742 im
659 2679 871 2739 Oberhause,
892 2688 944 2748 wo
972 2690 1025 2750 die
1052 2692 1198 2752 Herzoge

189 2743 251 2803 von
294 2739 385 2799 York
414 2739 476 2799 und
505 2733 674 2793 Glocester
717 2730 942 2790 gegenwärtig
971 2738 1103 2798 waren,
1125 2740 1195 2800 eine

192 2791 434 2851 Untersuchung
469 2784 676 2844 angestellet,
725 2778 835 2838 woher
871 2781 918 2841 die
954 2787 1195 2847 gegenwärtige

186 2844 366 2904 Theurung
393 2842 444 2902 der
471 2833 704 2893 Lebensmittel
731 2829 846 2889 käme,
866 2832 930 2892 und
964 2838 1196 2898 verschiedenet

192 2897 320 2957 Zeugen
356 2894 498 2954 Aussage
520 2888 691 2948 verhöret.
756 2882 841 2942 Das
870 2885 1062 2945 Unterhaus
1091 2891 1204 2951 unter=

1247 321 1347 381 suchte
1371 318 1423 378 den
1460 321 1718 381 gegenwärtigen
1760 324 1895 384 Zustand
1931 323 1984 383 der
2014 321 2261 381 Armenanstal¬

1238 371 1313 431 ten,
1340 369 1399 429 und
1427 369 1561 429 befand,
1589 372 1642 432 daß
1670 374 1729 434 seit
1746 374 1762 434 7
1789 374 1945 434 Jahren,
1968 372 2053 432 jedes
2076 371 2167 431 Jahr
2184 368 2248 428 eine

1238 419 1378 479 Million
1411 418 1470 478 und
1504 416 1639 476 200000
1678 423 1743 483 Pf.
1771 422 1840 482 St.
1868 422 1938 482 blos
1971 421 2026 481 zum
2075 420 2253 480 Unterhalt

1237 467 1292 527 der
1312 467 1530 527 Hausarmen
1560 467 1586 527 in
1617 470 1768 530 England
1794 472 1935 532 bezahlet
1961 470 2108 530 worden,
2123 469 2259 529 worun¬

1238 516 1287 576 ter
1321 515 1392 575 noch
1433 518 1515 578 keine
1549 518 1754 578 Hospitäler,
1782 521 2087 581 Almosenhäuser,
2115 521 2259 581 Armen¬

1240 566 1387 626 schulen,
1403 566 1440 626 u.
1456 567 1487 627 d.
1504 569 1556 629 gl.
1577 567 1809 627 mitgerechnet
1836 570 1919 630 sind.
1994 569 2067 629 Bey
2099 569 2183 629 einer
2215 566 2246 626 so

1231 664 1463 724 untersuchen,
1489 664 1547 724 wie
1568 667 1607 727 sie
1638 667 1692 727 von
1727 667 1855 727 denen,
1880 667 1994 727 welche
2024 664 2073 724 die
2104 667 2256 727 Verpfle¬

1238 716 1324 776 gung
1351 715 1399 775 der
1427 715 1545 775 Armen
1573 715 1599 775 in
1627 718 1708 778 jedem
1752 718 1929 778 Kirchspiel
1952 715 2027 775 über
2054 715 2102 775 sich
2130 716 2248 776 haben,

1228 766 1441 826 angewandt
1462 766 1591 826 worden
1627 769 1690 829 sey.

1283 813 1330 873 Am
1378 816 1467 876 16ten
1497 816 1699 876 beschäftigte
1724 816 1771 876 sich
1795 816 1854 876 das
1879 816 2069 876 Unterhaus
2093 813 2152 873 mit
2177 810 2253 870 We=

1234 867 1287 927 gen
1319 864 1377 924 und
1409 867 1541 927 Mitteln
1579 867 1695 927 (Ways
1717 865 1748 925 et
1765 865 1896 925 Means,
1934 867 1986 927 das
2014 864 2146 924 nöthige
2162 864 2241 924 Geld

1235 916 1290 976 für
1313 915 1407 975 dieses
1435 916 1529 976 Jahr
1552 918 1579 978 zu
1613 918 1823 978 verschaffen.
1868 915 1918 975 Es
1946 915 2023 975 wird
2051 913 2251 973 vorgeschla¬

1233 966 1312 1026 gen,
1327 963 1391 1023 zwo
1416 966 1569 1026 Lotterien
1594 966 1806 1026 anzustellen,
1817 964 1915 1024 davon
1941 963 1985 1023 die
2000 963 2073 1023 erste
2089 963 2113 1023 im
2153 963 2251 1023 May,

1234 1013 1284 1073 die
1309 1013 1426 1073 andere
1451 1013 1476 1073 im
1517 1013 1729 1073 November,
1756 1014 1816 1074 soll
1831 1013 1963 1073 gezogen
2004 1010 2145 1070 werden.
2176 1010 2251 1070 Die

1237 1061 1395 1121 Summe
1427 1065 1485 1125 von
1522 1064 1611 1124 jeder
1633 1064 1696 1124 sind
1728 1061 1865 1121 700000
1903 1058 1971 1118 Pf.
1998 1059 2161 1119 bestehend
2188 1061 2246 1121 aus

1241 1113 1353 1173 35000
1388 1112 1500 1172 Losen,
1524 1115 1608 1175 jedes
1631 1112 1659 1172 zu
1693 1112 1727 1172 10
1756 1112 1823 1172 Pf.
1869 1106 1942 1166 Die
1965 1110 2253 1170 Heyraths=Acte,

1238 1162 1351 1222 welche
1373 1160 1449 1220 beym
1488 1164 1694 1224 Parlament
1711 1161 1917 1221 aufgehoben
1950 1160 2069 1220 werden
2102 1159 2177 1219 soll,
2200 1160 2253 1220 be¬

1233 1210 1310 1270 trift
1333 1212 1383 1272 die
1406 1213 1623 1273 Zernichtung
1646 1213 1763 1273 solcher
1786 1213 1896 1273 Ehen,
1925 1210 1969 1270 die
1992 1210 2137 1270 zwischen
2165 1207 2254 1267 Per¬

1242 1258 1352 1318 sonen,
1369 1260 1421 1320 die
1442 1261 1511 1321 noch
1549 1263 1638 1323 nicht
1659 1264 1828 1324 majorenn
1860 1261 1944 1321 sind,
1966 1261 2050 1321 ohne
2088 1258 2256 1318 Einwilli¬

1237 1306 1321 1366 gung
1347 1306 1437 1366 ihrer
1458 1307 1593 1367 Eltern,
1619 1309 1688 1369 oder
1714 1309 1950 1369 Vormünder,
1970 1309 2151 1369 geschlossen
2176 1306 2251 1366 wer¬

1236 1346 1310 1406 den,
1340 1348 1399 1408 wie
1414 1351 1483 1411 auch
1513 1351 1562 1411 die
1587 1354 1799 1414 Heyrathen,
1825 1356 1938 1416 welche
1963 1355 2106 1415 heimlich
2137 1354 2254 1414 gesche¬

1232 1393 1312 1453 hen.
1363 1394 1600 1454 Verschiedene
1626 1399 1766 1459 einzelne
1792 1399 1877 1459 Fälle
1903 1399 1999 1459 haben
2030 1399 2170 1459 gezeigt,
2186 1402 2241 1462 daß

1232 1437 1292 1497 aus
1318 1437 1413 1497 diesem
1459 1440 1585 1500 Gesetze
1611 1441 1722 1501 großer
1749 1443 1900 1503 Schaden
1936 1444 2123 1504 erwächset.
2174 1445 2254 1505 Da¬

1233 1488 1286 1548 her
1314 1488 1373 1548 wil
1390 1488 1460 1548 man
1499 1491 1547 1551 die
1575 1491 1732 1551 Freyheit
1754 1493 1776 1553 im
1825 1494 2015 1554 Heyrathen
2048 1494 2248 1554 wiederher¬

1237 1541 1355 1601 stellen.
1407 1540 1480 1600 Der
1509 1542 1662 1602 englische
1696 1542 1866 1602 Gesandte
1895 1545 1922 1605 zu
1957 1545 2121 1605 Madrid,
2144 1542 2240 1602 Graf

1234 1591 1291 1651 von
1321 1593 1507 1653 Rochford,
1531 1596 1589 1656 hat
1613 1596 1728 1656 neulich
1759 1599 1810 1659 dem
1852 1599 1973 1659 dasigen
2004 1599 2090 1659 Hofe
2109 1596 2149 1656 ein
2173 1596 2247 1656 Me=

1233 1646 1357 1706 morial
1380 1647 1580 1707 übergeben,
1603 1649 1705 1709 worin
1740 1649 1771 1709 er
1799 1649 1869 1709 eine
1903 1649 2136 1709 cathegorische
2169 1647 2250 1707 Ant¬

1234 1697 1324 1757 wort
1348 1700 1512 1760 verlangt,
1536 1700 1575 1760 ob
1598 1701 1649 1761 der
1678 1703 1866 1763 Spanische
1889 1702 1963 1762 Hof
1980 1700 2031 1760 die
2055 1700 2253 1760 Ranzions¬

1243 1751 1350 1811 gelder
1378 1751 1486 1811 wegen
1519 1751 1669 1811 Manilla
1708 1753 1854 1813 bezahlen
1892 1751 1983 1811 wolle
2017 1750 2092 1810 oder
2130 1748 2248 1808 nicht?

1243 1802 1377 1862 Anstatt
1399 1802 1480 1862 einer
1507 1802 1674 1862 Antwort,
1702 1802 1799 1862 haben
1838 1802 1913 1862 Se.
1935 1802 2139 1862 Catholische
2167 1799 2253 1859 Ma¬

1242 1849 1336 1909 jestät
1358 1849 1468 1909 unserm
1511 1852 1695 1912 Gesandten
1727 1851 1795 1911 eine
1828 1852 1890 1912 auf
1917 1849 2080 1909 1230000
2123 1849 2249 1909 Thaler

1247 1897 1296 1957 sich
1322 1897 1512 1957 belaufende
1538 1900 1713 1960 Rechnung
1739 1897 1955 1957 einhändigen
1995 1897 2105 1957 lassen,
2131 1897 2256 1957 betref¬

1245 1945 1314 2005 fend
1340 1945 1390 2005 den
1421 1945 1596 2005 Schaden,
1612 1948 1742 2008 welchen
1774 1945 1818 2005 die
1849 1944 1964 2004 Stadt
1990 1947 2141 2007 Manilla
2166 1945 2256 2005 erlit¬

1232 1991 1302 2051 ten,
1328 1990 1358 2050 da
1394 1990 1439 2050 die
1470 1993 1668 2053 Engländer
1699 1993 1830 2053 dieselbe
1856 1993 2053 2053 gestürmet.
2079 1993 2226 2053 Seitdem

1237 2040 1332 2100 gehet
1354 2038 1422 2098 hier
1444 2037 1491 2097 die
1513 2040 1618 2100 Rede,
1645 2040 1703 2100 daß
1730 2039 1782 2099 das
1809 2040 2015 2100 Parlament
2037 2037 2111 2097 diese
2132 2040 2248 2100 Forde¬

1238 2090 1321 2150 rung
1348 2091 1569 2151 untersuchen,
1596 2091 1658 2151 und
1685 2088 1769 2148 einen
1796 2088 1964 2148 Entschluß
1991 2090 2128 2150 darüber
2149 2091 2233 2151 fassen

1238 2139 1362 2199 werde.
1412 2142 1481 2202 Die
1509 2141 1623 2201 Stadt
1651 2142 1797 2202 Manilla
1835 2142 1922 2202 hatte
1950 2141 2003 2201 sich
2037 2142 2248 2202 verbunden,

1233 2193 1288 2253 den
1316 2193 1528 2253 Engländern
1562 2193 1729 2253 4000000
1763 2193 1885 2253 Span.
1908 2193 2014 2253 Thlr.
2036 2193 2064 2253 zu
2098 2193 2248 2253 erlegen;

1232 2243 1333 2303 davon
1365 2244 1423 2304 sind
1451 2246 1583 2306 bezahlt
1599 2244 1727 2304 worden
1754 2243 1897 2303 600000
1935 2244 2035 2304 Thlr.
2058 2246 2179 2306 bleiben
2206 2246 2248 2306 al=

1235 2296 1262 2356 so
1285 2294 1357 2354 noch
1392 2294 1553 2354 3400000
1587 2294 1687 2354 Thlr.
1704 2296 1731 2356 im
1782 2294 1899 2354 Reste;
1933 2292 1994 2352 und
2028 2293 2117 2353 wenn
2151 2294 2239 2354 gleich

1236 2342 1290 2402 der
1320 2342 1374 2402 von
1404 2342 1452 2402 den
1488 2345 1664 2405 Spaniern
1699 2345 1906 2405 angegebene
1942 2341 2094 2401 Schaden
2134 2342 2232 2402 davon

1232 2393 1408 2453 abgezogen
1440 2393 1532 2453 wird,
1548 2394 1574 2454 so
1600 2395 1662 2455 hat
1678 2396 1838 2456 Spanien
1865 2392 1932 2452 doch
1969 2390 2035 2450 noch
2067 2387 2227 2447 2170000

1238 2443 1343 2503 Thlr.
1366 2446 1393 2506 zu
1427 2443 1604 2503 bezahlen.
1655 2445 1698 2505 An
1738 2443 1831 2503 dieser
1854 2442 2004 2502 Summe
2027 2435 2087 2495 hat
2104 2435 2153 2495 die
2171 2437 2248 2497 Ost¬

1227 2491 1365 2551 indische
1392 2491 1598 2551 Compagnie
1631 2491 1720 2551 einen
1753 2488 1906 2548 Antheil,
1933 2488 1986 2548 das
2018 2485 2161 2545 Uebrige
2188 2485 2241 2545 ge¬

1227 2542 1307 2602 hört
1334 2542 1452 2602 denen,
1484 2542 1602 2602 welche
1629 2541 1683 2601 sich
1715 2542 1768 2602 der
1795 2536 1999 2596 Luconischen
2042 2533 2160 2593 Inseln
2198 2537 2251 2597 be¬

1607 2592 1684 2652 Der
1713 2587 1818 2647 König
1852 2584 1907 2644 von
1946 2582 2051 2642 Polen
2080 2584 2146 2644 läßt
2169 2584 2235 2644 hier

1233 2593 1395 2653 mächtigt
1412 2589 1537 2649 haben.

1233 2641 1305 2701 acht
1322 2641 1427 2701 schöne
1450 2641 1605 2701 schwarze
1628 2640 1767 2700 Hengste
1790 2634 1956 2694 erkaufen,
1984 2635 2034 2695 die
2057 2635 2129 2695 Se.
2157 2639 2246 2699 Ma¬

1233 2694 1329 2754 jestät
1352 2689 1402 2749 vor
1420 2686 1510 2746 Dero
1539 2688 1669 2748 Kutsche
1693 2684 1840 2744 brauchen
1869 2682 1942 2742 wil.
1988 2685 2095 2745 Diese
2119 2688 2243 2748 Pferde

1240 2742 1353 2802 müssen
1390 2736 1462 2796 ihre
1487 2735 1583 2795 vollen
1619 2733 1824 2793 Schwänze,
1849 2733 1914 2793 und
1939 2735 1968 2795 am
2017 2736 2107 2796 Kopf
2132 2739 2246 2799 sowol,

1234 2793 1281 2853 als
1311 2791 1340 2851 an
1376 2787 1429 2847 den
1459 2784 1589 2844 Füssen,
1619 2784 1713 2844 etwas
1743 2781 1873 2841 Weißes
1903 2784 2027 2844 haben.
2075 2790 2157 2850 Lord
2176 2787 2240 2847 Bi¬

1235 2844 1284 2904 ron
1316 2838 1371 2898 soll
1390 2835 1445 2895 vor
1471 2834 1569 2894 seiner
1589 2832 1825 2892 Entweichung
1857 2838 1930 2898 nach
1968 2838 2178 2898 Frankreich,
2204 2838 2228 2898 in

1235 2891 1403 2951 Ansehung
1441 2885 1543 2945 seiner
1569 2884 1683 2944 Güter
1708 2885 1731 2945 in
1762 2888 1914 2948 Irland,
1945 2888 2017 2948 eine
2042 2886 2138 2946 solche
2163 2885 2247 2945 Ver¬

2079 2936 2236 2996 ordnung
