<?xml version="1.0" encoding="UTF-8" standalone="yes"?>
<PcGts xmlns="http://schema.primaresearch.org/PAGE/gts/pagecontent/2013-07-15" xmlns:xsi="http://www.w3.org/2001/XMLSchema-instance" xsi:schemaLocation="http://schema.primaresearch.org/PAGE/gts/pagecontent/2013-07-15 http://schema.primaresearch.org/PAGE/gts/pagecontent/2013-07-15/pagecontent.xsd">
    <Metadata>
        <Creator>prov=READ-COOP:name=PyLaia@TranskribusPlatform:version=2.15.0:model_id=39995:lm=none:date=03_08_2024_18:35</Creator>
        <Created>2024-04-18T06:02:09.626+02:00</Created>
        <LastChange>2024-08-03T18:35:55.741+02:00</LastChange>
        <TranskribusMetadata docId="2900051" pageId="73104728" pageNr="3" tsid="180940832" status="IN_PROGRESS" userId="222699" imgUrl="https://files.transkribus.eu/Get?id=YHKIWYVZISNGWLKDRYPMRGDE&amp;fileType=view" xmlUrl="https://files.transkribus.eu/Get?id=BUZCLVNAYJZPXHBVWOSKCROA" imageId="54998249"/>
    </Metadata>
    <Page imageFilename="73104728.jpg" imageWidth="2479" imageHeight="3508">
        <ReadingOrder>
            <OrderedGroup id="ro_1722702955742" caption="Regions reading order">
                <RegionRefIndexed index="0" regionRef="r_35"/>
                <RegionRefIndexed index="1" regionRef="r_44"/>
                <RegionRefIndexed index="2" regionRef="r_83"/>
                <RegionRefIndexed index="3" regionRef="r_92"/>
                <RegionRefIndexed index="4" regionRef="r_68"/>
            </OrderedGroup>
        </ReadingOrder>
        <TextRegion id="r_35" custom="readingOrder {index:0;}">
            <Coords points="195,344 1235,344 1235,1539 195,1539"/>
            <TextLine id="r_35_tl_1" custom="readingOrder {index:0;}">
                <Coords points="189,405 1212,402 1212,337 1181,332 189,332"/>
                <Baseline points="203,394 232,397 277,397 322,397 367,397 412,397 456,394 501,394 546,394 591,391 635,391 680,391 725,394 770,394 815,391 859,391 904,391 949,391 994,391 1038,391 1083,391 1128,388 1173,388 1218,391"/>
                <TextEquiv>
                    <Unicode>noch Böses erzeigt hätte, um ein Beispiel zu geben</Unicode>
                </TextEquiv>
            </TextLine>
            <TextLine id="r_35_tl_2" custom="readingOrder {index:1;}">
                <Coords points="182,449 1220,449 1220,405 1178,400 182,405"/>
                <Baseline points="197,444 241,447 286,444 331,444 376,444 420,441 465,441 510,441 555,441 600,438 644,438 689,441 734,441 779,441 824,441 868,444 913,441 958,441 1003,441 1047,438 1092,438 1137,438 1182,438 1227,435"/>
                <TextEquiv>
                    <Unicode>daß sie ihr Vermögen ohne alle unlautere Absichten</Unicode>
                </TextEquiv>
            </TextLine>
            <TextLine id="r_35_tl_3" custom="readingOrder {index:2;}">
                <Coords points="192,511 1217,503 1217,446 192,459"/>
                <Baseline points="206,495 238,495 283,495 328,495 373,492 417,492 462,492 507,489 552,489 597,486 641,489 686,492 731,489 776,492 821,492 865,489 910,489 955,492 1000,489 1044,489 1089,489 1134,489 1179,489 1224,489"/>
                <TextEquiv>
                    <Unicode>wegschenkte. Man schlug ihr Görgen zum Erben</Unicode>
                </TextEquiv>
            </TextLine>
            <TextLine id="r_35_tl_4" custom="readingOrder {index:3;}">
                <Coords points="182,558 939,550 1033,581 1199,553 1199,501 1108,493 182,519"/>
                <Baseline points="197,543 220,543 265,546 310,543 355,543 400,540 444,537 489,537 534,537 579,537 623,540 668,543 713,543 758,540 803,543 847,543 892,543 937,543 982,540 1027,540 1071,540 1116,540 1161,540 1206,537"/>
                <TextEquiv>
                    <Unicode>vor; und Görge erbte ein ansehnlich Vermögen.</Unicode>
                </TextEquiv>
            </TextLine>
            <TextLine id="r_35_tl_5" custom="readingOrder {index:4;}">
                <Coords points="239,628 636,644 698,618 794,649 926,612 1004,646 1209,620 1209,576 1111,553 1030,581 812,555 763,589 685,550 239,573"/>
                <Baseline points="253,612 274,609 319,612 364,609 409,612 453,612 498,612 543,615 588,615 632,618 677,615 722,618 767,618 812,615 856,615 901,615 946,612 991,612 1035,612 1080,612 1125,612 1170,612 1215,609"/>
                <TextEquiv>
                    <Unicode>Das einzige Unglück was unser Görge erlebte</Unicode>
                </TextEquiv>
            </TextLine>
            <TextLine id="r_35_tl_6" custom="readingOrder {index:5;}">
                <Coords points="187,680 1214,670 1214,620 187,623"/>
                <Baseline points="200,662 235,665 280,662 325,659 370,662 414,662 459,662 504,659 549,662 594,665 638,668 683,668 728,665 773,665 818,665 862,665 907,665 952,665 997,662 1041,662 1086,662 1131,662 1176,659 1221,659"/>
                <TextEquiv>
                    <Unicode>war dies, daß seine geliebte Hausfrau eher starb,</Unicode>
                </TextEquiv>
            </TextLine>
            <TextLine id="r_35_tl_7" custom="readingOrder {index:6;}">
                <Coords points="192,729 1214,729 1186,667 192,680"/>
                <Baseline points="206,713 250,713 295,713 340,710 385,713 429,713 474,710 519,713 564,713 609,716 653,716 698,716 743,716 788,716 832,716 877,713 922,713 967,713 1012,713 1056,713 1101,713 1146,710 1191,713 1221,713"/>
                <TextEquiv>
                    <Unicode>als er. Aber auch hierin wuste er sich recht christlich</Unicode>
                </TextEquiv>
            </TextLine>
            <TextLine id="r_35_tl_8" custom="readingOrder {index:7;}">
                <Coords points="195,776 1217,781 1194,721 195,732"/>
                <Baseline points="208,767 235,761 280,761 325,761 370,761 414,761 459,764 504,764 549,767 594,767 638,767 683,767 728,764 773,767 818,764 862,764 907,764 952,764 997,764 1041,761 1086,764 1131,761 1176,764 1221,764"/>
                <TextEquiv>
                    <Unicode>zu fin den; und man hat oft zu seinem Ruhm gesagt,</Unicode>
                </TextEquiv>
            </TextLine>
            <TextLine id="r_35_tl_9" custom="readingOrder {index:8;}">
                <Coords points="192,820 1217,820 1217,781 1080,768 192,779"/>
                <Baseline points="206,809 250,809 295,812 340,812 385,812 429,812 474,815 519,815 564,815 609,815 653,818 698,818 743,818 788,815 832,815 877,815 922,812 967,812 1012,812 1056,812 1101,812 1146,812 1191,812 1224,812"/>
                <TextEquiv>
                    <Unicode>daß er ein wahrer Philosoph sey, und mehr Stand¬</Unicode>
                </TextEquiv>
            </TextLine>
            <TextLine id="r_35_tl_10" custom="readingOrder {index:9;}">
                <Coords points="182,872 1222,872 1222,820 182,830"/>
                <Baseline points="197,859 241,859 286,862 331,859 376,862 420,862 465,862 510,865 555,865 600,865 644,865 689,865 734,865 779,865 824,865 868,862 913,862 958,862 1003,862 1047,862 1092,865 1137,862 1182,862 1227,859 1230,859"/>
                <TextEquiv>
                    <Unicode>haftigkeit besäße, als alle Weltweisen in Griechen¬</Unicode>
                </TextEquiv>
            </TextLine>
            <TextLine id="r_35_tl_11" custom="readingOrder {index:10;}">
                <Coords points="182,937 1217,921 1201,869 182,872"/>
                <Baseline points="197,910 241,910 286,913 331,913 376,910 420,913 465,913 510,913 555,913 600,913 644,913 689,916 734,913 779,913 785,912 785,912 832,916 877,913 922,913 967,913 1012,913 1056,913 1101,913 1146,913 1191,910 1221,913"/>
                <TextEquiv>
                    <Unicode>land. Der Todesfall seiner Frauen hatte nur diese</Unicode>
                </TextEquiv>
            </TextLine>
            <TextLine id="r_35_tl_12" custom="readingOrder {index:11;}">
                <Coords points="189,968 1217,971 1201,921 189,929"/>
                <Baseline points="203,958 247,961 292,961 337,961 382,961 426,961 471,964 516,964 561,964 606,964 650,964 695,964 740,964 785,964 829,964 874,967 919,967 964,967 1009,964 1053,964 1098,964 1143,964 1188,961 1224,961"/>
                <TextEquiv>
                    <Unicode>eine Wirkung, daß Görge sein Ehrenamt ganz nie¬</Unicode>
                </TextEquiv>
            </TextLine>
            <TextLine id="r_35_tl_13" custom="readingOrder {index:12;}">
                <Coords points="192,1028 1214,1022 1199,971 192,968"/>
                <Baseline points="206,1012 235,1012 280,1012 325,1012 370,1012 414,1015 459,1015 504,1015 549,1012 594,1012 638,1012 683,1012 728,1012 773,1015 818,1012 862,1015 907,1015 952,1015 997,1015 1041,1015 1086,1015 1131,1012 1176,1012 1221,1009"/>
                <TextEquiv>
                    <Unicode>derlegte, um des stillen Hausfriedens in seinem Alter</Unicode>
                </TextEquiv>
            </TextLine>
            <TextLine id="r_35_tl_14" custom="readingOrder {index:13;}">
                <Coords points="192,1080 1209,1080 1209,1017 192,1028"/>
                <Baseline points="206,1068 229,1065 274,1062 319,1065 364,1062 409,1062 453,1059 498,1062 543,1062 588,1062 632,1059 677,1059 722,1062 767,1062 812,1062 856,1062 901,1062 946,1065 991,1065 1035,1062 1080,1062 1125,1062 1170,1062 1215,1059"/>
                <TextEquiv>
                    <Unicode>zu geniessen. Er hatte keine Kinder, und erlebte alse</Unicode>
                </TextEquiv>
            </TextLine>
            <TextLine id="r_35_tl_15" custom="readingOrder {index:14;}">
                <Coords points="192,1118 1209,1124 1209,1080 1168,1072 192,1080"/>
                <Baseline points="206,1110 250,1110 295,1110 340,1113 385,1113 429,1110 474,1110 519,1110 564,1107 609,1110 653,1110 698,1110 743,1110 788,1113 832,1110 877,1110 922,1110 967,1110 1012,1110 1056,1110 1101,1110 1146,1110 1191,1113 1215,1110"/>
                <TextEquiv>
                    <Unicode>auch kein Herzleid von einer mislungnen Erziehung.</Unicode>
                </TextEquiv>
            </TextLine>
            <TextLine id="r_35_tl_16" custom="readingOrder {index:15;}">
                <Coords points="187,1165 1214,1168 1214,1126 1168,1118 1054,1142 187,1113"/>
                <Baseline points="200,1158 244,1158 289,1161 334,1158 379,1158 423,1161 468,1161 513,1158 558,1158 603,1158 647,1158 692,1158 737,1161 782,1161 826,1161 871,1158 916,1158 961,1158 1006,1158 1050,1158 1095,1161 1140,1158 1185,1158 1221,1161"/>
                <TextEquiv>
                    <Unicode>Seine Seele verlangte keine Nachkommen, weil sie</Unicode>
                </TextEquiv>
            </TextLine>
            <TextLine id="r_35_tl_17" custom="readingOrder {index:16;}">
                <Coords points="192,1214 1214,1222 1214,1168 1168,1165 192,1168"/>
                <Baseline points="206,1209 232,1209 277,1209 322,1209 367,1209 412,1209 456,1209 501,1209 546,1209 591,1206 635,1206 680,1209 725,1209 770,1206 815,1209 859,1209 904,1209 949,1209 994,1209 1038,1209 1083,1209 1128,1209 1173,1209 1218,1206"/>
                <TextEquiv>
                    <Unicode>befürchtete, daß sie etwa nicht dumm genung copirt</Unicode>
                </TextEquiv>
            </TextLine>
            <TextLine id="r_35_tl_18" custom="readingOrder {index:17;}">
                <Coords points="189,1261 1214,1269 1214,1222 1170,1214 490,1238 189,1212"/>
                <Baseline points="203,1253 247,1256 292,1256 337,1256 382,1256 426,1256 471,1256 516,1253 561,1253 606,1253 650,1253 695,1253 740,1256 785,1253 829,1256 874,1253 919,1256 964,1256 1009,1253 1053,1253 1098,1253 1143,1253 1188,1253 1221,1253"/>
                <TextEquiv>
                    <Unicode>werden konte. Sie blieb also eine so einfache Mo¬</Unicode>
                </TextEquiv>
            </TextLine>
            <TextLine id="r_35_tl_19" custom="readingOrder {index:18;}">
                <Coords points="187,1318 1209,1318 1209,1272 1144,1264 187,1269"/>
                <Baseline points="200,1304 226,1304 271,1307 316,1304 361,1304 406,1304 450,1304 495,1304 540,1304 585,1304 629,1301 674,1301 719,1301 764,1301 809,1301 853,1301 898,1301 943,1304 988,1304 1032,1304 1077,1301 1122,1301 1167,1301 1212,1298"/>
                <TextEquiv>
                    <Unicode>nade, daß sie sich keinem andern Wesen in allen ihren</Unicode>
                </TextEquiv>
            </TextLine>
            <TextLine id="r_35_tl_20" custom="readingOrder {index:19;}">
                <Coords points="187,1362 317,1383 361,1362 384,1381 436,1360 924,1365 924,1318 880,1308 187,1318"/>
                <Baseline points="200,1349 244,1352 289,1352 334,1352 379,1349 423,1352 468,1349 513,1349 558,1352 603,1352 647,1349 692,1349 737,1349 782,1349 826,1349 871,1349 916,1349 928,1349"/>
                <TextEquiv>
                    <Unicode>vortreflichen Gaben mittheilen durfte.</Unicode>
                </TextEquiv>
            </TextLine>
            <TextLine id="r_35_tl_21" custom="readingOrder {index:20;}">
                <Coords points="234,1438 1103,1430 1217,1422 1220,1386 1054,1342 994,1378 236,1373"/>
                <Baseline points="247,1424 280,1418 325,1418 370,1418 414,1415 459,1415 504,1415 549,1415 594,1415 638,1415 683,1415 728,1415 773,1415 818,1415 862,1415 907,1415 952,1415 997,1412 1041,1415 1086,1412 1131,1412 1176,1412 1221,1409"/>
                <TextEquiv>
                    <Unicode>In diesen vollen und dickbeleibten Umständen be¬</Unicode>
                </TextEquiv>
            </TextLine>
            <TextLine id="r_35_tl_22" custom="readingOrder {index:21;}">
                <Coords points="189,1487 1212,1474 1212,1425 1155,1414 366,1440 189,1404"/>
                <Baseline points="203,1465 232,1468 277,1465 322,1468 367,1465 412,1465 456,1462 501,1465 546,1465 591,1465 635,1465 680,1465 725,1462 770,1462 815,1462 859,1465 904,1462 949,1462 994,1462 1038,1462 1083,1462 1128,1462 1173,1459 1218,1462"/>
                <TextEquiv>
                    <Unicode>fand sich unser Görge, als sein Bruder Christoph in</Unicode>
                </TextEquiv>
            </TextLine>
            <TextLine id="r_35_tl_23" custom="readingOrder {index:22;}">
                <Coords points="192,1544 2053,1534 2053,1471 1848,1461 192,1482"/>
                <Baseline points="206,1516 250,1519 295,1519 340,1516 385,1519 429,1516 474,1516 519,1516 564,1516 609,1516 653,1516 698,1516 743,1513 788,1516 832,1513 877,1516 922,1516 967,1513 1012,1513 1056,1513 1101,1513 1146,1510 1191,1513 1236,1510 1280,1510 1325,1510 1370,1510 1415,1510 1459,1513 1504,1510 1549,1510 1594,1510 1639,1510 1683,1510 1728,1510 1773,1510 1818,1510 1862,1513 1907,1510 1952,1513 1997,1510 2042,1513 2060,1516"/>
                <TextEquiv>
                    <Unicode>einem zerrißnen Rocke an seine Thür klopfte. Sein aus der Größe des Weltgebäudes bewies.</Unicode>
                </TextEquiv>
            </TextLine>
            <TextEquiv>
                <Unicode></Unicode>
            </TextEquiv>
        </TextRegion>
        <TextRegion id="r_44" custom="readingOrder {index:1;}">
            <Coords points="1235,1623 1235,3093 195,3093 195,1623"/>
            <TextLine id="r_44_tl_1" custom="readingOrder {index:0;}">
                <Coords points="389,1700 496,1715 605,1689 742,1718 784,1695 1022,1697 1022,1622 825,1645 768,1645 732,1614 711,1632 568,1611 389,1627"/>
                <Baseline points="403,1680 447,1680 492,1680 537,1680 582,1680 626,1683 671,1680 716,1683 761,1683 806,1683 850,1683 895,1680 940,1683 985,1683 1030,1683"/>
                <TextEquiv>
                    <Unicode>Manheim, vom 10. März.</Unicode>
                </TextEquiv>
            </TextLine>
            <TextLine id="r_44_tl_2" custom="readingOrder {index:1;}">
                <Coords points="234,1759 1220,1759 1220,1710 1160,1689 1051,1718 234,1702"/>
                <Baseline points="247,1746 292,1743 337,1743 382,1746 426,1746 471,1746 516,1746 561,1749 606,1746 650,1746 695,1746 740,1749 785,1749 829,1749 874,1749 919,1752 964,1749 1009,1749 1053,1749 1098,1746 1143,1749 1188,1749 1227,1746"/>
                <TextEquiv>
                    <Unicode>Die junge 10jährige Virtuosin, Maria Magda¬</Unicode>
                </TextEquiv>
            </TextLine>
            <TextLine id="r_44_tl_3" custom="readingOrder {index:2;}">
                <Coords points="182,1804 1217,1811 1217,1757 895,1754 862,1783 182,1757"/>
                <Baseline points="197,1794 241,1797 286,1797 331,1797 376,1800 420,1797 465,1797 510,1797 555,1797 600,1800 644,1803 689,1800 734,1803 779,1803 824,1803 868,1800 913,1803 958,1803 1003,1803 1047,1803 1092,1803 1137,1800 1182,1797 1224,1797"/>
                <TextEquiv>
                    <Unicode>lena Gräf, von Maynz gebürtig, deren Kunst man</Unicode>
                </TextEquiv>
            </TextLine>
            <TextLine id="r_44_tl_4" custom="readingOrder {index:3;}">
                <Coords points="192,1866 1214,1858 1214,1811 1139,1806 192,1809"/>
                <Baseline points="206,1851 235,1851 280,1848 325,1848 370,1848 414,1848 459,1848 504,1848 549,1848 594,1848 638,1848 683,1848 728,1851 773,1851 818,1851 862,1851 907,1851 952,1851 997,1851 1041,1851 1086,1851 1131,1848 1176,1848 1221,1845"/>
                <TextEquiv>
                    <Unicode>jüngsthin zu Frankfurt am Mayn bewunderte, hatte</Unicode>
                </TextEquiv>
            </TextLine>
            <TextLine id="r_44_tl_5" custom="readingOrder {index:4;}">
                <Coords points="187,1910 1214,1905 1189,1853 187,1868"/>
                <Baseline points="200,1892 244,1895 289,1895 334,1895 379,1895 423,1892 468,1892 513,1892 558,1892 603,1892 647,1892 692,1895 737,1895 782,1895 826,1895 871,1895 916,1895 961,1895 1006,1895 1050,1895 1095,1895 1140,1895 1185,1892 1221,1892"/>
                <TextEquiv>
                    <Unicode>bey letzt gehaltener Churfürstl. Akademie die höchste</Unicode>
                </TextEquiv>
            </TextLine>
            <TextLine id="r_44_tl_6" custom="readingOrder {index:5;}">
                <Coords points="192,1954 1214,1957 1196,1902 192,1910"/>
                <Baseline points="206,1940 250,1940 295,1940 340,1940 385,1940 429,1940 474,1940 519,1940 564,1940 609,1940 653,1940 698,1943 743,1940 788,1940 832,1940 877,1943 922,1943 967,1943 1012,1943 1056,1943 1101,1940 1146,1943 1191,1940 1218,1940"/>
                <TextEquiv>
                    <Unicode>Gnade, vor Ihro Churfürstl. Durchl. zu Pfalz,</Unicode>
                </TextEquiv>
            </TextLine>
            <TextLine id="r_44_tl_7" custom="readingOrder {index:6;}">
                <Coords points="202,2009 1214,2006 1214,1959 1178,1951 202,1954"/>
                <Baseline points="217,1994 262,1991 307,1988 352,1988 397,1991 441,1988 486,1988 531,1991 576,1988 620,1991 665,1991 710,1988 755,1991 800,1988 844,1988 889,1991 934,1991 979,1991 1024,1988 1068,1988 1113,1988 1158,1988 1203,1988 1221,1982"/>
                <TextEquiv>
                    <Unicode>Jhro Durchl. dem Herzog und dem Prinzen Friede¬</Unicode>
                </TextEquiv>
            </TextLine>
            <TextLine id="r_44_tl_8" custom="readingOrder {index:7;}">
                <Coords points="182,2047 1217,2045 1217,2006 1163,1998 182,2019"/>
                <Baseline points="197,2039 235,2042 280,2039 325,2042 370,2042 414,2042 459,2039 504,2039 549,2039 594,2042 638,2039 683,2039 728,2039 773,2039 818,2042 862,2042 907,2039 952,2039 997,2039 1041,2036 1086,2039 1131,2039 1176,2036 1221,2036"/>
                <TextEquiv>
                    <Unicode>rich von Zweybrücken, auch zahlreich versammleten</Unicode>
                </TextEquiv>
            </TextLine>
            <TextLine id="r_44_tl_9" custom="readingOrder {index:8;}">
                <Coords points="192,2110 1207,2094 1189,2045 192,2053"/>
                <Baseline points="206,2089 226,2089 271,2089 316,2089 361,2089 406,2089 450,2089 495,2089 540,2089 585,2089 629,2089 674,2089 719,2089 764,2089 809,2089 853,2089 898,2089 943,2089 988,2089 1032,2089 1077,2086 1122,2089 1167,2086 1212,2083"/>
                <TextEquiv>
                    <Unicode>hohen Adel, mit einem Concert auf dem Clavier</Unicode>
                </TextEquiv>
            </TextLine>
            <TextLine id="r_44_tl_10" custom="readingOrder {index:9;}">
                <Coords points="189,2146 1212,2143 1212,2094 1067,2089 189,2110"/>
                <Baseline points="203,2137 247,2140 292,2140 337,2140 382,2140 426,2140 471,2140 516,2140 561,2140 606,2140 650,2143 695,2143 740,2140 785,2143 829,2140 874,2140 919,2143 964,2140 1009,2140 1053,2140 1098,2140 1143,2140 1188,2137 1215,2137"/>
                <TextEquiv>
                    <Unicode>und Harfe sich hören zu laßen. Die höchsten und</Unicode>
                </TextEquiv>
            </TextLine>
            <TextLine id="r_44_tl_11" custom="readingOrder {index:10;}">
                <Coords points="187,2201 1209,2201 1209,2146 187,2146"/>
                <Baseline points="200,2185 244,2188 289,2188 334,2188 379,2188 423,2191 468,2191 513,2191 558,2191 603,2191 647,2194 692,2194 737,2194 782,2194 826,2194 871,2194 916,2194 961,2194 1006,2194 1050,2194 1095,2191 1140,2191 1185,2191 1215,2188"/>
                <TextEquiv>
                    <Unicode>hohen Herrschaften bezeigten nicht allein dero gnä</Unicode>
                </TextEquiv>
            </TextLine>
            <TextLine id="r_44_tl_12" custom="readingOrder {index:11;}">
                <Coords points="187,2242 1222,2247 1191,2201 187,2198"/>
                <Baseline points="200,2233 244,2236 289,2236 334,2236 379,2239 423,2239 468,2239 513,2239 558,2242 603,2242 647,2242 692,2242 737,2245 782,2242 826,2245 871,2248 916,2245 961,2245 1006,2245 1050,2242 1095,2242 1140,2242 1185,2242 1227,2239"/>
                <TextEquiv>
                    <Unicode>digste Zufriedenheit darüber, sondern auch die gan¬</Unicode>
                </TextEquiv>
            </TextLine>
            <TextLine id="r_44_tl_13" custom="readingOrder {index:12;}">
                <Coords points="187,2294 503,2328 797,2297 869,2330 1217,2315 1217,2250 187,2242"/>
                <Baseline points="200,2286 244,2280 289,2283 334,2286 379,2286 423,2286 468,2286 513,2289 558,2289 603,2289 647,2292 692,2292 737,2292 782,2295 826,2295 871,2295 916,2295 961,2295 1006,2295 1050,2295 1095,2295 1140,2292 1185,2292 1224,2292"/>
                <TextEquiv>
                    <Unicode>ze hiesige berühmte Hofcapelle beehrte sie mit ihrem</Unicode>
                </TextEquiv>
            </TextLine>
            <TextLine id="r_44_tl_14" custom="readingOrder {index:13;}">
                <Coords points="179,2356 197,2356 205,2348 221,2354 234,2341 260,2356 265,2351 291,2359 301,2346 330,2343 348,2354 363,2348 361,2302 348,2304 330,2294 317,2302 293,2291 262,2304 226,2289 215,2297 176,2291"/>
                <Baseline points="194,2325 238,2328 283,2331 328,2334 370,2334"/>
                <TextEquiv>
                    <Unicode>Beyfall.</Unicode>
                </TextEquiv>
            </TextLine>
            <TextLine id="r_44_tl_15" custom="readingOrder {index:14;}">
                <Coords points="405,2426 459,2442 581,2411 633,2439 773,2419 825,2447 895,2421 999,2437 996,2364 838,2361 758,2317 719,2346 664,2348 636,2323 566,2351 402,2346"/>
                <Baseline points="420,2397 465,2397 510,2397 555,2400 600,2400 644,2403 689,2403 734,2406 779,2406 824,2409 868,2409 913,2412 958,2412 1003,2418"/>
                <TextEquiv>
                    <Unicode>Inspruck, den 15. März.</Unicode>
                </TextEquiv>
            </TextLine>
            <TextLine id="r_44_tl_16" custom="readingOrder {index:15;}">
                <Coords points="234,2486 1217,2499 1217,2434 999,2416 880,2452 584,2413 441,2439 363,2398 231,2426"/>
                <Baseline points="247,2463 292,2463 337,2463 382,2463 426,2466 471,2469 516,2466 561,2469 606,2469 650,2469 695,2475 740,2475 785,2477 829,2480 874,2480 919,2483 964,2483 1009,2486 1053,2483 1098,2486 1143,2486 1188,2483 1224,2483"/>
                <TextEquiv>
                    <Unicode>Von hier aus sind verschiedene Fuhrwägen nach</Unicode>
                </TextEquiv>
            </TextLine>
            <TextLine id="r_44_tl_17" custom="readingOrder {index:16;}">
                <Coords points="182,2533 1165,2553 1220,2546 1220,2499 179,2470"/>
                <Baseline points="197,2513 241,2513 286,2513 331,2513 376,2513 420,2516 465,2516 510,2516 555,2516 600,2519 644,2519 689,2522 734,2525 779,2528 824,2528 868,2528 913,2531 958,2531 1003,2534 1047,2534 1092,2531 1137,2534 1182,2534 1227,2531"/>
                <TextEquiv>
                    <Unicode>Rovoredo abgegangen, um allda die aus Spanien</Unicode>
                </TextEquiv>
            </TextLine>
            <TextLine id="r_44_tl_18" custom="readingOrder {index:17;}">
                <Coords points="189,2574 1100,2603 1217,2598 1214,2541 187,2541"/>
                <Baseline points="200,2558 244,2564 289,2564 334,2564 379,2564 423,2564 468,2564 513,2564 558,2567 603,2564 647,2570 692,2570 737,2573 782,2576 826,2576 871,2576 916,2579 961,2582 1006,2582 1050,2582 1095,2582 1140,2582 1185,2582 1224,2579"/>
                <TextEquiv>
                    <Unicode>angekommene 195 Centner Bagage, worunter 36000</Unicode>
                </TextEquiv>
            </TextLine>
            <TextLine id="r_44_tl_19" custom="readingOrder {index:18;}">
                <Coords points="182,2621 1178,2652 1217,2600 179,2566"/>
                <Baseline points="197,2612 241,2615 286,2615 331,2612 376,2612 420,2612 465,2612 510,2615 555,2615 600,2618 644,2618 689,2621 734,2621 779,2624 824,2627 868,2627 913,2630 958,2630 1003,2633 1047,2633 1092,2633 1137,2630 1182,2633 1221,2633"/>
                <TextEquiv>
                    <Unicode>Mark Gold besindlich sind, abzuholen und anhero zu</Unicode>
                </TextEquiv>
            </TextLine>
            <TextLine id="r_44_tl_20" custom="readingOrder {index:19;}">
                <Coords points="182,2688 1209,2696 1209,2647 179,2621"/>
                <Baseline points="197,2660 241,2663 286,2663 331,2663 376,2666 420,2666 465,2666 510,2666 555,2666 600,2666 644,2666 689,2669 734,2669 779,2672 824,2672 868,2675 913,2678 958,2678 1003,2678 1047,2681 1092,2681 1137,2681 1182,2681 1215,2681"/>
                <TextEquiv>
                    <Unicode>transportiren. Das Beylager wird allhier auf das</Unicode>
                </TextEquiv>
            </TextLine>
            <TextLine id="r_44_tl_21" custom="readingOrder {index:20;}">
                <Coords points="184,2735 306,2733 330,2714 358,2733 407,2714 436,2740 467,2720 760,2735 758,2681 628,2675 586,2694 490,2665 418,2694 368,2673 182,2686"/>
                <Baseline points="197,2710 241,2710 286,2710 331,2713 376,2713 420,2713 465,2713 510,2716 555,2716 600,2713 644,2716 689,2716 734,2719 767,2722"/>
                <TextEquiv>
                    <Unicode>prächtigste gehalten werden.</Unicode>
                </TextEquiv>
            </TextLine>
            <TextLine id="r_44_tl_22" custom="readingOrder {index:21;}">
                <Coords points="815,2722 880,2730 913,2751 942,2735 1111,2738 1131,2751 1214,2740 1214,2696 1183,2688 994,2699 867,2678 815,2691"/>
                <Baseline points="829,2719 874,2722 919,2722 964,2725 1009,2728 1053,2728 1098,2728 1143,2728 1188,2731 1218,2728"/>
                <TextEquiv>
                    <Unicode>Alle immatriculirte</Unicode>
                </TextEquiv>
            </TextLine>
            <TextLine id="r_44_tl_23" custom="readingOrder {index:22;}">
                <Coords points="187,2787 1209,2787 1209,2740 913,2751 825,2717 187,2733"/>
                <Baseline points="200,2761 244,2758 289,2761 334,2761 379,2764 423,2761 468,2764 513,2764 558,2764 603,2767 647,2767 692,2767 737,2767 782,2770 826,2770 871,2767 916,2773 961,2773 1006,2776 1050,2779 1095,2779 1140,2779 1185,2779 1215,2782"/>
                <TextEquiv>
                    <Unicode>Scharf= und Scheibenschützen müssen paradiren, und</Unicode>
                </TextEquiv>
            </TextLine>
            <TextLine id="r_44_tl_24" custom="readingOrder {index:23;}">
                <Coords points="182,2823 903,2821 1134,2854 1217,2836 1214,2795 179,2784"/>
                <Baseline points="197,2809 241,2812 286,2812 331,2812 376,2812 420,2815 465,2815 510,2815 555,2818 600,2818 644,2818 689,2818 734,2815 779,2818 824,2818 868,2818 913,2821 958,2821 1003,2824 1047,2824 1092,2827 1137,2827 1182,2830 1221,2830"/>
                <TextEquiv>
                    <Unicode>alle gleich grün gekleidet erscheinen. Der Vorstadt</Unicode>
                </TextEquiv>
            </TextLine>
            <TextLine id="r_44_tl_25" custom="readingOrder {index:24;}">
                <Coords points="174,2870 1209,2893 1209,2839 171,2816"/>
                <Baseline points="188,2854 232,2857 277,2860 322,2860 367,2860 412,2863 456,2863 501,2863 546,2863 591,2866 635,2866 680,2866 725,2866 770,2869 815,2869 859,2869 904,2869 949,2869 994,2872 1038,2875 1083,2875 1128,2875 1173,2878 1215,2878"/>
                <TextEquiv>
                    <Unicode>Thurn ist wirklich über die Hälfte abgetragen, und</Unicode>
                </TextEquiv>
            </TextLine>
            <TextLine id="r_44_tl_26" custom="readingOrder {index:25;}">
                <Coords points="176,2917 1165,2966 2263,2943 2263,2896 2053,2880 176,2883"/>
                <Baseline points="191,2907 235,2910 280,2910 325,2910 370,2910 414,2910 459,2910 504,2913 549,2916 594,2913 638,2916 683,2916 728,2919 773,2916 818,2919 862,2922 907,2919 952,2922 997,2925 1041,2928 1086,2925 1131,2928 1176,2928 1221,2925 1224,2925 1244,2934 1280,2931 1325,2928 1370,2925 1415,2928 1459,2925 1504,2925 1549,2922 1594,2922 1639,2922 1683,2922 1728,2922 1773,2925 1818,2928 1862,2928 1907,2928 1952,2931 1997,2934 2042,2931 2086,2928 2131,2928 2176,2928 2221,2928 2266,2925"/>
                <TextEquiv>
                    <Unicode>wird zu dem neuen, oberhalb der Kronwirthsbehau= gegangene Nachricht vom Tode des Grafen Szembet</Unicode>
                </TextEquiv>
            </TextLine>
            <TextLine id="r_44_tl_27" custom="readingOrder {index:26;}">
                <Coords points="182,2984 262,3002 337,2979 654,2976 721,3000 753,2992 753,2927 179,2922"/>
                <Baseline points="197,2967 241,2964 286,2961 331,2964 376,2964 420,2961 465,2964 510,2967 555,2967 600,2970 644,2970 689,2970 734,2973 758,2973"/>
                <TextEquiv>
                    <Unicode>sung, im Grunde gearbeitet.</Unicode>
                </TextEquiv>
            </TextLine>
            <TextEquiv>
                <Unicode></Unicode>
            </TextEquiv>
        </TextRegion>
        <TextRegion id="r_83" custom="readingOrder {index:2;}">
            <Coords points="1253,344 2287,344 2287,816 1253,816"/>
            <TextLine id="r_83_tl_1" custom="readingOrder {index:0;}">
                <Coords points="1238,394 2263,402 2263,337 2167,317 2071,350 1754,314 1438,353 1238,324"/>
                <Baseline points="1253,385 1283,385 1328,388 1373,388 1418,388 1462,385 1507,385 1552,385 1597,382 1642,385 1686,385 1731,385 1776,388 1821,385 1865,388 1910,388 1955,388 2000,385 2045,385 2089,385 2134,385 2179,385 2224,382 2269,382"/>
                <TextEquiv>
                    <Unicode>Verstand, seine Dienstfertigkeit, sein Rath, seine</Unicode>
                </TextEquiv>
            </TextLine>
            <TextLine id="r_83_tl_2" custom="readingOrder {index:1;}">
                <Coords points="1238,446 2263,441 2263,402 2123,389 1238,394"/>
                <Baseline points="1253,435 1283,435 1328,435 1373,438 1418,435 1462,435 1507,435 1552,432 1597,432 1642,435 1686,435 1731,435 1776,435 1821,435 1865,435 1910,435 1955,435 2000,435 2045,432 2089,429 2134,432 2179,432 2224,432 2269,429"/>
                <TextEquiv>
                    <Unicode>Gaben ließen ihn immer noch hungern. Göͤrge er¬</Unicode>
                </TextEquiv>
            </TextLine>
            <TextLine id="r_83_tl_3" custom="readingOrder {index:2;}">
                <Coords points="1243,496 2268,498 2268,441 2198,433 1492,467 1243,444"/>
                <Baseline points="1256,483 1301,486 1346,486 1391,486 1436,486 1480,486 1525,483 1570,483 1615,483 1659,483 1704,483 1749,483 1794,483 1839,483 1883,483 1928,483 1973,483 2018,483 2063,483 2107,483 2152,480 2197,480 2242,483 2274,483"/>
                <TextEquiv>
                    <Unicode>barmte sich, und nahm ihn in seinem Hause auf.</Unicode>
                </TextEquiv>
            </TextLine>
            <TextLine id="r_83_tl_4" custom="readingOrder {index:3;}">
                <Coords points="1238,555 2265,540 2265,496 2177,485 1238,493"/>
                <Baseline points="1253,537 1286,537 1331,534 1376,534 1421,534 1465,534 1510,534 1555,531 1600,531 1645,534 1689,531 1734,531 1779,531 1824,531 1868,531 1913,534 1958,531 2003,531 2048,531 2092,534 2137,531 2182,531 2227,531 2271,531"/>
                <TextEquiv>
                    <Unicode>Und nach der Zeit an ist ein Sprüchwort aufgekom¬</Unicode>
                </TextEquiv>
            </TextLine>
            <TextLine id="r_83_tl_5" custom="readingOrder {index:4;}">
                <Coords points="1238,602 2263,589 2263,542 2195,537 1238,555"/>
                <Baseline points="1253,585 1283,588 1328,588 1373,582 1418,585 1462,582 1507,582 1552,582 1597,582 1642,579 1686,579 1731,579 1776,579 1821,579 1865,579 1910,582 1955,582 2000,582 2045,582 2089,582 2134,582 2179,582 2224,579 2269,579"/>
                <TextEquiv>
                    <Unicode>men, welches bey Menschen Gedenken nie vorher</Unicode>
                </TextEquiv>
            </TextLine>
            <TextLine id="r_83_tl_6" custom="readingOrder {index:5;}">
                <Coords points="1238,636 2263,670 2263,594 2133,581 1238,602"/>
                <Baseline points="1253,635 1283,635 1328,635 1373,635 1418,635 1462,635 1507,632 1552,632 1597,632 1642,632 1686,632 1731,632 1776,632 1821,632 1865,632 1910,632 1955,632 2000,632 2045,632 2089,632 2134,632 2179,629 2224,629 2269,632"/>
                <TextEquiv>
                    <Unicode>bekannt war. Man sagt nemlich mit vielem Recht:</Unicode>
                </TextEquiv>
            </TextLine>
            <TextLine id="r_83_tl_7" custom="readingOrder {index:6;}">
                <Coords points="1282,737 2265,729 2265,672 2198,654 1282,657"/>
                <Baseline points="1295,716 1331,716 1376,716 1421,716 1465,713 1510,713 1555,713 1600,710 1645,710 1689,710 1734,710 1779,710 1824,707 1868,710 1913,707 1958,707 2003,707 2048,710 2092,707 2137,710 2182,710 2227,710 2271,713"/>
                <TextEquiv>
                    <Unicode>Die Weisheit muß froh seyn, daß die Thorheit</Unicode>
                </TextEquiv>
            </TextLine>
            <TextLine id="r_83_tl_8" custom="readingOrder {index:7;}">
                <Coords points="1586,812 1669,794 1695,807 1726,786 1817,810 1840,794 1874,810 1949,810 1951,719 1586,729"/>
                <Baseline points="1600,776 1645,779 1689,779 1734,779 1779,779 1824,776 1868,773 1913,776 1955,776"/>
                <TextEquiv>
                    <Unicode>in der Welt ist!</Unicode>
                </TextEquiv>
            </TextLine>
            <TextEquiv>
                <Unicode></Unicode>
            </TextEquiv>
        </TextRegion>
        <TextRegion id="r_92" custom="readingOrder {index:3;}">
            <Coords points="2287,894 2287,1539 1253,1539 1253,894"/>
            <TextLine id="r_92_tl_1" custom="readingOrder {index:0;}">
                <Coords points="1412,981 2092,981 2092,906 2058,900 1412,911"/>
                <Baseline points="1427,958 1471,958 1516,958 1561,961 1606,958 1650,961 1695,961 1740,958 1785,958 1830,961 1874,961 1919,961 1964,958 2009,958 2054,958 2098,961"/>
                <TextEquiv>
                    <Unicode>Königsberg, den 15. Aptil.</Unicode>
                </TextEquiv>
            </TextLine>
            <TextLine id="r_92_tl_2" custom="readingOrder {index:1;}">
                <Coords points="1285,1046 2268,1038 2268,984 2224,958 2006,999 1964,971 1534,1002 1285,971"/>
                <Baseline points="1298,1030 1334,1030 1379,1030 1424,1030 1468,1030 1513,1030 1558,1032 1603,1032 1648,1030 1692,1030 1737,1030 1782,1030 1827,1030 1871,1030 1916,1030 1961,1027 2006,1030 2051,1030 2095,1030 2140,1030 2185,1027 2230,1030 2274,1027"/>
                <TextEquiv>
                    <Unicode>Gestern übergab der bisherige Prorector Magni¬</Unicode>
                </TextEquiv>
            </TextLine>
            <TextLine id="r_92_tl_3" custom="readingOrder {index:2;}">
                <Coords points="1246,1098 2263,1087 2263,1043 2221,1035 1246,1041"/>
                <Baseline points="1259,1080 1304,1083 1349,1080 1394,1080 1439,1080 1483,1080 1528,1083 1573,1083 1618,1080 1662,1080 1707,1080 1752,1080 1797,1080 1842,1077 1886,1080 1931,1077 1976,1077 2021,1077 2065,1077 2110,1077 2155,1077 2200,1077 2245,1077 2269,1080"/>
                <TextEquiv>
                    <Unicode>ficus, Herr D. Christoph Langhansen, der philoso¬</Unicode>
                </TextEquiv>
            </TextLine>
            <TextLine id="r_92_tl_4" custom="readingOrder {index:3;}">
                <Coords points="1243,1147 2271,1142 2271,1085 1243,1100"/>
                <Baseline points="1256,1131 1292,1128 1337,1128 1382,1128 1427,1128 1471,1131 1516,1131 1561,1131 1606,1131 1650,1131 1695,1131 1740,1131 1785,1131 1830,1131 1874,1125 1919,1128 1964,1128 2009,1128 2054,1128 2098,1128 2143,1125 2188,1128 2233,1128 2277,1128"/>
                <TextEquiv>
                    <Unicode>phischen Facultät Senior rc. im Namen des bishe=</Unicode>
                </TextEquiv>
            </TextLine>
            <TextLine id="r_92_tl_5" custom="readingOrder {index:4;}">
                <Coords points="1238,1196 2273,1196 2273,1139 2130,1131 1238,1150"/>
                <Baseline points="1253,1182 1292,1182 1337,1179 1382,1179 1427,1179 1471,1179 1516,1179 1561,1179 1606,1182 1650,1179 1695,1182 1740,1182 1785,1182 1830,1179 1874,1179 1919,1176 1964,1179 2009,1179 2054,1179 2098,1179 2143,1179 2188,1176 2233,1179 2277,1179"/>
                <TextEquiv>
                    <Unicode>rigen Rectoris Magnifici, Herrn Joh. Jac. Qvandt,</Unicode>
                </TextEquiv>
            </TextLine>
            <TextLine id="r_92_tl_6" custom="readingOrder {index:5;}">
                <Coords points="1246,1238 2273,1240 2239,1183 1246,1191"/>
                <Baseline points="1259,1230 1295,1230 1340,1230 1385,1230 1430,1230 1474,1230 1519,1230 1564,1230 1609,1230 1653,1230 1698,1230 1743,1230 1788,1227 1833,1230 1877,1227 1922,1227 1967,1224 2012,1230 2057,1230 2101,1227 2146,1227 2191,1227 2236,1227 2280,1227"/>
                <TextEquiv>
                    <Unicode>der theologischen Facultät Primarii, das academische</Unicode>
                </TextEquiv>
            </TextLine>
            <TextLine id="r_92_tl_7" custom="readingOrder {index:6;}">
                <Coords points="1238,1282 2273,1295 2273,1240 1238,1230"/>
                <Baseline points="1253,1277 1292,1277 1337,1274 1382,1277 1427,1277 1471,1277 1516,1277 1561,1277 1606,1277 1650,1277 1695,1277 1740,1277 1785,1277 1830,1277 1874,1277 1919,1277 1964,1277 2009,1274 2054,1277 2098,1277 2143,1277 2188,1274 2233,1277 2277,1274"/>
                <TextEquiv>
                    <Unicode>Rectorat an den ordinarium secundum der Juristen¬</Unicode>
                </TextEquiv>
            </TextLine>
            <TextLine id="r_92_tl_8" custom="readingOrder {index:7;}">
                <Coords points="1238,1344 2268,1336 2250,1292 1238,1292"/>
                <Baseline points="1253,1325 1298,1322 1343,1322 1388,1322 1433,1322 1477,1322 1522,1322 1567,1322 1612,1328 1656,1325 1701,1325 1746,1322 1791,1325 1836,1322 1880,1322 1925,1322 1970,1322 2015,1325 2060,1325 2104,1325 2149,1325 2194,1325 2239,1325 2274,1325"/>
                <TextEquiv>
                    <Unicode>Facultät, Herr D. Joh. Ludw. L’Estocq. Der neue</Unicode>
                </TextEquiv>
            </TextLine>
            <TextLine id="r_92_tl_9" custom="readingOrder {index:8;}">
                <Coords points="1233,1378 2268,1386 2268,1334 1233,1342"/>
                <Baseline points="1247,1364 1292,1367 1337,1367 1382,1367 1427,1367 1471,1367 1516,1367 1561,1367 1606,1367 1650,1367 1695,1367 1740,1367 1785,1367 1830,1367 1874,1367 1919,1367 1964,1370 2009,1367 2054,1370 2098,1370 2143,1370 2188,1373 2233,1370 2271,1370"/>
                <TextEquiv>
                    <Unicode>Herr Rector wird mit dieser Würde zum ersten mal</Unicode>
                </TextEquiv>
            </TextLine>
            <TextLine id="r_92_tl_10" custom="readingOrder {index:9;}">
                <Coords points="1233,1417 2271,1427 2271,1386 2221,1378 1233,1378"/>
                <Baseline points="1247,1409 1292,1412 1337,1409 1382,1409 1427,1412 1471,1412 1516,1409 1561,1412 1606,1412 1650,1412 1695,1412 1740,1415 1785,1412 1830,1415 1874,1412 1919,1415 1964,1415 2009,1412 2054,1412 2098,1415 2143,1415 2188,1418 2233,1418 2277,1415"/>
                <TextEquiv>
                    <Unicode>bekleidet. Der Herr Prorektor hielte zuvor eine</Unicode>
                </TextEquiv>
            </TextLine>
            <TextLine id="r_92_tl_11" custom="readingOrder {index:10;}">
                <Coords points="1233,1474 1848,1461 2268,1503 2268,1427 2180,1417 1233,1425"/>
                <Baseline points="1247,1456 1292,1459 1337,1459 1382,1459 1427,1459 1471,1459 1516,1456 1561,1456 1606,1459 1650,1459 1695,1459 1740,1459 1785,1459 1830,1459 1874,1459 1919,1459 1964,1459 2009,1462 2054,1462 2098,1462 2143,1462 2188,1462 2233,1465 2274,1468"/>
                <TextEquiv>
                    <Unicode>astronomische Rede, worinnen er die Größe GOttes</Unicode>
                </TextEquiv>
            </TextLine>
            <TextEquiv>
                <Unicode></Unicode>
            </TextEquiv>
        </TextRegion>
        <TextRegion id="r_68" custom="readingOrder {index:4;}">
            <Coords points="2287,1623 2287,3093 1253,3093 1253,1623"/>
            <TextLine id="r_68_tl_1" custom="readingOrder {index:0;}">
                <Coords points="1443,1695 2066,1695 2066,1650 1977,1617 1871,1622 1829,1650 1770,1619 1715,1648 1443,1617"/>
                <Baseline points="1456,1674 1501,1677 1546,1680 1591,1677 1636,1677 1680,1680 1725,1680 1770,1680 1815,1683 1859,1683 1904,1680 1949,1683 1994,1683 2039,1683 2071,1689"/>
                <TextEquiv>
                    <Unicode>Warschau, den 28. März.</Unicode>
                </TextEquiv>
            </TextLine>
            <TextLine id="r_68_tl_2" custom="readingOrder {index:1;}">
                <Coords points="1290,1749 2273,1757 2250,1692 1290,1687"/>
                <Baseline points="1304,1740 1349,1743 1394,1743 1439,1743 1483,1743 1528,1743 1573,1743 1618,1743 1662,1743 1707,1743 1752,1743 1797,1743 1842,1743 1886,1746 1931,1743 1976,1746 2021,1746 2065,1746 2110,1746 2155,1743 2200,1746 2245,1746 2277,1743"/>
                <TextEquiv>
                    <Unicode>Am verwichnen Donnerstag wurde allhier unter</Unicode>
                </TextEquiv>
            </TextLine>
            <TextLine id="r_68_tl_3" custom="readingOrder {index:2;}">
                <Coords points="1238,1809 2273,1809 2247,1754 1238,1752"/>
                <Baseline points="1253,1791 1298,1794 1343,1794 1388,1794 1433,1797 1477,1794 1522,1797 1567,1794 1612,1794 1656,1797 1701,1797 1746,1797 1791,1797 1836,1797 1880,1794 1925,1797 1970,1797 2015,1794 2060,1797 2104,1797 2149,1797 2194,1794 2239,1797 2280,1797"/>
                <TextEquiv>
                    <Unicode>Begleitung eines Uhlanencommando ein auf der</Unicode>
                </TextEquiv>
            </TextLine>
            <TextLine id="r_68_tl_4" custom="readingOrder {index:3;}">
                <Coords points="1238,1855 2265,1855 2265,1811 2195,1796 2107,1827 1238,1806"/>
                <Baseline points="1253,1842 1298,1842 1343,1845 1388,1845 1433,1845 1477,1845 1522,1845 1567,1845 1612,1842 1656,1845 1701,1845 1746,1845 1791,1845 1836,1845 1880,1845 1925,1845 1970,1845 2015,1845 2060,1845 2104,1845 2149,1845 2194,1845 2239,1845 2271,1845"/>
                <TextEquiv>
                    <Unicode>Gränze aufgefangener Courier eingebracht, welchen</Unicode>
                </TextEquiv>
            </TextLine>
            <TextLine id="r_68_tl_5" custom="readingOrder {index:4;}">
                <Coords points="1235,1897 2265,1902 2265,1853 1235,1855"/>
                <Baseline points="1250,1889 1295,1889 1340,1889 1385,1889 1430,1889 1474,1889 1519,1889 1564,1889 1609,1889 1653,1892 1698,1892 1743,1889 1788,1892 1833,1892 1877,1892 1922,1892 1967,1892 2012,1892 2057,1892 2101,1892 2146,1892 2191,1895 2236,1892 2271,1892"/>
                <TextEquiv>
                    <Unicode>der Hr. Obriste Stankiewiz, gewesener Poln. Resi¬</Unicode>
                </TextEquiv>
            </TextLine>
            <TextLine id="r_68_tl_6" custom="readingOrder {index:5;}">
                <Coords points="1238,1944 2229,1959 2268,1954 2265,1902 1235,1897"/>
                <Baseline points="1253,1934 1298,1937 1343,1934 1388,1937 1433,1937 1477,1934 1522,1937 1567,1937 1612,1937 1656,1937 1701,1937 1746,1937 1791,1937 1836,1937 1880,1937 1925,1937 1970,1937 2015,1937 2060,1937 2104,1940 2149,1940 2194,1940 2239,1940 2274,1943"/>
                <TextEquiv>
                    <Unicode>dent aus Constantinopel nach Bialistock mit Brief¬</Unicode>
                </TextEquiv>
            </TextLine>
            <TextLine id="r_68_tl_7" custom="readingOrder {index:6;}">
                <Coords points="1246,1993 2273,2001 2273,1949 2141,1941 1246,1944"/>
                <Baseline points="1259,1982 1304,1985 1349,1985 1394,1982 1439,1982 1483,1982 1528,1982 1573,1985 1618,1985 1662,1985 1707,1985 1752,1985 1797,1985 1842,1985 1886,1982 1931,1985 1976,1985 2021,1988 2065,1988 2110,1985 2155,1985 2200,1988 2245,1991 2280,1991"/>
                <TextEquiv>
                    <Unicode>schaften abgeschicket hatte, welche an Ihro Königl.</Unicode>
                </TextEquiv>
            </TextLine>
            <TextLine id="r_68_tl_8" custom="readingOrder {index:7;}">
                <Coords points="1238,2047 2273,2055 2273,2003 2115,1990 1238,1996"/>
                <Baseline points="1253,2033 1298,2033 1343,2030 1388,2033 1433,2030 1477,2030 1522,2030 1567,2030 1612,2030 1656,2033 1701,2033 1746,2033 1791,2033 1836,2033 1880,2033 1925,2033 1970,2030 2015,2033 2060,2033 2104,2033 2149,2033 2194,2036 2239,2039 2280,2039"/>
                <TextEquiv>
                    <Unicode>Maj. abgegeben worden; da sie aber mit Ziffern ge¬</Unicode>
                </TextEquiv>
            </TextLine>
            <TextLine id="r_68_tl_9" custom="readingOrder {index:8;}">
                <Coords points="1238,2094 2265,2105 2265,2050 1238,2047"/>
                <Baseline points="1253,2080 1298,2080 1343,2080 1388,2080 1433,2080 1477,2080 1522,2080 1567,2080 1612,2080 1656,2080 1701,2080 1746,2080 1791,2083 1836,2083 1880,2080 1925,2080 1970,2083 2015,2083 2060,2083 2104,2083 2149,2083 2194,2083 2239,2086 2271,2089"/>
                <TextEquiv>
                    <Unicode>schrieben gewesen, so ist der Inhalt noch unbekannt,</Unicode>
                </TextEquiv>
            </TextLine>
            <TextLine id="r_68_tl_10" custom="readingOrder {index:9;}">
                <Coords points="1235,2141 2271,2149 2271,2110 2167,2092 1235,2094"/>
                <Baseline points="1250,2131 1295,2131 1340,2131 1385,2131 1430,2131 1474,2131 1519,2131 1564,2131 1609,2131 1653,2131 1698,2131 1743,2131 1788,2131 1833,2131 1877,2131 1922,2131 1967,2131 2012,2131 2057,2131 2101,2134 2146,2134 2191,2134 2236,2137 2274,2137"/>
                <TextEquiv>
                    <Unicode>und man saget, daß solche Sr. Erlauchten dem Hrn.</Unicode>
                </TextEquiv>
            </TextLine>
            <TextLine id="r_68_tl_11" custom="readingOrder {index:10;}">
                <Coords points="1238,2193 2263,2206 2263,2156 2211,2143 2156,2169 2076,2138 1238,2141"/>
                <Baseline points="1253,2185 1298,2185 1343,2182 1388,2182 1433,2185 1477,2182 1522,2182 1567,2182 1612,2182 1656,2185 1701,2185 1746,2185 1791,2185 1836,2182 1880,2182 1925,2182 1970,2182 2015,2182 2060,2185 2104,2185 2149,2185 2194,2185 2239,2188 2269,2188"/>
                <TextEquiv>
                    <Unicode>Castellan von Cracau zugeschicket worden seyn. Der</Unicode>
                </TextEquiv>
            </TextLine>
            <TextLine id="r_68_tl_12" custom="readingOrder {index:11;}">
                <Coords points="1243,2242 2260,2247 2260,2206 2175,2188 2071,2216 1243,2190"/>
                <Baseline points="1256,2236 1301,2236 1346,2236 1391,2236 1436,2236 1480,2236 1525,2236 1570,2236 1615,2233 1659,2236 1704,2236 1749,2236 1794,2233 1839,2236 1883,2233 1928,2233 1973,2233 2018,2239 2063,2236 2107,2236 2152,2239 2197,2236 2242,2242 2266,2242"/>
                <TextEquiv>
                    <Unicode>Courier hingegen befindet sich bis dato bey Se.</Unicode>
                </TextEquiv>
            </TextLine>
            <TextLine id="r_68_tl_13" custom="readingOrder {index:12;}">
                <Coords points="1243,2291 2265,2299 2265,2250 2076,2234 1243,2242"/>
                <Baseline points="1256,2286 1301,2286 1346,2283 1391,2286 1436,2286 1480,2286 1525,2286 1570,2286 1615,2283 1659,2283 1704,2286 1749,2286 1794,2286 1839,2286 1883,2286 1928,2283 1973,2286 2018,2286 2063,2289 2107,2286 2152,2286 2197,2286 2242,2289 2271,2286"/>
                <TextEquiv>
                    <Unicode>Durchl. dem Fürsten Woywoden von Rußland als</Unicode>
                </TextEquiv>
            </TextLine>
            <TextLine id="r_68_tl_14" custom="readingOrder {index:13;}">
                <Coords points="1238,2341 2263,2348 2263,2299 2190,2291 1238,2297"/>
                <Baseline points="1253,2331 1298,2334 1343,2337 1388,2334 1433,2334 1477,2334 1522,2337 1567,2334 1612,2337 1656,2337 1701,2337 1746,2337 1791,2337 1836,2337 1880,2337 1925,2337 1970,2337 2015,2334 2060,2337 2104,2334 2149,2337 2194,2337 2239,2337 2269,2337"/>
                <TextEquiv>
                    <Unicode>Generalkronregimentario. Am verwichenen Sonn¬</Unicode>
                </TextEquiv>
            </TextLine>
            <TextLine id="r_68_tl_15" custom="readingOrder {index:14;}">
                <Coords points="1233,2393 2268,2393 2268,2348 2141,2338 1233,2351"/>
                <Baseline points="1247,2382 1292,2385 1337,2385 1382,2385 1427,2385 1471,2382 1516,2382 1561,2385 1606,2385 1650,2388 1695,2388 1740,2388 1785,2388 1830,2385 1874,2388 1919,2385 1964,2385 2009,2385 2054,2385 2098,2385 2143,2382 2188,2382 2233,2385 2271,2382"/>
                <TextEquiv>
                    <Unicode>tag geruheten Sr. Maj. nebst Dero hohen Familie</Unicode>
                </TextEquiv>
            </TextLine>
            <TextLine id="r_68_tl_16" custom="readingOrder {index:15;}">
                <Coords points="1243,2442 2265,2442 2265,2393 1243,2395"/>
                <Baseline points="1256,2433 1301,2433 1346,2433 1391,2433 1436,2433 1480,2433 1525,2433 1570,2433 1615,2433 1659,2433 1704,2436 1749,2433 1794,2436 1839,2436 1883,2436 1928,2436 1973,2433 2018,2433 2063,2433 2107,2433 2152,2433 2197,2430 2242,2433 2269,2433"/>
                <TextEquiv>
                    <Unicode>die Mittagsmahlzeit bey Sr. Durchl, dem Fürsten</Unicode>
                </TextEquiv>
            </TextLine>
            <TextLine id="r_68_tl_17" custom="readingOrder {index:16;}">
                <Coords points="1243,2496 2265,2491 2239,2442 1243,2442"/>
                <Baseline points="1256,2480 1301,2483 1346,2480 1391,2480 1436,2480 1480,2480 1525,2486 1570,2483 1615,2483 1659,2483 1704,2483 1749,2483 1794,2483 1839,2483 1883,2480 1928,2483 1973,2480 2018,2480 2063,2480 2107,2480 2152,2480 2197,2480 2242,2483 2271,2483"/>
                <TextEquiv>
                    <Unicode>Bischof von Ermeland beyzuwohnen, und da hoch¬</Unicode>
                </TextEquiv>
            </TextLine>
            <TextLine id="r_68_tl_18" custom="readingOrder {index:17;}">
                <Coords points="1240,2548 2265,2548 2268,2491 2086,2481 1243,2494"/>
                <Baseline points="1256,2537 1289,2534 1334,2534 1379,2531 1424,2531 1468,2531 1513,2531 1558,2531 1603,2534 1648,2534 1692,2534 1737,2534 1782,2534 1827,2534 1871,2531 1916,2531 1961,2528 2006,2528 2051,2528 2095,2528 2140,2531 2185,2531 2230,2531 2274,2534"/>
                <TextEquiv>
                    <Unicode>gedachter Fürst die Abnehmung der Huldigung von</Unicode>
                </TextEquiv>
            </TextLine>
            <TextLine id="r_68_tl_19" custom="readingOrder {index:18;}">
                <Coords points="1243,2592 2258,2592 2258,2543 2185,2535 1243,2548"/>
                <Baseline points="1256,2582 1301,2582 1346,2582 1391,2582 1436,2582 1480,2579 1525,2582 1570,2582 1615,2582 1659,2582 1704,2582 1749,2582 1794,2582 1839,2579 1883,2579 1928,2579 1973,2576 2018,2573 2063,2576 2107,2579 2152,2576 2197,2579 2242,2582 2263,2582"/>
                <TextEquiv>
                    <Unicode>denen größern Preußischen Städten wegen dero</Unicode>
                </TextEquiv>
            </TextLine>
            <TextLine id="r_68_tl_20" custom="readingOrder {index:19;}">
                <Coords points="1243,2647 2260,2655 2260,2592 2172,2582 1243,2592"/>
                <Baseline points="1256,2636 1280,2633 1325,2633 1370,2633 1415,2630 1459,2630 1504,2630 1549,2633 1594,2633 1639,2633 1683,2630 1728,2633 1773,2630 1818,2630 1862,2627 1907,2627 1952,2627 1997,2627 2042,2627 2086,2627 2131,2627 2176,2630 2221,2630 2266,2633"/>
                <TextEquiv>
                    <Unicode>schwächlichen Gesundheit verbethen, so sind von Sr.</Unicode>
                </TextEquiv>
            </TextLine>
            <TextLine id="r_68_tl_21" custom="readingOrder {index:20;}">
                <Coords points="1238,2696 2260,2694 2260,2644 2177,2634 1238,2647"/>
                <Baseline points="1253,2681 1298,2683 1343,2681 1388,2681 1433,2681 1477,2678 1522,2678 1567,2678 1612,2683 1656,2681 1701,2681 1746,2678 1791,2678 1836,2675 1880,2675 1925,2675 1970,2675 2015,2678 2060,2675 2104,2678 2149,2681 2194,2683 2239,2683 2266,2683"/>
                <TextEquiv>
                    <Unicode>Maj. darzu Sr. Excell. der Hr. Bischof von Cuja¬</Unicode>
                </TextEquiv>
            </TextLine>
            <TextLine id="r_68_tl_22" custom="readingOrder {index:21;}">
                <Coords points="1233,2753 1835,2725 2263,2748 2263,2691 1233,2694"/>
                <Baseline points="1247,2728 1292,2731 1337,2731 1382,2731 1427,2728 1471,2728 1516,2728 1561,2728 1606,2728 1650,2728 1695,2728 1740,2725 1785,2725 1830,2725 1874,2722 1919,2722 1964,2725 2009,2725 2054,2728 2098,2731 2143,2731 2188,2734 2233,2734 2269,2731"/>
                <TextEquiv>
                    <Unicode>vien ernennet worden, welcher Vorhabens ist, künf=</Unicode>
                </TextEquiv>
            </TextLine>
            <TextLine id="r_68_tl_23" custom="readingOrder {index:22;}">
                <Coords points="1233,2787 2263,2795 2263,2748 2073,2733 1233,2753"/>
                <Baseline points="1247,2779 1292,2782 1337,2779 1382,2779 1427,2776 1471,2776 1516,2776 1561,2776 1606,2776 1650,2776 1695,2776 1740,2773 1785,2773 1830,2773 1874,2773 1919,2776 1964,2776 2009,2779 2054,2782 2098,2782 2143,2782 2188,2782 2233,2782 2269,2782"/>
                <TextEquiv>
                    <Unicode>tige Woche dero Abreise von hier über Skierniewic</Unicode>
                </TextEquiv>
            </TextLine>
            <TextLine id="r_68_tl_24" custom="readingOrder {index:23;}">
                <Coords points="1233,2839 2260,2844 2260,2792 2229,2790 1233,2800"/>
                <Baseline points="1247,2830 1292,2830 1337,2830 1382,2827 1427,2827 1471,2824 1516,2827 1561,2824 1606,2827 1650,2824 1695,2821 1740,2824 1785,2821 1830,2824 1874,2827 1919,2830 1964,2830 2009,2833 2054,2833 2098,2833 2143,2833 2188,2833 2233,2833 2266,2833"/>
                <TextEquiv>
                    <Unicode>anzutreten, um daselbst bey Sr. Durchl. dem Für=</Unicode>
                </TextEquiv>
            </TextLine>
            <TextLine id="r_68_tl_25" custom="readingOrder {index:24;}">
                <Coords points="1243,2899 2260,2893 2260,2842 1243,2839"/>
                <Baseline points="1256,2878 1301,2881 1346,2878 1391,2878 1436,2875 1480,2875 1525,2875 1570,2872 1615,2872 1659,2872 1704,2872 1749,2872 1794,2875 1839,2878 1883,2878 1928,2881 1973,2881 2018,2884 2063,2881 2107,2881 2152,2881 2197,2881 2242,2881 2266,2878"/>
                <TextEquiv>
                    <Unicode>sten Primas das Osterfest zu celebriren. Die ein=</Unicode>
                </TextEquiv>
            </TextLine>
            <TextLine id="r_68_tl_26" custom="readingOrder {index:25;}">
                <Coords points="1233,3002 1723,2982 2105,3015 2252,2992 2252,2938 1230,2945"/>
                <Baseline points="1244,2982 1274,2982 1319,2982 1364,2979 1409,2979 1453,2979 1498,2979 1543,2979 1588,2979 1633,2979 1677,2979 1722,2979 1767,2982 1812,2982 1857,2985 1901,2985 1946,2985 1991,2985 2036,2985 2080,2985 2125,2982 2170,2979 2215,2979 2260,2979"/>
                <TextEquiv>
                    <Unicode>Woywoden von Liefland wird nicht bestätiget, viel=</Unicode>
                </TextEquiv>
            </TextLine>
            <TextLine id="r_68_tl_27" custom="readingOrder {index:26;}">
                <Coords points="2123,3060 2151,3054 2156,3060 2169,3057 2177,3065 2203,3065 2208,3060 2252,3065 2252,2989 2232,2992 2211,2987 2198,2997 2159,2995 2154,2989 2136,3008 2123,3008"/>
                <Baseline points="2137,3030 2182,3030 2227,3030 2260,3030"/>
                <TextEquiv>
                    <Unicode>mehr</Unicode>
                </TextEquiv>
            </TextLine>
            <TextEquiv>
                <Unicode></Unicode>
            </TextEquiv>
        </TextRegion>
    </Page>
</PcGts>
