2799 3213
639 523 1498 608 Herz, ein Duell auszuschlagen, und ein armes Mäd¬
641 639 1493 691 kommt der Anna Howe in der Clariße an Humor und
641 730 1495 774 man schließen, und wenn es nöthig wäre, nach allen
641 763 1500 824 Figuren der Syllogistick beweisen, daß er in Absicht
639 850 1504 929 einem Engländer hätte geschrieben werden können.
634 881 841 966 Kostet 2 fl.
979 1029 1168 1129 Danzig.
682 1090 1498 1168 Allen Liebhabern der Künste sowohl, als der resp.
639 1147 1498 1214 Kaufmannschaft wird hiedurch bekannt gemacht, daß
632 1206 1495 1254 gegen Ausgang dieses Monats der Anfang einer Samm¬
639 1247 1498 1293 lung von 8 Kupferstichen herauskommen wird, welche
639 1286 1498 1334 die polnische Abkunft, oder die verschiedenen Arten der
639 1330 1498 1371 Schiffe und Flösse, worauf die polnische Producten die
639 1369 1491 1441 Weichsel hinab nach Danzig geführet werden, vorstel
630 1397 719 1463 len.
632 1509 2058 1578 breit, ist eine Beschreibung der abgebildeten Fahrzeuge, zu wiederholen, belieben werden.
632 1557 1495 1602 deren verschiedene Benennung, die Anzahl der Lasten
637 1600 1487 1648 und der Ruderer, so sie führen, nebsi anderen für Lieb¬
641 1639 1491 1687 haber so wohl als Kaufleute sehr unterhaltenden Par=
641 1683 1493 1735 tikularitäten in deutscher und französischer Sprache bey¬
639 1720 791 1781 gefüget.
1561 530 2385 623 Dieses Werk, welches verschiedene Gönner in Dan¬
639 604 2383 667 chen einer reichen Braut vorzuziehen. Miß Grierson zig durch ihren Beyfall und einen ansehnlichen Zuschub
1522 652 2383 706 auf das rühmlichste unterstützt haben, befindet sich un¬
637 678 2381 754 Güte gleich. Hieraus kann man auf den ganzen Ro= ter den Händen eines der geschicktesten Kupferstecher
1519 732 2378 783 in Berlin; und da zwey Männer, deren Namen in
1522 776 2376 831 den Denkbüchern der Kunst unvergeßlich seyn werden,
641 804 2383 868 seiner Güte eben so gut von einem Deutschen, als von aus besonderer Gewogenheit die Mühe der Aufsicht
1528 859 2381 918 darüber über sich genommen haben, so darf man nicht
1526 900 2381 970 befürchten, daß es nicht jeder Erwartung entsprechen
1522 937 1633 994 sollte.
1567 955 2383 1029 Um es aber noch interessanter zu machen, hat man
1519 1029 2376 1081 zum Hintergrunde die Prospecte der besten Gegenden
1526 1070 2381 1125 in und außer der Stadt nach Gelegenheit derer Sa¬
1519 1107 2361 1153 chen, so auf jedem Kupfer vorgestellet sind, gewählet.
1559 1151 2387 1199 Da dieses aber eine mit vielen Kosten verbundene
1519 1186 2381 1247 Unternehmung ist, so hat man den Weg der Pränu¬
1526 1230 2385 1282 meration eingeschlagen, und selbige zu vier Ducaten
1530 1273 2381 1332 festgesetzet, so, daß da jede Lieferung aus 2 Kupfer be¬
1526 1315 2376 1365 stehet, womit zu Ende dieses Monats der Anfang ge¬
1526 1358 2385 1410 macht, und alle drey Monate fortgefahren wird, die
1522 1397 2381 1456 resp. Herren Pranumeranten einen Ducaten gegen
1522 1443 2370 1495 Schein zu erlegen, und bey jedesmaliger Ablieferung
663 1474 2383 1539 Jedem Kupfer, welches 14 Zoll hoch und 28 Zoll bis auf der letzten so sie unentgeldlich bekommen,
1559 1528 2376 1631 Nach der Subseription wird das vollständige Exem¬
1515 1600 2097 1652 plar nicht unter 6 Ducaten verkauft.
1803 1626 2376 1700 Friedrich Anthon August Lohrmann.
1552 1681 2383 1757 Der Verleger dieser Zeitung nimmt allhier in Kö¬
1515 1724 2049 1799 nigsberg die Pränumeration an.
844 1846 1301 1923 Bertin, vom 19. Febr.
682 1888 1493 1966 Se. Königl. Majestät, haben das durch jüngsthin
643 1949 1495 2001 erfolgte Absterben des Generalmajors, Herrn von
643 1997 1493 2051 Puttkammer, erledigte Regiment, dem Obersten und
641 2084 1502 2134 Regiments, Herrn von Kowalsky, hinwiederum con¬
647 2126 1495 2178 feriret. Vorgestern, des Abends, kamen Se. Kö¬
643 2206 1498 2261 hohen Wohlseyn, aus Petersburg zurück, und reiseten
639 2293 1498 2335 dam. Am Sonntage ist der zum Gesandten an dem
632 2328 1498 2385 hiesigen Königl. Hofe ernannte Königl. Dänische Kam=
632 2372 1495 2437 merherr, Herr von Larrey, hier angelanget. Gestern
634 2413 1493 2468 wurde mit der Ziehung der vierten Classe der Königl.
639 2457 1491 2507 vierten Classenlotterie, auf dem Berlinschen Rath¬
632 2544 1493 2596 winnsten sielen auf Berlin in die Adam=Antony=P.
632 2588 2376 2649 Conver=Schwenzer- und Weydmannsche Collecte das Panin Stelle, der General en Chef Dokoorucki in
628 2623 2376 2690 Looß von 1000 Rthirn. auf Nr. 15362, und auf Kö= Klein= und Neureußland befehliget, zu verseehen. Die¬
632 2664 1491 2742 nigsberg in Preussen bey Hübnern ein Looß von 100
634 2710 1033 2788 Rehlen. auf Nr. 6888.
1681 1849 2224 1934 Warschau, vom 2. Februar.
1567 1890 2376 1982 Die Contractzeiten in Lemberg sind wenig besucht
1524 1938 2376 2027 worden. Des Geldes ist aber unglaublich viel gewe¬
1526 2003 2374 2064 sen, um damit Anlehne machen zu können. Würde
641 2043 2376 2108 bisherigen Commandeur Braunschweig-Bevernschen man schon mit dem Anfange dieses Jahres so viel gu¬
1526 2088 2374 2152 te Nachrichten gehabt haben von dem Aufhören der
1526 2128 2367 2187 Pest, wie wir solche jetzt von allen Orten einstimmi¬
639 2176 2383 2234 nigl. Hoheit, der Prinz Heinrich, bey erwünschtem und anhaltend bekommen, so würden auch gewiß meh¬
1522 2219 2381 2276 rere Herrschaften und Leute nach Lemberg gereiset seyn.
641 2254 2374 2311 gestern fruh zu Sr. Majestät, dem Könige, nach Pots= Von der Rußischen Armee haben wir nichts neues.
1519 2296 2374 2359 Es ist aber gewiß daß so wie nichts von derselben nach
1526 2337 2376 2394 Polen gekommen, obgleich in vielen Blättern davon
1526 2387 2370 2444 zu lesen gewesen, daß selbige früher wie sonst noch nie
1526 2422 2370 2474 ihren Feldzug anfangen werden. Dieß ist nicht nur
1522 2468 2370 2520 von der Armee, welche der Generalfeldmarschall Ro¬
634 2492 2376 2562 hause, der Anfang gemacht. Unter den gezogenen Ge= manzow in der Wallachey und der Moldau befehliget,
1522 2548 2374 2609 sondern auch von der, welche an des General en Chef
1522 2673 2372 2729 ser wird gleich mit dem ersten Frühling in die Crimm
1511 2723 2376 2803 gehen, so wie jener über die Donau, es sey dann, daß
