2679 3213
892 1442 1838 1530 21tes Stück. Freytag, den 15. März 1771.
821 1511 1028 1601 Hamburg.
530 1573 1353 1666 G. L. Herrenschmidts, Grundrisse seiner Predigten
487 1633 681 1702 von 1769.
534 1664 1353 1746 Der Herr Senior bekümmert sich wenig um neue
496 1730 1343 1786 Wahrheiten, und Wendungen für die alte Wahrheit
491 1851 1340 1905 ihren Theilen, und leitet daraus das Nöthige zur Ue
489 2280 2207 2332 an seine Gläubigen, 1) Ihr sollt mich sehen. 2) Ihr ben die letzten Arbeiter eben so viel, als die erstern be¬
483 2448 2200 2508 Dom. 22 p. Trin. die Erinnerung Christi an einen be= sers Erachtens, da er die Veranlassung der Parabel
489 2487 2207 2545 gnadigten Sünder: 1) siehe zu, du bist gesund worden, durch die Frage der Apostel, Matth. 19, 27. Was
481 2528 2215 2580 2) sündige fort nicht mehr, 3) damit dir nicht etwas wird uns dafür, daß wir alles verlassen haben? nicht
483 2569 2207 2620 ärgers widerfahre. Kostet in der Kanterschen läugnen kann, noch gar nicht überzeugend bewiesen,
483 2608 955 2687 Buchhandlung 2 fl. 15 gr.
1728 1526 1866 1584 Jena.
1403 1560 2228 1659 Erklärungen schwerer Stellen aus den göttlichen
1360 1625 1899 1692 Schriften den N. T. Erster Th.
1392 1674 2222 1748 Der V. ist Herr Blasche in Jena. Ihn nach dieser
1362 1724 2215 1797 Schrift zu beurtheilen, wünschten wir, daß alle exege¬
498 1780 2220 1834 Er abstrahirt gemeinhin aus seinen Texten eine allge= tische Arbeiten auf dieselbe Weise beschaffen wären,
496 1823 2220 1873 meine, bekannte Materie, zergliedert sie nach allen nämlich: voll Rücksicht und Prüfung dessen, was schon
1364 1855 2220 1909 gesagt ist, voll Reinigkeit des Glaubens, und voll klu¬
489 1903 2215 1957 berzeugung und Rührung der Zuhörer her. Wir ha= gen Gebrauch, auch einer logischen Denkart, die der
489 1944 2222 1996 ben auch so gar nichts eindrückliches und an sich ziehen. Hermenevtischen gewiß nicht widerspricht. Dieser er¬
491 1987 2215 2043 des darinn bemerkt, daß wir die Ausgabe seiner Grund= ste Theil enthält zwo Stücke. 1) Von den Arbeitern
489 2019 2215 2080 risse bloß dem Etikette, das in Hamburg herrscht, zu= im Weinberge. 2, Von der Rechtfertigung durch die
496 2077 2220 2129 schreiben; sonst trauen wir dem V. alle Gaben zu, um Werke Jac. 2. Dornigt gnug ist jeder Vorwurf. Im
489 2114 2213 2170 auch mehr zu sagen, als er gesagt hat. Inzwischen ersten Stück zeigt der V. den Endzweck des Gleichnist
498 2153 2220 2211 sind die Hauptwahrheiten des Glaubens überall mit ses sey bloß dieser, zu beweisen: daß vor Gott keine
489 2192 2213 2252 guten Beweisen unterstützt. Ein paar Themata zur Verdienstlichkeit der Werke statt finde, sondern daß er
491 2228 2213 2297 Probe Dom. Quasimodog: die Verheißung Christi den guten Willen statt der That ansehe; deshalb ha¬
498 2323 2209 2377 sollt leben. Dom. 3 p. Trin. das Bekenntniß und kommen. Der V. will durchaus nicht, wie Mos¬
493 2370 2211 2429 Bitte eines bußfertigen Sünders: 1) Ich bin ein heim erklärt, daß Christus hier auf die ersten Lehrer
489 2405 2213 2457 verirrt und verloren Schaaf. 2) Suche deinen Knecht. des Christenthums gesehen habe, und doch hat er, un¬
1355 2608 2205 2661 daß die Parabel keine Antwort auf diese Frage war,
1358 2648 2207 2700 Sodann, wenn wir auch mit der Erklärung des V.
1355 2694 2207 2750 zufrieden seyn wollten, so wünschten wir doch, daß er
1362 2737 2211 2814 auf den Einwurf, den man ihm dabey machen könnte,
2099 2778 2209 2853 geant¬
