2679 3213
1049 476 1687 584 Beylage zum 13ten Stück,
534 582 2193 694 der Königsbergschen gelehrten und politischen Zeitung, 1771.
854 848 1021 926 Beylage.
567 891 1367 977 Die Größe der Kaufmannsschiffe wird nach Tonnen-
517 952 1365 1038 geschätzt, davon eine 2000 Pfund schwer ist. Die Last
517 1010 800 1068 halt zwo Tonnen.
571 997 1367 1086 Die Schiffahrt hat verschiedene Mittel, den Lauf
515 1062 1298 1157 zu bestimmen, den ein Schiff auf dem Meere halt
575 1077 1378 1168 Die Magnetnadel weist die vier Gegenden der Welt.
573 1135 1375 1205 Wenn man auf einem Schiffe die Mittagshöhe der
517 1174 1378 1235 Sonne oder eines Sternes nimmt, so kan man die Breite
517 1211 1378 1278 des Schiffes oder die Entfernung desselben von dem Ae=
521 1259 1172 1319 quator gegen Norden oder Süden finden.
584 1267 1380 1356 Zur Vollkommenheit der Schiffahrt hat bis hiehen
525 1317 1384 1388 nichts weiter gefehlt, als eine siechere Anweisung, die
528 1354 1382 1421 Länge zu finden, oder an einem jeden Ort auf der See
530 1395 1397 1462 zu wissen, wie weit ein Schiff gegen Morgen oder geben
532 1432 1395 1492 Abend von dem Orte, wo es ausgereist ist, oder von einem
532 1462 1393 1544 jeden andern Orte, dessen Mittagszirkel bekannt ist, sich
532 1501 1395 1568 entfernt befindt, oder, welches einerley ist, die Anzahl
532 1542 1388 1602 der Meilen zu bestimmen, die man gegen Morgen oder
534 1574 1390 1648 gegen Abend zurück gelegt hat, seit dem man den Hafen
534 1637 794 1695 verlassen hat.
599 1618 1403 1715 Ausser den Mitteln, welche die Sonnen- und Mond-
543 1682 1397 1754 Finsternisse und die Bedeckungen eines Sternes durch
541 1721 1397 1784 den Mond den Seefahrern darbieten, bedienen sie sich
541 1758 1397 1832 hiezu gewöhnlicher maßen der Lokleine, welche von ihrem
547 1793 1399 1866 Erfinder, einem Engelländer, diesen Namen hat. Das
545 1834 1395 1907 Lock ist nichts anders, als ein acht bis neun Zolle langes
549 1862 1406 1938 Stück Holz, welches zuweilen wie der Boden eines
549 1905 1403 1970 Schiffes gestaltet ist, und das man mit ein wenig Bley
543 1944 1403 2013 beschwehrt, damit es auf dem Wasser an der Stelle bleibe
549 1974 1403 2044 wohin es geworfen wird. Die Lokleine ist ein Strick
551 2018 1412 2080 der an das Lok befestigt ist, welcher den Lauf des Schiffes
556 2054 1406 2130 zu schätzen dient, und den man aus dem Schiffe abwinde
556 2087 1414 2162 währender Zeit, als es sich von dem Lok entfernt. Ge¬
556 2128 1414 2206 meiniglich braucht man hiezu eine Zeit von dreyßig Se¬
554 2160 1416 2234 kunden. Nach Verlauf derselben mißt man den Theil
564 2201 1419 2275 des Strickes, welcher sich zwischen dem Lok und dem
564 2240 1421 2305 Schiffe befunden. Es hat zu diesem Ende die Lokleine
564 2268 1421 2338 verschiedene Knoten, welche immer ein und vierzig Fuß
560 2314 1419 2377 und acht Zolle von einander entfernt sind, und deren
571 2344 1434 2422 jeder den dritten Theil einer Meile anzeigt. Wenn man
567 2385 1434 2448 daher die Lokleine innerhalb einer halben Minute um
567 2422 1429 2487 drey Knoten abgewunden hat, so rechnet man, daß man
571 2452 1427 2528 eine Meile in einer Stunde fortgesegelt ist. Man muß
575 2496 1425 2573 diese Arbeit alle zwo Stunden wiederholen, und keinen
575 2526 1436 2597 Tag aussetzen, um zu berechnen, wie viele Meilen das
569 2567 1434 2638 Schiff jeden Tag fortgerückt ist, und folglich, wie viele
582 2608 1427 2671 Meilen es seit der Zeit, da es aus dem Haven ausgelau-
580 2627 1615 2707 fen ist, zurückgelegt hat. Da aber die Lokleine vieler gerechnet.
577 2677 1434 2746 Ungewißheit unterworfen ist, theils wegen der verborgenen
580 2710 1436 2781 Ströhme in dem Meer, theils wegen der Ungleichheit des
586 2746 1442 2863 Windes, welcher in den zwo Stunden, da man das Lock
504 746 2240 876 Fortsetzung des im 11ten Stück abgebrochenen nicht auswirft, selten in einem gleichen Grad der Stärke
1388 802 2247 859 verbleibt; und über dieses die Sturme öfters gar ihren
1395 837 2245 902 Gebrauch hindern: so hat man längstes auf bequemere
1395 874 2251 934 und sichere Mittel gedacht. Alle Kenner sind darinn
1395 915 2249 975 überein gekommen, daß wenn man zu einer gewissen
1399 945 2247 1008 Stunde des Tages an dem Orte des Meeres, wo sich
1397 988 2255 1047 das Schiff befindt, wissen könnte, wie viel Uhr es an
1397 1021 2253 1075 dem Orte ist, wovon man abgefahren ist/ so wäre dieses
1397 1055 2251 1114 die leichteste und gewisseste Art, die Länge des Schiffs
1397 1096 2251 1153 zu bestimmen. Denn wenn man alsdenn den Unterschied
1399 1133 2253 1198 dieser Stunden nimmt und sie in Grade des Aequators
1403 1168 2258 1226 verwandelt, so hat man die Anzahl der Grade, welche
1403 1205 2260 1269 das Schiff von dem Orte entfernt ist, wovon es abge
1412 1241 2130 1317 fahren ist, und dessen Lange vorhin bekannt ist.
1449 1261 2266 1343 Nichts würde bequemer seyn, diesen Endzweck zu
1414 1319 2264 1375 erreichen, als eine Uhr, die nicht nur sehr richtig gienge
1419 1343 2273 1419 sondern die auch weder durch die Bewegung des Schiffs,
1419 1395 2268 1455 noch durch die verschiedene Grade der Hitze und Kälte,
1419 1429 2273 1486 welcher sie ausgesetzt ist, nicht die geringste Veränderung
1419 1466 2277 1522 lidte. Wenn man eine solche Uhr nach der Mittagslinie
1419 1501 2275 1568 des Orts stellte, welchen man verlassen soll, so würde
1414 1533 2271 1609 man alle Augenblicke wissen können, wie viel Uhr es zu
1414 1581 2048 1637 einer gewissen Zeit an demselben Orte ist.
1475 1587 2275 1672 Herr Harrison, ein Engellander, hat diese so sehnlich
1429 1650 2277 1713 gewünschte Uhr endlich der Welt mitgetheilet. Auf einer
1421 1685 2281 1743 Reise von Portsmuth nach der Insel Barbasos ist ihre
1429 1719 2286 1780 Abweichung nicht mehr als dreyßig Sekunden gewesen,
1427 1758 2275 1821 welches kaum den vierten Theil eines Grades macht,
1427 1793 2281 1855 auf einer Reise, auf welcher man mehr als 12 Wochen
1423 1845 1685 1909 zugebracht hat.
1488 1845 2281 1922 Man kan ein Schiff, die Ladung, die Freyheit des
1434 1899 2284 1961 Schiffvolks und in einigen Handelsplätzen so gar das
1434 1938 2251 2020 Leben der Matrosen und der Officiere versichern lassen.
1499 1959 2290 2044 Die Primen haben einen regulirten Curs auf alle
1449 2015 2290 2082 Jahrszeiten in den verschiedenen Gewässern, eben so wie
1434 2046 2290 2121 der Wechsel. Der Krieg und die Jahreszeit sind die
1432 2095 2277 2167 einzigen Ursachen, welche denselben zuweilen ändern.
1501 2124 2299 2188 In Hamburg wird gemeiniglich in den Wintermo-
1445 2160 2294 2225 naten bezahlt nach Holland 2 bis 2 1, 2 von hundert:
1442 2199 2297 2266 nach London 2 bis 3 nach Spanien und Portugal 4. 1, 2
1445 2232 2299 2294 bis 5 nach Venedig 6 bis 7. Im Sommer und Frühling
1445 2275 2299 2338 hingegen sind die Assekuranzprämien für Holland 1 bis 1
1451 2301 2307 2374 1,4; für Londen 1 bis 1. 1,2; fz; Spanien und Portugal
1449 2340 2305 2411 1 bis 1. 1. 2; für Venedig 3 bis 3. 1, 2. Nach Indien blei-
1451 2377 2305 2452 ben sie sonst immer einerley. Nach Westindien werden
1451 2431 2087 2493 4 p. c. und nach Ostindien 7 p. e. bezahlt.
1514 2431 2312 2519 Man rechnet gemeinlich auf hundert Risico und zwo
1458 2485 2312 2565 Havereyen einen Sinister. Dieser wird angenommen
1451 2528 2312 2591 als wenn gar keine Hoffnung wäre, wieder etwas zu er-
1458 2558 2314 2634 halten. Die zwo Havereyen werden für einen Sinister
1516 2608 2266 2714 Dieses Verhältniß des Risico gegen die Sinister t
1466 2669 2323 2744 vollkommen mit einer Berechnung zu, welche bey dem
1460 2703 2318 2820 Französischen Seewesen gemacht worden, und wodurch
