2679 3213
467 521 2208 627 hier einen geringen Stoß von einer Erderschütterung Protestationen, welche in dem Arret befindlich wären,
474 593 2204 668 verspürt; um 4 Uhr erfolgte ein zweyter, und so hefti= verharren wollte, und daß die Kammern bloß der öf¬
480 644 1334 716 ger, daß alles darüber erwachte, und den darauf fol¬
482 856 1339 906 auf das Land in die Weite sich flüchtete, und einige die
480 943 1334 999 zubrachten. Nach der Hand hat man noch mehrere
482 1166 2191 1250 liche Gebete in den hiesigen Kirchen angefan= weshalb man beschlossen, dem Könige ein versiegeltes
480 1241 2191 1313 richt erhalten, daß die Türken einige Hülfstruppen von Graf von Stainville, Schwager des Herzogs vor
480 1308 1339 1360 der Afrikanischen Küste erhalten, und daß eine Flotte
482 1421 2009 1490 mit den Türkischen Schiffen vereiniget habe, so sind so= glücklichen Duells sind noch nicht bekannt.
478 1468 1339 1527 gleich von hier aus nach Meßina und nach andern Hä=
482 1512 1328 1572 fen des Mittelländischen Meeres, wo sich Rußische
482 1548 1339 1600 Schiffe befinden, von dem Rußischen Befehlshaber die
482 1596 1328 1654 gemessenen Befehle abgefertiger worden, sich wieder zun
482 1635 1328 1682 Auslaufen bereit zu halten. Der Graf von Orlow
489 1717 1330 1778 sich bereits an Bord seines Schiffes begeben, von wel
487 1758 1334 1819 chem man viele Kanonenschüsse allhier gehört hat; eben
487 1834 1328 1892 bens bemerkt wurden. Die Rußischen Schiffe zu
487 1877 1334 1944 Portmahon haben gleichfalls ihren Lauf nach dem Ar=
478 1927 1334 1977 chipelagus genommen, und es scheint, daß wir nun¬
478 1964 1326 2028 mehr bald wichtige Nachrichten von daher werden
478 2007 1341 2061 zu vernehmen haben. Auch hier versichert man,
487 2050 1334 2126 daß die Insel Lemnos von den Russen erober
478 2100 627 2152 worden.
705 2126 1114 2210 Paris, vom 21. Jan.
525 2186 1334 2258 Als der erste Präsident dem Könige das Arret des
480 2238 1326 2307 Parlements vom 7ten dieses übergeben hatte, bekan
482 2303 1341 2344 er von Sr. Majestät folgende Antwort: "Mein Par¬
482 2338 1336 2398 lement hat seine Schuldigkeiten gethan, da es seine ge¬
478 2498 1323 2550 in meinem Edict angenommen worden, zuwider sind
484 2703 1334 2794 sen. Man berathschlagte hierauf, daß man bey den
1356 627 2219 694 fentlichen Geschäfte und besonders des Getraide=Edict
480 670 2204 757 genden Tag hindurch haben wir mehr als 10 noch über= wegen versammlet bleiben möchten. Also ist die Ver¬
487 716 2210 794 standen, worunter aber der, so um 4 Uhr Nachmittags waltung der Justiz eben so wie vorher wieder unter¬
489 750 2201 835 sich ereignet, mit solcher Gewalt die Erde erschütterte, brochen. Den 16ten brachten hierauf die Gens du Roi
478 794 2201 865 daß fast alles Volk theils auf die Schiffe, theils aber dem versammleten Parlement wiederum Befehlsbrie¬
1358 839 2204 904 se, in welchen ihm angedeutet wurde, sogleich alle sei¬
487 876 2208 960 ganze Nacht, ungeachtet es schneyete, auf dem Platze ne Amtsgeschäfte wieder vorzunehmen, indem diese
1349 917 2204 977 Briefe die ersten, zweyten und letzten seyn sollten. Der
487 964 2199 1032 Stösse, die aber von keiner Erheblichkeit waren, ver= Parlementshof declarirte aber durch ein abermaliges
482 1003 2204 1079 spürt; es haben aber doch, aus Furcht vor noch stär= Arret, daß er benannten Befehlsbriefen weder gehor¬
480 1042 2204 1112 kern, viele Einwohner sogar die Stadt verlassen, und chen könnte noch dürfte. Der erste Präsident sollte
482 1079 2204 1153 einige Häuser haben Schaden gelitten. Man hat dieses auch dem Könige mündlich hinterbringen. Se.
487 1129 2197 1200 sogleich die Schauspiele eingestellet, und öffent= Majestät aber haben sich nicht wollen sprechen lassen,
487 1207 2195 1285 gen. Da man hier aus dem Archipelagus Nach= Paquet durch einen Hofsecretair zu übersenden. Der
1358 1285 2195 1347 Choiseul, hat mit dem Generallieutenant von Chabot
480 1334 2204 1399 von Tunesischen, Maroccanischen und Algierischen Schif= einen Zweykampf gehabt, worinn jener das Leben ein¬
482 1369 2199 1455 fen bereits durch die Dardanellen gegangen sey, und sich büßen müssen. Die Ursache und Umstände dieses un¬
1546 1470 1998 1531 Venedig, vom 5. Jan.
1393 1486 2197 1570 Briefe aus dem Archipelago versichern, Hassan Bey
1356 1559 2195 1620 habe mit den bey sich gehabten Dulcignoten, wider
1358 1602 2204 1659 sein gegebenes Wort, viele Griechen auf der Insel
1356 1639 2204 1700 Lemnos, darunter sich auch der Bischof selbst befun=
484 1678 2204 1732 welcher von Pisa wieder allhier eingetroffen ist, hat den, ums Leben bringen lassen. Dieses hätte die
1349 1719 2193 1778 übrigen Griechen dergestalt erbittert, daß sie einen all
1349 1758 2193 1821 gemeinen Aufstand erregt. Während desselben sey
482 1797 2201 1879 zu der Zeit, als hier verschiedene Stösse eines Erdbe, der Admiral Spiritow mit verschiedenen Fregatten
1349 1840 2193 1903 dazu gekommen, und hätte sich dieses Umstands so
1349 1881 2206 1951 wohl zu bedienen gewußt, daß er sich des Schlosses
1349 1927 2204 1987 von Lemnos, dessen Breschen noch nicht ausgebessert
1356 1970 2204 2035 gewesen, durch Sturm bemächtigt, worauf sich sogleich
1352 2011 2197 2070 die ganze Insel ihm unterworfen hätte. Hassan Bey
1358 2048 2201 2108 aber sey, nebst verschiedenen Officiers, welche zu dem
1349 2089 2197 2156 Morde der Griechen, und besonders des Bischofs, be¬
1349 2132 2201 2197 hülflich gewesen, und den Befehl dazu gegeben, von
1358 2178 2199 2253 den übrigen gefangenen Türken abgesondert, und auf
1358 2225 2015 2297 Besehl des Admirals aufgeknüpft worden.
1555 2279 2000 2344 Brüssel, vom 19. Jan.
1388 2299 2206 2377 Das Publicum in Paris ist der Meynung, der Düe
482 2361 2201 2431 wöhnliche Amtsverrichtungen wieder vorgenommen, de Choiseul habe ein geheimes Verständniß mit den Spa¬
487 2407 2204 2472 Es hätte sich niemals davon entfernen sollen. Sein nischen und Englischen Ministern gehabt, um Krieg
480 2459 2204 2515 Arret enthalt Maximen, welche den Grundsatzen, die oder Frieden von ihrem eigenen Wohlgefallen abhän¬
1343 2491 2201 2547 gend zu machen, damit dadurch jeder sich um so viel
487 2530 2204 2595 und die Ausführung desselben werde ich beständig zu mehr in seinem Posten erhalten möchte; und man sagt,
487 2573 2210 2634 behaupten wissen. Ich schicke meinem Parlement eine der König habe diese Intrique entdeckt. Seit die¬
487 2610 2204 2688 Verordnung wegen des Getraides." Diese Antwort sem Augenblicke schreiben Se. Majestät allezeit selbst
487 2658 2204 2720 ward den 15ten den versammleten Kammern vorgele= an andere Souverains, und entsiegeln alle einlau=
1358 2705 1615 2772 fende Depechen.
2057 2707 2204 2796 Donait=
