2679 3213
625 592 1204 684 Aus Polen, vom 20. December.
510 677 1335 733 Run haben die Rußischen Truppen Befehl, Czen
471 712 2216 768 stochau zu attaquiren. Der Oberste Drewitz ist die Vestale von 20 Kanonen und 50 Mann Equipage
471 807 588 877 dahin.
579 842 1243 942 Niederrhein, vom 20. December.
473 970 1328 1020 vor Gibraltar mit 12000 Mann Fußvolk und 5000
471 998 2207 1065 Reutern besetzen lassen. Eben dieser Hofhat in seinem Man erwartet in diesem Haven noch verschiedene ande
471 1046 1690 1102 ganzen Königreiche eine Generalrekrutirung ausschrei= re Rußische Schiffe.
471 1100 1337 1144 ben lassen; man hat dieserwegen angefangen, in allen
473 1137 1332 1180 Klöstern die weltlichen Hausbedienten aufzuzeichnen.
471 1180 1337 1224 Es ist zugleich den geistlichen Gemeinden verboten wor¬
471 1222 1326 1274 den, weltliche Leute in Dienste zu nehmen, weil diese
473 1263 2200 1332 von der Generalrekrutirung nicht ausgenommen seyn letzten Sprengung des Pulverthurms ruinirten Häu¬
471 1300 588 1365 solten.
636 1356 1170 1445 Donaustrom, vom 22. Dec.
512 1428 1335 1491 Den 17ten December in der Nacht ist zu Wien ein
480 1489 1335 1532 starkes Donnerwetter gehört worden. Zu gedachten
477 1530 1328 1571 Wien haben Se. Majestät der Kaiser, verschiedene Klö=
480 1549 2192 1614 ster besucht, und in einigen Frauenklöstern die Frage an gänzlich eingestürzt, theils unwohnbar gemacht; 177
477 1610 1322 1656 die Klosterfrauen gethan; womit sie sich denn eigent
471 1649 1319 1699 lich beschäftigen? Diese haben hierauf erwiedert, daß
473 1693 1322 1736 in denen zu ihren Beschäftigungen erlaubten, und vor
471 1719 1428 1777 dem Gottesdienst und übrigen Andachten überbleiben, den¬
477 1775 1328 1816 den Stunden, sie sich mit verschiedenen kleinen Frauen¬
473 1814 1332 1866 zimmerarbeiten, Bilderausschneiden, Verfertigung heil¬
473 1853 1328 1905 samer Salben, Confituren u. s. w. unterhielten. Des
464 1881 2194 1946 andern Tages darauf haben Se. Majestät in diejenigen Russen viele Kanonen von der versenkten Türkischen
469 1931 1319 1994 Frauenklöster, deren Institut ihnen weder die Wartung
469 1988 2190 2035 der Kranken, noch den Unterricht junger Mädgen, oder daß sie sich der kleinen Insel Saseno, oder Sasso, nicht
473 2025 2192 2079 die Erziehung adelicher Töchter auferleget, einige Stücke weit von der Albanischen Küste bemächtiget, um von
469 2066 2194 2120 Leinwand in jedes derselben mit dem Vermelden gesandt, da hernach weiter mit ihrer Landarmee Gemeinschaft zu
464 2109 2192 2163 es würde Allerhöchstdenenselben gefallig seyn, wenn die erhalten. In Morea sind Befehle von der Pforte an¬
471 2159 2192 2209 Schwestern die freyen Stunden zu Verfertigung eini= gelanget, daß alle erwachsene Mannspersonen, die zu
469 2183 1328 2244 ger Dutzend Hemden, für das deren dürftige Militaire
471 2224 794 2298 anwenden möchten.
668 2268 1135 2359 Livorno, vom 12. Dec.
508 2324 1326 2404 Vor einigen Tagen lief ein Rußisches Kriegsschif, die
471 2443 2194 2493 Contre=Admiral Gregg, nach einer Fahrt von 15 Ta= pelt bezahlen. Die Griechischen Bischöfe in Macedo¬
473 2474 1317 2528 geni, aus der Insel Paros in hiesigen Haven ein. An
469 2530 2185 2582 Bord desselben befand sich der oberste Befehlshaber müssen allein 4 Tonnen Goldes hiezu beytragen; auch
469 2558 2194 2615 der Rußischen Flotte im Archipelago, der Herr Graf die Möuche auf dem Berge Athos müssen 100000
469 2608 2192 2663 von Orlow. Da Se. Excellenz mit Ihrem Gefolge Rthl. geben, weil man bey den Türken glaubt, daß die
464 2650 2192 2697 der Quarantaine unterworfen sind, so hat man für letzten Griechischen Kaiser ihre vornehmsten Schatze
477 2730 1994 2782 St. Roceo fertig gemacht. Am Sonntage begab sich die Mönche sie noch wohl finden könnten.
471 2767 1328 2830 der Graf Orlow von seinem Schiffe nach dem Lazareth,
2042 608 2216 681 Den 8ten
1350 597 2007 681 um daselbst die Quarantaine zu halten.
1354 675 2211 725 lief in unsern Haven noch eine Rußische Kriegsfregatte,
477 753 2216 844 schon daselbst, und es marschiren auch noch mehrere ein. Sie wird von dam Capitain Edmond Sagvre
1354 790 2209 844 commandirt, und hat die Fahrt von Paros in 26 Ta=
1350 835 2205 892 gen gemacht. Gestern kam noch eine Bombardierga¬
1352 875 2207 931 liote dieser Nation von gedachtem Orte an. Sie füh¬
512 922 2216 981 Der Spanische Hof hat die Linien von St. Rochus ret 26 Kanonen, 100 Mann Equipage, und heißt der
1354 957 2213 1011 Brand. Capitain Ivan Perepechin commandirt sie.
1528 1124 2029 1222 Stralfund, vom 28. Dec.
1384 1196 2203 1280 Nachdem nunmehro der Schutt von denen bey der
1352 1306 2203 1356 sern mehrentheils weggeräumet worden, so wird jetzo
1350 1345 2207 1391 mit Gewißheit gemeldet, wie hierbey überhaupt sowol
1350 1384 2200 1437 von der Bürgerschaft als Garnison etwa 75 Personen
1350 1428 2198 1473 an Männern, Frauen und Kindern, ums Leben ge¬
1348 1467 2200 1528 kommen, 93 Personen aber verwundet worden; im¬
1350 1499 2200 1567 gleichen, wie in allem 78 Häuser und Buden theils
1343 1586 2198 1634 Häuser aber, worunter die St. Marienkirche, das hie¬
1345 1632 2192 1682 sige Gymnasium, und das Waysen- und Zuchthaus
1345 1677 2200 1736 mit begriffen sind, zum Theil sehr beschädiget wor¬
1452 1775 2090 1866 Aus Italien, vom 12. December.
1382 1838 2194 1914 Aus dem Archipelago hat man Nachricht, daß die
1343 1938 2192 1988 Flotte und andere Sachen von Werth aufgesischet; auch
1350 2198 2194 2244 Soldaten taugen, sich in und um Adrianopel versammlen
1348 2226 2194 2283 sollen, wo sie ein gutes Handgeld bekommen. So sagt
1337 2278 2194 2322 man auch, daß sich die Pforte sicher auf auswärtige Hülfe
1341 2320 2187 2380 verlasse, und eine noch weit zahlreichere Armee ins Feld
1352 2354 2196 2413 stellen wolle, als in den beyden vorigen Feldzügen. Die
477 2380 2194 2456 3 Primaten, von 70 Kanonen, commandirt von dem Provinzen müssen deshalb den jährlichen Tribut dop¬
1337 2482 2192 2530 nien sind überaus stark angesetzt. Die von Salonichi
473 2689 2194 2760 Sie und Dero ganze Equipage die Quartiere bereitszu auf diesen Berg in Sicherheit gebracht hatten, und
2081 2799 2179 2882 Breß
