2679 3213
489 526 1352 593 ral Olitz aber in Bucharest. Ungeachtet die Armee die
498 587 1354 643 Winterquartiere bezogen hat, so ist man doch daselbst
496 678 1354 733 zu einem sehr fruhzeitigen Feldzug in den besten Stand
496 713 2232 765 zu setzen. Auch wird stark gesprochen, daß man an der man hört sie oft auf öffentlicher Strasse Se. Ho¬
496 798 1352 846 50000 Mann zusammen ziehe. Die Conföderirten find
496 841 1359 889 sehr stark und attaquiren meist alle von den Russen be=
496 883 1356 939 setzte Städte. Posen ist zu dreyenmalen attaquiret,
491 919 1359 974 auch ein Theil der Vorstadt abgebrennet worden. Bey
489 963 1519 1019 Krakau ziehen sie sich wiederum zusammen, und der ris fort.
491 1002 1361 1052 Brigadier, Fürst von Gallitzin, kam zu rechter Zeit,
496 1048 1365 1100 um den auf Thorn gemachten Anschlag zu vereiteln.
489 1085 1352 1133 Auf der Willenberger Strasse schwärmet Sawa bestän¬
489 1126 2237 1178 dig umher, und hat er unlangst die Danziger Fuhrleute Secretair bey dem südlichen Departement, wegen eini¬
489 1165 2230 1224 geplündert, und ihnen einige hundert Ducaten mitge= ger Depeschen, die er so eben von seinem Hof bekom¬
496 1250 2222 1309 Parthey vom Pulawski ein Manifest nieder gelegt, wel= Verlangen geäussert haben, die Ursache unserer fortge
491 1293 1354 1356 ches wider alle Conföderationsmarschälle gerichtet ist,
489 1335 2228 1393 und keiner als Pulawski und Bierzynski werden darin deutige Antwort bekommen haben. Am Mittwoch wur¬
491 1378 974 1454 für Marschalle angenommen.
687 1402 1167 1467 Ancena, vom 24. Januar.
535 1430 1359 1513 Der Rußische Contreadmiral Arf, kreuzet wirklich vor
496 1500 1352 1552 den Dardanellen mit 3 Kriegsschiffen, 4 Fregatten und
496 1541 848 1613 13 Transportschiffen.
746 1567 1117 1641 Paris, vom 8. Febr.
496 1663 1352 1715 ments einen neuen Befehl erhalten werde, anhero zu
491 1706 2230 1759 kommen, und seine Verrichtungen wieder anzutreten. Kriege endigen müssen. Mr. Wilkes ladet sich immer
498 1748 2224 1798 Die Prinzen vom Geblute haben, dem Vernehmen mehr persöhnliche Händel auft den Hals, von welchen
496 1787 2228 1846 nach, ein Memoire über die jetzigen Umstande aufge= das Publicum sehr weitläuftig in allen Blättern unter¬
500 1830 2228 1887 setzt, und solches dem Könige durch den Herzog von halten wird. Mit dem Prediger Horne, dem ersten
496 1872 2232 1926 Orleans, bey einer mündlichen Unterredung, über. Beforderer seiner Subseription zu seinem Vortheile, ist
498 1917 709 1991 geben lassen.
689 1928 1176 2000 Genua, vom 29. Januar.
537 1972 1361 2043 Die Briefe aus Spanien melden nichts als kriegeri¬
498 2032 2228 2098 sche Anstalten, und daß in allen Häfen des Reichs Probe von dem feinen Tone, in welchem sich die Herren
504 2076 1189 2137 Schiffe zum Transport gemiethet werden.
667 2117 1183 2176 Niederelbe, vom 20. Febr.
498 2245 1252 2309 bekannten Declaration, seinen Rappel erhalten.
630 2285 1209 2332 Constantinopel, vom 3. Jan.
500 2369 1711 2419 werden, ob der Großsultan dem kunftigen Feldzuge per= Guine machen kann.
504 2413 1356 2463 sönlich beywohnen soll oder nicht. Wider die Gewohn
504 2452 2230 2515 heit waren diesesmal keine Rechtsgelehrte, sondern bloß ge nicht mehr mit dem großen Aufwande, den W. auf
498 2498 2230 2552 Officiers darin erschienen, weshalb sich der Großsultan ihre Kosten macht, zufrieden. Er hat darüber man¬
506 2532 1363 2589 an dieselben wendete, ihnen sagte, daß er willens sey,
511 2578 2226 2635 sich an die Spitze der Armee zu stellen, vorher aber lich zu einer Nothwendigkeit machte, eine öffentliche
498 2619 2230 2680 wissen wolle, ob er auch dabey vollig sicher sey. Dasie Bezeugung der Zufriedenheit dieser Gesellschaft mit
1374 524 2245 587 Rechtsgelehrten im vorigen Divan zu folgen, und kei¬
1374 585 2241 654 nen Fuß aus dem Serail zu setzen, wenn auch die Russen
498 626 2245 678 nicht ruhig, sondern alles arbeitet, um das Gehörige in die Stadt dringen sollten. Der meiste Theil der
1374 667 2237 717 Türken ist über diesen Entschluß sehr misvergnügt, und
496 754 2237 826 Ungarischen Gränze eine Oesterreichische Armee von heit eine feige Memme schelten und böses von ihm
1374 791 1526 867 sprechen.
1622 806 2032 891 Metz, vom 30. Jan.
1409 850 2239 924 Vorgestern langten die Prinzen von Schweden
1383 896 2239 980 hier an, und heute setzten sie ihre Reise nach Pa¬
1546 976 2054 1052 London, vom 1. Februae.
1415 1019 2239 1087 Der Spanische Ambassadeur hatte am 31sten Januar
1383 1078 2235 1128 eine lange Unterredung mit dem Grafen von Rochfort,
498 1211 2237 1265 nommenes Geld abgenommen. In Petrikau hat eine men, gehalten. Eben dieser Ambassadeur soll das
1374 1296 2230 1343 setzten Kriegszurüstungen zu wissen, aber eine sehr zwey¬
1367 1376 2224 1422 den nicht weniger als drey Expressen vom südlichen De
1367 1419 2230 1474 partement innerhalb 6 Stunden abgeschickt, daher man
1376 1459 2228 1511 vermuthet, daß einige wichtige Sachen den Schluß ei¬
1374 1498 2230 1546 ner neulichen Unterhandlung aufhalten werde. Wenig¬
1374 1541 2230 1596 stens wird die Muthmassung dadurch bestärkt, daß der
1369 1582 2226 1632 gegenwärtige Friede von keiner langen Dauer seyn
530 1598 2230 1674 Man versichert, daß jedes Glied des alten Parka= werde, und daß die neulich unterzeichnete Declaration
1374 1667 2230 1719 Streitigkeiten verursachen werde, die sich mit einem
1367 1913 2230 1965 er nach und nach in solche Händel gerathen, daß beyde
1374 1956 2232 2006 sich in den öffentlichen Blättern alles mögliche Harte
1383 1998 2228 2045 sagen oder durch ihre Freunde sagen lassen. Als eine
1369 2082 2228 2135 zanken, wollen wir folgendes hersetzen: "Er Horne
1374 2117 2230 2174 kann nicht vertragen, daß Mr. Wilkes aus der gemei¬
530 2137 2228 2217 Der Spanische Gesändte zu London, Fürst von nen Casse in den Stand gesetzt wurde, Claret zu trin¬
500 2200 2237 2254 Masserano, hat zwey Tage nach der Zeichnung der ken, und einem hübschen Mädchen 10 Guineen für eine
1376 2245 2232 2302 Nacht zu geben, da er selbst sich glücklich halten muß,
1376 2289 2228 2339 wenn er seinem Mädchen eine Galanterie mit einer
539 2328 2232 2378 Im Divan sollte am 18ten December ausgemacht Bouteille ordinairen Portwein und mit einer einsamen
1415 2411 2230 2465 Die Herren von der Bill of Rights sind schon lan¬
1383 2539 2228 2587 chen öffentlichen Vorwurf auszustehen, der es ihm neu=
506 2667 2235 2713 diese Frage natürlicher Weise nicht mit ja beantworten ihm zu suchen. Mit Mühe, und mit einer Plarari¬
506 2700 2232 2756 konten, so enhchloß sich der Sultan, dem Räthe der tat von 22 Stimmen gegen 18 ward dieses Zeugniß
2117 2745 2239 2817 herans
