2799 3213
613 532 1475 600 erreicht haben. Der Verf. rückt hierüber einen Brief
622 583 1473 643 des Hrn. Sal. Gesners ein, der ihn selbst betrift, und
630 626 1475 686 sehr lesenswürdig ist. — Wir glauben, daß ein
632 671 1481 725 Buch, welches in diesem Tone, und mit so vielem Ge¬
630 707 1475 776 schmack geschrieben ist, keiner Anpreisung nöthig hat
628 750 1483 810 Känner der Kunst, und alle, welche die Schönheiten der¬
635 791 1481 862 selben empfinden, werden es mit Vergnügen lesen.
630 845 937 920 Kostet 6 fl. 24 gr.
950 997 1183 1091 Angspurg.
669 1050 1488 1132 Des Marquis Caraccioli praktische Landökonomie der
632 1117 1490 1213 Alten, nebst dem Entwurfe derselben wieder aufzuhel=
632 1168 1128 1248 fen. Aus dem Französischen.
1535 493 2360 583 Der Marquis schreibt, wie bekannt, von allem, was
1498 572 2354 632 nützlich ist, und wie kann er doch mit Glück schreiben?
1501 613 2358 673 Freilich wusten die Alten, mehr durch Natur als Kunst
1507 656 2360 718 geleitet, viel Gutes von der Oekonomie; aber so man¬
1501 690 2356 757 ches, welches der V. anführt, ist auch völlig unnütz,
1509 737 2358 793 und wenn es auch wider brauchbar gemacht wird, ge¬
1505 780 2365 830 winnt man nicht mehr dabey, als jetzt bey neuern Me¬
1505 815 2362 868 thoden. Viele Capitel enthalten nicht ein Wort von
1507 862 2365 913 der Oekonomie der Alten, z. E. S. 90. von den Sei=
1513 903 2362 958 denwürmern; sondern der Herr C. setzt seine eigene gele¬
1509 939 2365 1001 sene, oft ganz unfruchtbare Gedanken hin. Die Ue¬
1509 982 2365 1033 bersetzung, wie wir schon ehedem eine andre dieses Ori¬
1509 1031 2367 1091 ginals angeführt haben, ist eines ehrlichen deutschen
1520 1063 2367 1123 Mönchs zu Augspurg ganz würdig. Oft haben wir
1516 1106 2369 1194 Mühe gehabt, den Sinn zu erathen. Kostet 24 gr.
819 1295 1340 1391 Berlin, vom 29. Januar.
671 1351 1501 1438 Da Ihre Hoheit, die Gemahlin des Prinzen En¬
641 1411 1498 1490 genius von Würtemberg Durchlaucht, Sich abermals
647 1453 1498 1520 in gesegneten Leibesumständen befinden: so haben die¬
650 1501 1496 1565 serwegen am Sonntage, in den sämtlichen Kirchen
643 1543 1503 1612 hiesiger Residenzstädte, die gewöhnlichen Fürbitten von
647 1576 1488 1649 den Kanzeln ihren Anfang genommen. Gestern, ge
654 1621 1494 1691 gen 11 Uhr vor Mittage, sind Ihre Königl. Hoheiten,
650 1666 1498 1724 der Prinz, und die Prinzeßin von Preußen, aus Pots¬
645 1702 1498 1773 dam hier angekommen, um das heute einfallende hohe
645 1739 1498 1803 Geburtsfest Ihrer Königl. Hoheit, der verwittweten
647 1777 1505 1856 Prinzeßin von Preußen, welches am Hofe mit vieler
650 1818 1496 1899 Pracht gefeyert werden wird, durch Höchstdero hohe
643 1859 1503 1944 Gegenwart, desto glänzender zu machen. An eben
650 1897 1496 1974 demselben Tage verstarb allhier Se. Excellenz, der am
660 1938 1498 2019 hiesigen Hofe an die 15 Jahre gestandene Englische
650 1983 1496 2049 Gesandte, Herr Andreas von Mitschell, Ritter des
660 2019 1501 2101 Badordens, und Deputirter des Parlements von Groß¬
660 2073 1507 2142 brittannien, an einer Brustkrankheit. Gestern ist der
660 2114 1509 2184 in Dänischen Diensten stehende Obristlieutenant Herr
660 2154 1507 2232 von Angeli, von der Rußischen Armee kommend, hier
658 2202 1218 2281 durch nach Coppenhagen gegangen.
842 2232 1338 2313 Aus Polen, vom 17. Jan.
695 2272 1509 2362 Die Russen sollen Gelegenheit gefunden haben, die
669 2341 1516 2414 unter dem Seraskier von Romelien in Bukarest gele¬
671 2382 1518 2455 gene Türkische Besatzung, welche 6000 Mann stark
671 2470 1518 2530 die daselbst gewesene Artillerie und ein beträchtliches
671 2536 2292 2626 Drewitz hat bishero noch in einem Kloster bey Alt= die Arbeit auf hohen Befehl beschleuniget wird.
671 2588 1518 2645 Czenstochau gestanden; den 14ten aber ist er von dor=
671 2630 1513 2690 ten aufgebrochen, und über Sievier nach der Gegend
665 2660 2386 2763 Krakau marschirt, weil daselbst etwas soll vorgefallen kommen sind, vernimmt man, daß ein Theil der Rus¬
1513 1280 2367 1355 seyn. Die Anhänger der Conföderirten haben zwar
1516 1342 2367 1391 aussprengen wollen, als wenn er mit Verlust wäre
1520 1385 2377 1430 angegriffen, diesem aber ist schon wiederum widersprochen,
1522 1426 2369 1475 worden. In Podolien und Vollhynien hat die Pest
1522 1466 2369 1513 nunmehro Gott Lob! gänzlich nachgelassen, gegenwär¬
1520 1505 2371 1554 tig ist man darauf bedacht, daß nicht ansteckende Waa¬
1522 1548 2377 1591 ren und alte Kleider in fremde Provinzen heimlich ge¬
1528 1589 2373 1642 schleppet werden. Wie groß das, von der Pest hin¬
1520 1631 2377 1681 terlassene Unglück ist, kann man daraus abnehmen, da
1516 1672 2371 1741 durch dieselbe an 47 Städte und 275 Dörfer verhee=
1528 1715 2373 1762 ret worden. In Warschau sieht man stündlich dem
1531 1754 2375 1807 Courier, welcher mit Vorschlägen nach Petersburg ge¬
1535 1794 2373 1848 sandt, wieder zurück entgegen. Dessen Mitbringen
1528 1831 2373 1889 soll bestimmen, ob unser Elend eine Endschaft erreichen
1528 1878 2373 1927 wird, solches vergrößert sich durch die üble Wirthschaft
1522 1919 2373 1966 der Conföderirten immer mehr und mehr. Die Kron¬
1522 1957 2367 2007 kammerherrin Gräfin Mniczeg, ist in Warschau nach
1531 2002 2380 2052 einer kurzen Niederlage gestorben. Man widerspricht
1535 2043 2380 2090 polnischer Seits sehr stark, der in einigen öffentlichen
1535 2088 2380 2135 Blättern, gemeldten Nachricht, von der unmenschli¬
1537 2127 2388 2178 chen Begegnung der Conföderirten gegen den Bürger¬
1528 2167 2386 2212 meister Berndt in Schwerin, und behauptet, daß er
1528 2206 2380 2268 durch sein übles Betragen und strafbare Sicherheit sich
1526 2240 2079 2324 sein Unglück selbst zugezogen habe.
1721 2272 2191 2335 Wien, vom 16. Januar.
1576 2309 2380 2375 Bey dem Militair=Etat werden hier allerhand An¬
1543 2371 2380 2429 stalten getroffen, welche einen bevorstehenden Marsch
671 2407 2388 2493 gewesen, herauszujagen; denen Russen soll dadurch eines ansehnlichen Korps Truppen anzukündigen schei¬
1539 2457 2395 2510 nen. So werden sowohl hier, als auf dem Lande, eine
669 2495 2384 2562 Magazin in die Hände gefallen seyn. Der Obrist ansehnliche Menge Rustwagen verfertiget, an welchen
1741 2575 2212 2633 Smirna, vom 19. Nov.
1582 2609 2386 2665 Mit Schiffen, die von der Insel Paros hier ange¬
2294 2701 2405 2765 sischen
