2799 3213
937 540 1415 625 Wien, vom 1. Februar.
788 601 1606 671 Seit kurzem wird hier allgemein gesprochen, daß an
746 662 1606 710 Sr. Majestät, des Kaisers, Feldequipage gearbeite
746 699 1601 753 werde. Ja, man behauptet, daß solches geschehe, wei
742 746 1604 799 von Sr. Kaiserl. Majestät der Beschluß genommer
746 790 1604 848 worden sey, "im Frühjahr an der polnischen Gränz
755 833 1604 879 eine Observationsarmee von 56000 Mann zu versam
749 875 1606 924 meln, und das Commando über dieselbe dem Herzog
746 911 1606 966 Albert zu Sachsen=Teschen aufzutragen, unter welchem
755 955 1606 1007 der General Haddick die Cavallerie, und der Genera
755 1000 1606 1050 Laudon die Infanterie commandiren sollen, und da
746 1042 1606 1113 auch des Kaisers Majestat einige Zeit bey dieser Ar
742 1076 1207 1135 mee sich aufhalten würden."
1256 1078 1617 1133 Dieses Gerücht findet
757 1107 1612 1176 bey einigen destomehr Glauben, weil bereits verschiede
753 1165 1610 1235 ne Magazine mitten aus Ungarn nach der polnischer
755 1204 1165 1280 Gränze gebracht werden.
996 1252 1384 1330 Paris, vom 4. Febr.
788 1304 1610 1389 Unangesehen aller Befehle und anderer Verfügun
753 1365 1619 1430 gen, die ins Werk gesetzet worden sind, den Verrich¬
762 1408 1606 1467 tungen des an Parlements Statt sitzenden Staats
757 1456 1606 1510 rath den gewünschten und nöthigen Fortgang zu ver
757 1495 1612 1554 schaffen, geht doch bey demselben noch alles sehr lang¬
762 1536 1610 1593 sam von statten. Da die meisten Advocaten nicht
753 1575 1608 1643 practisiren wollen, so treten bisweilen einige Partheyer
755 1617 1610 1669 allein auf, jedoch alsdann insgemein, um anzuzeigen,
762 1656 1612 1710 daß sie sich verglichen hätten. Die reichsten Advoca¬
762 1699 1601 1749 ten haben 100000 Thlr. unter die Aermern austhei
753 1745 1610 1786 len lassen, damit sie nicht aus Armuth bewogen wer¬
755 1784 1601 1844 den möchten, in dem neuen Parlamente zu erscheinen
933 1829 1445 1907 London, vom 1. Februar.
757 1927 1612 1975 der beyden Parlamentshäuser geschickt, mit der Bitte,
757 1970 2352 2025 den Deliberationen auf künftigen Dienstag beyzuwoh= mehresten sind aber doch noch hier verblieben.
757 2014 1617 2059 nen, an welchem Tage man den am 22sten Januar
753 2055 1625 2114 zwischen dem Spanischen Ambassadeur und dem Gra¬
766 2135 1612 2190 suchung nehmen wird. Die muthigsten Anstalten, unsre
766 2211 2278 2276 setzet. Die Arbeiter zu Portsmouth und in andern zu melden, allwo auch die Plans zu bekommen.
762 2263 1619 2313 Häven sind, anstatt es langsamer mit ihrer Arbeit ge¬
755 2305 1621 2346 hen zu lassen, emsiger, als vorhin. Sie arbeiten al¬
762 2341 1619 2394 le Tage bis 11 Uhr in der Nacht. Die beyden
755 2376 2496 2430 Lords, Milton und Paulett, sind nicht nach Frank= kommen aus Mitau, gehen nach Warschau, log. bey
764 2591 1782 2639 Leben verloren haben. Die Kugel traf gerade einen kergasse.
764 2680 1621 2739 schwachte, so daß seine Wunde eben nicht gefährlich ist.
766 2723 1341 2799 Beyde sind Glieder des Oberhauses.
1662 536 2474 614 Cronstadt, in Siebenbürgen; vom 23. Jan.
1667 601 2500 651 Unsere Stadt und die Sächsischen Dörfer des sämt=
1634 647 2496 692 lichen Burzenländischen Districts sind bisher noch im¬
1628 690 2493 733 mer von der Pest befreyet geblieben, außer dem einzi¬
1623 729 2491 781 gen Sächsischen Dorfe Rosenau, daselbst aber auch
1623 773 2493 818 nur unter den Wallachischen Einwohnern, und dann
1636 816 2491 857 in den Wallachischen Dörfern Törzburg, Alt= und
1630 855 2496 905 Neu=Tohan und Zernest, wo sie heftig gewüthet hat;
1634 894 2493 946 denn unter die Sächsischen Landleute ist sie gar nicht
1630 937 2496 987 gekommen. Der zu unserer Sicherheit schon im Oc¬
1634 976 2493 1029 tober v. J. an dem Burzenflusse gezogene Cordon ist
1628 1016 2493 1070 vor 2 Tagen aufgehoben, und also von dieser Seite
1636 1057 2493 1111 die Gemeinschaft mit unsern Nachbarn wieder herge¬
1638 1107 2493 1154 stellt worden. Eben diese hoffen wir auch mit den be¬
1634 1139 2493 1194 meldeten Orten bald wieder zu erhalten, weil seit eini¬
1628 1187 2504 1235 ger Zeit nur hin und wieder wenige Leute sterben; aus¬
1630 1224 2496 1280 ser daß jenseit dem Törzburger Schlosse, jedoch schon
1630 1267 2491 1317 über die Gränze von Siebenbürgen, diese hartnäckige
1630 1304 2502 1356 Seuche nicht recht nachgeben will. Die Cordons, um
1634 1348 2500 1393 die in den Zeckellischen oder Ungarischen Districten
1634 1393 2491 1437 inficirten Dörfer, besonders im Haromßecker und
1636 1432 2491 1482 Schöcker Districte, wie auch um die bey Fogarasch
1623 1476 2506 1528 versperrten Dörfer, bleiben noch immer, weil man kei¬
1636 1515 2502 1567 ne merkliche Minderung des Sterbens wahrnimmt.
1634 1558 2496 1606 Die hiesigen Flüchtlinge aus der Wallachey haben die
1630 1599 2487 1647 Nachricht, daß die Pest auch in Buckarest nunmehr
1628 1643 2493 1688 nachgelassen habe. Die Russen sollen diese Hauptstadt
1623 1682 2502 1729 mit einem Cordon umzogen haben, und niemand weder
1630 1723 2496 1769 hinein noch heraus paßiren lassen. In den umliegen¬
1630 1769 2496 1814 den Dörfern hingegen soll die Pest noch heftiger seyn.
1628 1805 2496 1853 Die Russen haben jetzt Krajowa und Turn, mithin
1628 1847 2496 1892 die ganze Wallachey inne. Viele von den hiesigen Bo¬
788 1890 2496 1931 Das Ministerium hat Expresse an alle Mitglieder jaren sind wieder nach der Wallachey gegangen, je¬
1634 1927 2493 1986 doch mit Zurücklassung ihres Frauenzimmers. Die
1890 2014 2226 2077 AVERTISSEMENT.
1654 2046 2493 2109 Der hiesige Schutzjude Bernhard Friedländer, machet hierdurch
766 2101 2493 2148 fen von Rochfort unterzeichneten Vergleich in Unter= bekannt, wie bey ihm Loose zur Königlichen Hannövrischen 3ten
1636 2131 2487 2166 Classenlotterie zu haben sind, die respectwve Herrn Liebhabre be
1634 2159 2493 2194 lieben sich bey demselben in der Behausung der Herren Joachim
762 2185 2496 2237 Rüstungen zu vollenden, werden noch immer fortge= Moses Friedländer und Söhne in der Magistergasse sub No. 175.
1903 2255 2226 2305 Einpaßirte Fremde,
1801 2272 2333 2354 vom 21ten bis 24ten Februar.
1667 2309 2500 2389 Herr Fiscal Vick, und Herr Secretair Schmidt,
757 2426 2498 2478 reich abgegangen. Sie haben in England Pistolen Felgenhauern auf dem Roßgarten. Herr Giramb,
766 2452 2493 2513 gewechselt, wobey Lord Milton verwundet worden. Kaufmann aus Lyon, kommt von Petersburg, Herr
762 2498 2496 2561 Glücklicher Weise hatte dieser auf Zureden seines Se= Hofmann, Herr Geschke, und Herr Holscher, Kaufleu¬
766 2541 2502 2604 cundanten den Rock zugeknöpfet, sonst wärde er das te, kommen von Danzig, log. bey Schenck in der Jun¬
762 2615 2500 2697 Knopf des Rocks, der die Gewalt desselben sehr Diese Gelehrte und Politische Zeitung wird des Montag
1684 2682 2441 2739 und des Freytags Vormittags um 10 Uhr in dem
1797 2710 2348 2795 Kanterschen Buchladen ausgegeben.
