2799 3213
636 461 2388 540 König das Parlement zu Paris aufgehoben, und von gen, daß daselbst 12 Regimenter Jnfanterie und 4 Re=
645 566 2382 627 schickt, um so lange Parlement zu halten, bis Derselbe nigen Officiers, welche Alters und Schwachheit halber
645 612 2382 671 die Officianten des neuen Parlements wird ernennt ha= nicht mehr dienen können, entfernet worden, um bey
640 660 1501 712 ben. Die Königl. offenen Briefe, wodurch diese Auf=
647 699 1501 763 hebung geschehen, sind den 23sten dieses unterzeichnet
806 743 1346 802 Warschau, vom 23. Januar.
684 763 1501 832 Die Nachrichten aus Podolien sind, was die Pest
638 813 2395 874 anlanget, noch immer günstig. Die Russen haben wie= aus der Arbeit gekommen, und für die Secklerischen
647 859 2386 916 derum 14000 Podwoden aus den gesunden Districten Husaren bestimmet sind, und daß der Baron von
649 909 1510 964 ausgeschrieben, um die Magazine nach der Moldau zu
653 992 1647 1049 tercampagne abgesehen sey. So viel ist unterdessen ge= sorgen.
653 1034 1505 1082 wiß, daß der Herr Generalmajor von Weißmann, und
653 1075 1514 1134 der Herr Generalmajor Kreczetnikow, wirklich die Do¬
656 1114 1475 1180 nau paßirt, und nach Bulgarien eingedrungen sind.
800 1160 1366 1224 Von der Türkischen Gränze,
937 1197 1224 1256 vom 2. Januar.
669 1490 1449 1547 stantinopel gehen, und sich selbst Recht schaffen.
653 1564 2388 1617 des ausgezahlt worden, mit dem Versprechen, daß das königlichen Krone darüber. Ausser den hohen Perso
664 1652 1519 1709 gen solle. Die Ankunft des neuen Großveziers bey der
664 1735 1525 1809 lich die Kriegszucht ein wenig herstellen. Man spricht
671 1818 1523 1873 nopel gewesen seyn soll. Wenn diesen Winter nicht
677 1857 1903 1918 Friede wird, so will der Großsultan, wie er neulich diesen Orden erhalten.
677 1901 1532 1956 öffentlich erklärt hat, mit seiner ganzen Hofstaat nach
673 1942 1530 2001 Adrianopel, und von da weiter zur Armee abgehen.
671 1988 1532 2036 Der Tartarchan ist nun bey der Türkischen Armee an¬
677 2025 1530 2089 gelangt, allein er sieht keine Möglichkeit in sein Land
677 2071 1530 2133 zu kommen, und noch weniger seine neuen Unterthanen
677 2111 1527 2172 zum Gehorsam gegen sich zu bringen, weil die Tartarn
677 2152 1532 2205 keinen Chan mehr erkennen wollen, der es mit den Tur¬
677 2194 1532 2251 ken gegen die Russen hält. Aus der entsetzlichen Men=
677 2237 1527 2296 ge Völker, welche sowol aus Europa als Asia nach der
677 2279 1538 2325 Türkischen Armee unterweges sind, sieht man, daß die
680 2320 1530 2386 Pforte künftigen Feldzug ein ungeheures Kriegsheei
684 2362 1151 2434 ins Feld zu stellen willens ist.
841 2393 1379 2456 Donaustrom, vom 14. Jan.
719 2419 1525 2493 Man prognosticirt in Wien aus der Ankunft der
673 2487 1530 2535 Herrn Grafen Odonel aus seinem Gouvernement Sie=
673 2528 1525 2598 benbürgen, neue Scenen an dem Staatshimmel vor
684 2570 1525 2620 Europa. Alle Gouverneurs in den Kaiserl. Königl
684 2615 1534 2666 Erblanden sollen ebenfalls dahin entboten seyn. Ausser=
673 2657 1534 2727 dem vernimmt man noch durch Briefe aus Siebenbün¬
640 529 2388 577 Versailles den 24sten die Glieder des Raths hieher ge= gimenter Cavallerie erwartet werden, bey denen dieje¬
1523 658 2388 708 Garnisonregimentern placirt zu werden. Diese Be¬
1525 688 2382 743 richte geben auch, daß zu Temeswar, aus den Zeug¬
1532 732 2386 784 häusern von Wien 2000 Carabiner, eben so viele Paar
1534 780 2386 832 Pistolen, Säbel und Collets angelanget, welche erst
1534 898 2386 955 Wimpfen, welcher dieses Regiment commandiret, sich
653 942 2393 1027 bringen. Fast scheint es, als wenn es auf eine Win= dahin begeben habe, um den Transport zu be¬
1665 1007 2242 1084 Coppenhagen, vom 29. Jan.
1573 1047 2390 1119 Heute, da unsers allergnädigsten Königs Majestät
1532 1108 2388 1165 das 22ste Jahr Dero Alters vollenden, war um 12
1532 1151 2388 1204 Uhr sehr zahlreiche Cour bey den Königlichen Herr¬
1536 1193 2397 1250 schaften. Der Orden, so von Jhro Majestät der re¬
697 1237 2388 1296 Die Unordnungen bey der Türkischen Armee dau= gierenden Königin zum Andenken dieses für das ganze
656 1280 2397 1339 ren noch fort, und besonders wollen die I nitscharen Land so feyerlichen Tages gestiftet worden, heißt der
664 1318 2393 1377 sich durch nichts mehr im Zügel halten lassen. Sie Mathildenorden. Er wird von den Damen an einem
660 1355 2388 1420 haben neulich einen Aufstand erregt, und mit vielem zwey Finger breiten rosinsarbnen mit Silber durchstreif
656 1398 2393 1466 Drohen begehrt, daß man ihnen den versprochnen dop= ten Bande an der Brust, und von den Cavaliers um
656 1442 2393 1503 pelten Sold auszahlen solte, sonst wolten sie nach Con= den Hals getragen. Das Ordenszeichen ist der Köni¬
1540 1488 2395 1540 gin Name im Zuge mit einer Guirlande von Blumen
662 1525 2401 1588 ist ihnen jedoch seitdem eine ansehnliche Summe Gel= und Laubwerk mit Brillanten besetzt umher, und einer
664 1608 2395 1685 übrige, welches jetzt unterweges sey, ehestens nachsol= nen des Königlichen Hauses, haben, wie wir vorläu¬
1543 1652 2395 1700 sig melden können, die Generallieutenantin von Gäh¬
662 1685 2397 1752 Armee, welcher noch in Constantinopelist, wird hoffent= ler, die Geheimdenräthin von Schimmelmann, die
1549 1728 2393 1783 Gräfin von Holstein Holsteinburg, der Generallieute=
669 1774 2404 1838 auch noch von einem andern Aufstande, der zu Adria= nant von Gähler und Graf Rantzau Aschberg, der Kam¬
1549 1820 2428 1870 merherr von Brandt und der Conferenzrath Struensee,
1588 1877 2364 1958 Eindaßirte Fremde, vom 9ten bis 1,ten Februar.
1588 1927 2401 1999 Herr Generalmajor von Appenburg, kommt von Til=
1556 1973 2406 2041 sit, log. bey Felgenhauern auf dem Roßgarten. Herr
1556 2032 2406 2089 Major von Thier, und Herr von Woykow, kommen
1549 2078 2327 2124 von Petersburg, gehen als Courier nach Berlin.
1556 2119 1986 2196 Wechsel-Cours & Species.
1564 2176 1966 2235 deo 14. Februar 1770.
1551 2218 2395 2264 Amsterd. 41Tage 309 gr. Weitzen der beste 150gr.
1621 2255 1980 2318 dito 71 Tage 3074gr.
1551 2292 1803 2362 Hamburg 3W.
1838 2301 1973 2362 1361
1838 2342 1973 2401 136 gr.
1630 2342 1794 2397 dito 6 W.
1761 2373 1977 2443 25½ p. C dn.
1545 2360 1693 2441 Dantzig
1551 2419 1774 2491 Ducaten neue
1818 2423 1980 2480 9fl. 8 gr.
1623 2469 1792 2519 dito oude
1818 2467 1971 2532 9fl. 31gr.
1556 2502 1790 2572 Alberrs Taler
1840 2511 1973 2565 141 gr
1547 2548 1667 2605 Rubel
1833 2550 1980 2611 109 gr.
1549 2574 1997 2668 Oude x 8 pr. C.ag.
2012 2115 2386 2194 Getreyde Preise.
2006 2172 2382 2229 vom 7 bis 13 Febr. 1771.
2093 2246 2395 2294 der geringere 135-
1997 2272 2404 2342 Roggen der beste 114—
2098 2318 2417 2386 der geringere 105-
1999 2360 2264 2419 Gerste die beste
2314 2373 2408 2428 72—
2004 2412 2253 2471 — die geringere
2312 2414 2401 2462 66—
1997 2445 2139 2497 Haaber
2320 2452 2401 2504 40—
1997 2478 2399 2546 Erbsen große graue 99-
2080 2526 2395 2583 kleine graue 24-
2028 2561 2395 2618 — große weiße, 93-
2069 2594 2296 2653 kleine weiße-
2227 2631 2412 2703 Beylage.
