<?xml version="1.0" encoding="UTF-8" standalone="yes"?>
<PcGts xmlns="http://schema.primaresearch.org/PAGE/gts/pagecontent/2013-07-15" xmlns:xsi="http://www.w3.org/2001/XMLSchema-instance" xsi:schemaLocation="http://schema.primaresearch.org/PAGE/gts/pagecontent/2013-07-15 http://schema.primaresearch.org/PAGE/gts/pagecontent/2013-07-15/pagecontent.xsd">
    <Metadata>
        <Creator>prov=READ-COOP:name=PyLaia@TranskribusPlatform:version=2.15.0:model_id=39995:lm=none:date=16_07_2024_23:55</Creator>
        <Created>2024-07-16T22:58:35.780+02:00</Created>
        <LastChange>2024-07-16T23:55:43.738+02:00</LastChange>
        <TranskribusMetadata docId="3310083" pageId="75106314" pageNr="3" tsid="178081300" status="IN_PROGRESS" userId="222699" imgUrl="https://files.transkribus.eu/Get?id=VROINJMRKTVDUGHPNACOVXFE&amp;fileType=view" xmlUrl="https://files.transkribus.eu/Get?id=IKPOEARGEHDJVYFOIMRPRYGW" imageId="60872951"/>
    </Metadata>
    <Page imageFilename="75106314.jpg" imageWidth="2679" imageHeight="3213">
        <ReadingOrder>
            <OrderedGroup id="ro_1721166943739" caption="Regions reading order">
                <RegionRefIndexed index="0" regionRef="r_10"/>
                <RegionRefIndexed index="1" regionRef="r_11"/>
            </OrderedGroup>
        </ReadingOrder>
        <Relations/>
        <TextRegion id="r_10" custom="readingOrder {index:0;}">
            <Coords points="450,531 1333,531 1333,2812 450,2812"/>
            <TextLine id="r_10_tl_1" custom="readingOrder {index:0;}">
                <Coords points="463,638 1531,640 1531,595 1445,582 463,595"/>
                <Baseline points="474,627 483,627 528,630 573,627 618,627 662,627 707,627 752,627 797,627 842,627 886,627 931,624 976,621 1021,621 1066,621 1110,621 1155,621 1200,624 1245,624 1289,621 1334,621 1355,618 1400,621 1445,621 1490,621 1534,624"/>
                <TextEquiv>
                    <Unicode>Schiffe die drey Primaten, und noch 2 andern, jedes verstorben.</Unicode>
                </TextEquiv>
            </TextLine>
            <TextLine id="r_10_tl_2" custom="readingOrder {index:1;}">
                <Coords points="463,675 1326,675 1326,631 1287,627 463,640"/>
                <Baseline points="474,671 477,668 522,668 567,668 612,668 656,668 701,668 746,668 791,668 836,665 880,665 925,662 970,665 1015,662 1060,662 1104,662 1149,662 1194,665 1239,665 1284,665 1328,665"/>
                <TextEquiv>
                    <Unicode>von 66 Kanonen, nach Paros ab, wohin er noch 4 Fre=</Unicode>
                </TextEquiv>
            </TextLine>
            <TextLine id="r_10_tl_3" custom="readingOrder {index:2;}">
                <Coords points="463,727 1326,722 1326,675 1298,670 463,675"/>
                <Baseline points="474,716 477,713 522,710 567,710 612,710 656,710 701,710 746,710 791,707 836,707 880,704 925,704 970,704 1015,704 1060,704 1104,707 1149,707 1194,707 1239,704 1284,707 1328,701"/>
                <TextEquiv>
                    <Unicode>gatten, 20 Transportschiffe und 10 erbeutete Schiffe</Unicode>
                </TextEquiv>
            </TextLine>
            <TextLine id="r_10_tl_4" custom="readingOrder {index:3;}">
                <Coords points="463,772 1319,757 1319,718 1215,711 463,724"/>
                <Baseline points="474,755 519,752 564,752 609,752 653,752 698,749 743,749 788,752 833,749 877,746 922,746 967,746 1012,746 1057,746 1101,746 1146,749 1191,749 1236,749 1281,749 1325,746"/>
                <TextEquiv>
                    <Unicode>mitnahm. Der Admiral Spiritow und der Contre¬</Unicode>
                </TextEquiv>
            </TextLine>
            <TextLine id="r_10_tl_5" custom="readingOrder {index:4;}">
                <Coords points="467,846 1308,835 1285,794 467,807"/>
                <Baseline points="480,836 507,836 552,836 597,833 642,836 686,836 731,833 776,833 821,830 865,830 910,830 955,830 1000,830 1045,830 1089,830 1134,830 1179,830 1224,830 1269,830 1313,827"/>
                <TextEquiv>
                    <Unicode>nie, einigen Fregatten und 15 Transportschiffen annoc</Unicode>
                </TextEquiv>
            </TextLine>
            <TextLine id="r_10_tl_6" custom="readingOrder {index:5;}">
                <Coords points="456,895 1315,897 1298,835 458,839"/>
                <Baseline points="471,877 516,874 561,874 606,874 650,874 695,874 740,874 785,874 830,874 874,871 919,871 964,874 1009,874 1054,874 1098,874 1143,871 1188,874 1233,874 1278,874 1322,874"/>
                <TextEquiv>
                    <Unicode>einige Zeit im Hafen Modrone, worauf sie die Inse</Unicode>
                </TextEquiv>
            </TextLine>
            <TextLine id="r_10_tl_7" custom="readingOrder {index:6;}">
                <Coords points="467,941 536,928 554,941 610,932 627,943 701,919 761,934 815,923 815,878 774,891 737,878 547,893 500,882 467,893"/>
                <Baseline points="480,919 507,919 552,919 597,916 642,916 686,916 731,916 776,916 821,916"/>
                <TextEquiv>
                    <Unicode>ebenfalls verliessen rc.</Unicode>
                </TextEquiv>
            </TextLine>
            <TextLine id="r_10_tl_8" custom="readingOrder {index:7;}">
                <Coords points="670,967 828,962 863,986 897,960 1122,967 1122,921 1051,893 982,908 863,897 811,941 791,926 670,930"/>
                <Baseline points="683,958 725,958 770,958 815,955 859,955 904,958 949,958 994,958 1039,955 1083,955 1128,955"/>
                <TextEquiv>
                    <Unicode>Haag, vom 8. Januar.</Unicode>
                </TextEquiv>
            </TextLine>
            <TextLine id="r_10_tl_9" custom="readingOrder {index:8;}">
                <Coords points="504,1016 1313,1006 1313,952 1215,932 1116,967 859,982 610,932 504,962"/>
                <Baseline points="516,1000 558,1000 603,997 647,997 692,997 737,997 782,997 827,1000 871,997 916,997 961,1000 1006,997 1051,997 1095,997 1140,997 1185,997 1230,997 1275,997 1319,991"/>
                <TextEquiv>
                    <Unicode>Jhro Königl. Hoheit, die Prinzeßin Erbstatthalte</Unicode>
                </TextEquiv>
            </TextLine>
            <TextLine id="r_10_tl_10" custom="readingOrder {index:9;}">
                <Coords points="465,1047 1313,1062 1313,1003 551,1023 465,999"/>
                <Baseline points="477,1039 522,1042 567,1042 612,1042 656,1039 701,1042 746,1042 791,1042 836,1042 880,1042 925,1042 970,1042 1015,1039 1060,1042 1104,1042 1149,1039 1194,1039 1239,1039 1284,1039 1319,1042"/>
                <TextEquiv>
                    <Unicode>rin, haben vorgestern Ihren öffentlichen Kirchgang</Unicode>
                </TextEquiv>
            </TextLine>
            <TextLine id="r_10_tl_11" custom="readingOrder {index:10;}">
                <Coords points="454,1099 471,1096 508,1107 547,1092 564,1103 616,1107 618,1060 601,1053 571,1055 558,1040 547,1040 532,1053 525,1047 504,1049 493,1057 456,1051"/>
                <Baseline points="465,1089 489,1089 534,1083 579,1080 624,1080"/>
                <TextEquiv>
                    <Unicode>gehalten.</Unicode>
                </TextEquiv>
            </TextLine>
            <TextLine id="r_10_tl_12" custom="readingOrder {index:11;}">
                <Coords points="660,1148 1077,1155 1122,1146 1124,1107 884,1096 854,1114 796,1099 753,1116 733,1101 662,1103"/>
                <Baseline points="671,1143 716,1140 761,1140 806,1140 851,1140 895,1140 940,1140 961,1143 979,1143 994,1140 1039,1137 1083,1137 1128,1140"/>
                <TextEquiv>
                    <Unicode>Wien, vom 5. Januar.</Unicode>
                </TextEquiv>
            </TextLine>
            <TextLine id="r_10_tl_13" custom="readingOrder {index:12;}">
                <Coords points="502,1185 1321,1187 1321,1133 1289,1116 1079,1155 502,1142"/>
                <Baseline points="513,1185 519,1185 564,1182 609,1182 653,1182 698,1185 743,1182 788,1182 833,1182 877,1182 922,1179 967,1182 1012,1179 1057,1179 1101,1182 1146,1182 1191,1179 1236,1179 1281,1179 1325,1176"/>
                <TextEquiv>
                    <Unicode>Im letztverwichenen Jahre sind in hiesiger Haupt¬</Unicode>
                </TextEquiv>
            </TextLine>
            <TextLine id="r_10_tl_14" custom="readingOrder {index:13;}">
                <Coords points="467,1237 1310,1233 1310,1189 1278,1185 467,1189"/>
                <Baseline points="480,1227 510,1224 555,1224 600,1224 644,1224 689,1224 734,1224 779,1224 824,1224 868,1224 913,1221 958,1221 1003,1221 1048,1221 1092,1224 1137,1224 1182,1224 1227,1221 1272,1224 1316,1221"/>
                <TextEquiv>
                    <Unicode>stadt und deren Vorstädten geboren worden 6770 Kin</Unicode>
                </TextEquiv>
            </TextLine>
            <TextLine id="r_10_tl_15" custom="readingOrder {index:14;}">
                <Coords points="463,1278 1116,1274 1116,1237 1029,1222 463,1235"/>
                <Baseline points="474,1269 495,1266 540,1266 585,1269 630,1269 674,1269 719,1266 764,1266 809,1266 854,1266 898,1266 943,1266 988,1263 1033,1263 1077,1266 1122,1266"/>
                <TextEquiv>
                    <Unicode>der; hingegen gestorben 9551 Personen.</Unicode>
                </TextEquiv>
            </TextLine>
            <TextLine id="r_10_tl_16" custom="readingOrder {index:15;}">
                <Coords points="502,1321 1313,1310 1313,1269 1194,1259 1023,1285 502,1274"/>
                <Baseline points="513,1304 558,1307 603,1310 647,1307 692,1307 737,1307 782,1307 827,1304 871,1307 916,1307 961,1304 1006,1304 1051,1304 1095,1304 1140,1304 1185,1301 1230,1304 1275,1304 1319,1304"/>
                <TextEquiv>
                    <Unicode>Ein hier aus Paris angekommener Courier, soll</Unicode>
                </TextEquiv>
            </TextLine>
            <TextLine id="r_10_tl_17" custom="readingOrder {index:16;}">
                <Coords points="458,1369 1317,1352 1300,1308 458,1319"/>
                <Baseline points="471,1349 516,1349 561,1349 606,1349 650,1349 695,1349 740,1349 785,1346 830,1349 874,1346 919,1346 964,1346 1009,1346 1054,1346 1098,1346 1143,1346 1188,1343 1233,1343 1278,1343 1322,1343"/>
                <TextEquiv>
                    <Unicode>die erfreuliche Nachricht am hiesigen Kaiserl. Königl.</Unicode>
                </TextEquiv>
            </TextLine>
            <TextLine id="r_10_tl_18" custom="readingOrder {index:17;}">
                <Coords points="463,1403 1315,1397 1315,1352 1274,1349 463,1367"/>
                <Baseline points="474,1397 513,1394 558,1391 603,1388 647,1388 692,1388 737,1391 782,1388 827,1388 871,1388 916,1388 961,1388 1006,1388 1051,1388 1095,1388 1140,1388 1185,1385 1230,1385 1275,1388 1319,1385"/>
                <TextEquiv>
                    <Unicode>Hofe überbracht haben, daß die Erzherzogin, vermähl¬</Unicode>
                </TextEquiv>
            </TextLine>
            <TextLine id="r_10_tl_19" custom="readingOrder {index:18;}">
                <Coords points="463,1447 1326,1455 1326,1393 463,1406"/>
                <Baseline points="474,1439 477,1436 522,1436 567,1433 612,1433 656,1430 701,1430 746,1433 791,1433 836,1430 880,1430 925,1430 970,1430 1015,1430 1060,1430 1104,1427 1149,1430 1194,1430 1239,1430 1284,1430 1328,1430"/>
                <TextEquiv>
                    <Unicode>te Dauphine von Frankreich, Königl. Hoheit, sich in</Unicode>
                </TextEquiv>
            </TextLine>
            <TextLine id="r_10_tl_20" custom="readingOrder {index:19;}">
                <Coords points="458,1492 1051,1494 1051,1449 949,1429 930,1447 683,1432 458,1451"/>
                <Baseline points="471,1484 516,1481 561,1478 606,1475 650,1475 695,1475 740,1475 785,1475 830,1472 874,1472 919,1472 964,1472 1009,1472 1054,1472"/>
                <TextEquiv>
                    <Unicode>gesegneten Leibesumständen befinden.</Unicode>
                </TextEquiv>
            </TextLine>
            <TextLine id="r_10_tl_21" custom="readingOrder {index:20;}">
                <Coords points="655,1544 1135,1538 1135,1494 1042,1496 1010,1479 923,1503 839,1488 655,1494"/>
                <Baseline points="668,1534 713,1534 758,1534 803,1534 848,1534 892,1531 937,1534 982,1534 1027,1537 1071,1534 1116,1534 1140,1534"/>
                <TextEquiv>
                    <Unicode>Versailles, vom 4. Jan.</Unicode>
                </TextEquiv>
            </TextLine>
            <TextLine id="r_10_tl_22" custom="readingOrder {index:21;}">
                <Coords points="465,1622 1317,1626 1317,1587 1261,1579 465,1581"/>
                <Baseline points="477,1618 516,1618 561,1618 606,1615 650,1615 695,1615 740,1615 785,1615 830,1612 874,1612 919,1612 964,1615 1009,1612 1054,1615 1098,1612 1143,1615 1188,1615 1233,1612 1278,1615 1322,1615"/>
                <TextEquiv>
                    <Unicode>rath, den Kornhandel betreffend, erschienen, welches</Unicode>
                </TextEquiv>
            </TextLine>
            <TextLine id="r_10_tl_23" custom="readingOrder {index:22;}">
                <Coords points="461,1665 2186,1665 2150,1615 463,1622"/>
                <Baseline points="474,1657 477,1660 522,1657 567,1657 612,1657 656,1657 701,1657 746,1657 791,1657 836,1654 880,1654 925,1654 970,1654 1015,1654 1060,1654 1104,1654 1149,1654 1194,1654 1239,1654 1284,1654 1328,1654 1349,1651 1394,1654 1439,1654 1484,1654 1528,1654 1573,1654 1618,1654 1663,1654 1708,1651 1752,1651 1797,1651 1842,1651 1887,1651 1931,1651 1976,1651 2021,1648 2066,1651 2111,1648 2155,1651 2191,1651"/>
                <TextEquiv>
                    <Unicode>mit dem neulich vom Parlement ausgefertigten einer= len, alles zu thun, was er will, tadeln sehr das Par¬</Unicode>
                </TextEquiv>
            </TextLine>
            <TextLine id="r_10_tl_24" custom="readingOrder {index:23;}">
                <Coords points="467,1825 1319,1825 1302,1784 467,1788"/>
                <Baseline points="480,1824 519,1821 564,1821 609,1821 653,1818 698,1818 743,1818 788,1818 833,1818 877,1818 922,1818 967,1818 1012,1818 1057,1815 1101,1815 1146,1818 1191,1815 1236,1815 1281,1815 1325,1812"/>
                <TextEquiv>
                    <Unicode>den Stof zu allerley Gesprächen. Der Herzog von</Unicode>
                </TextEquiv>
            </TextLine>
            <TextLine id="r_10_tl_25" custom="readingOrder {index:24;}">
                <Coords points="463,1957 2180,1944 2054,1894 463,1907"/>
                <Baseline points="474,1946 477,1946 522,1946 567,1946 612,1943 656,1943 701,1940 746,1940 791,1943 836,1943 880,1943 925,1943 970,1943 1015,1943 1060,1943 1104,1940 1149,1940 1194,1940 1239,1940 1284,1940 1328,1937 1349,1937 1394,1937 1439,1940 1484,1940 1528,1940 1573,1940 1618,1940 1663,1940 1708,1937 1752,1937 1797,1940 1842,1940 1887,1937 1931,1937 1976,1937 2021,1937 2066,1937 2111,1937 2155,1940 2185,1940"/>
                <TextEquiv>
                    <Unicode>ter dem Volke manche Freudensbezeugungen über das verurtheilet die Magisträte zu harten Strafen. Das</Unicode>
                </TextEquiv>
            </TextLine>
            <TextLine id="r_10_tl_26" custom="readingOrder {index:25;}">
                <Coords points="463,2035 1319,2031 1319,1996 1278,1985 463,1992"/>
                <Baseline points="474,2030 519,2027 564,2027 609,2027 653,2027 698,2027 743,2024 788,2024 833,2024 877,2024 922,2024 967,2027 1012,2024 1057,2024 1101,2021 1146,2024 1191,2021 1236,2021 1281,2021 1325,2021"/>
                <TextEquiv>
                    <Unicode>men worden; so haben doch auf der andern Seite vie¬</Unicode>
                </TextEquiv>
            </TextLine>
            <TextLine id="r_10_tl_27" custom="readingOrder {index:26;}">
                <Coords points="463,2080 1315,2070 1315,2031 1265,2022 463,2035"/>
                <Baseline points="474,2069 513,2069 558,2069 603,2069 647,2066 692,2066 737,2069 782,2066 827,2066 871,2069 916,2066 961,2066 1006,2063 1051,2063 1095,2063 1140,2063 1185,2063 1230,2060 1275,2060 1319,2063"/>
                <TextEquiv>
                    <Unicode>le Vornehme, unter welchen allerdings manche Creatu¬</Unicode>
                </TextEquiv>
            </TextLine>
            <TextLine id="r_10_tl_28" custom="readingOrder {index:27;}">
                <Coords points="458,2113 1310,2119 1310,2070 1259,2065 458,2074"/>
                <Baseline points="471,2111 510,2111 555,2111 600,2111 644,2108 689,2108 734,2108 779,2108 824,2108 868,2108 913,2108 958,2105 1003,2105 1048,2105 1092,2105 1137,2102 1182,2105 1227,2105 1272,2105 1316,2105"/>
                <TextEquiv>
                    <Unicode>ren gewesen sind, ihr Leidwesen darüber zu Tage gelegt</Unicode>
                </TextEquiv>
            </TextLine>
            <TextLine id="r_10_tl_29" custom="readingOrder {index:28;}">
                <Coords points="467,2169 1319,2160 1319,2115 1269,2108 1192,2130 467,2117"/>
                <Baseline points="480,2155 516,2152 561,2152 606,2149 650,2149 695,2149 740,2149 785,2149 830,2149 874,2152 919,2149 964,2146 1009,2146 1054,2143 1098,2146 1143,2143 1188,2146 1233,2143 1278,2143 1322,2146"/>
                <TextEquiv>
                    <Unicode>Als der Herzog von Choiseul von hier reiseté, traf er</Unicode>
                </TextEquiv>
            </TextLine>
            <TextLine id="r_10_tl_30" custom="readingOrder {index:29;}">
                <Coords points="467,2206 1319,2191 1287,2145 467,2169"/>
                <Baseline points="480,2197 519,2194 564,2194 609,2191 653,2191 698,2191 743,2191 788,2191 833,2191 877,2191 922,2191 967,2188 1012,2188 1057,2185 1101,2185 1146,2185 1191,2188 1236,2185 1281,2185 1325,2185"/>
                <TextEquiv>
                    <Unicode>auf der ersten Poststation verschiedene Generalsperso¬</Unicode>
                </TextEquiv>
            </TextLine>
            <TextLine id="r_10_tl_31" custom="readingOrder {index:30;}">
                <Coords points="465,2251 1185,2243 1202,2193 465,2206"/>
                <Baseline points="477,2236 489,2236 534,2233 579,2233 624,2233 668,2233 713,2233 758,2233 803,2233 848,2233 892,2233 937,2233 982,2230 1027,2230 1071,2230 1116,2227 1161,2227 1206,2230"/>
                <TextEquiv>
                    <Unicode>nen an, die ihm alle ihre Condolenz abstatteten.</Unicode>
                </TextEquiv>
            </TextLine>
            <TextLine id="r_10_tl_32" custom="readingOrder {index:31;}">
                <Coords points="463,2288 2182,2286 2182,2238 2048,2234 463,2249"/>
                <Baseline points="474,2278 486,2278 531,2275 576,2275 621,2275 665,2275 710,2275 755,2272 800,2275 845,2275 889,2275 934,2272 979,2272 1024,2272 1069,2272 1113,2269 1158,2269 1203,2272 1248,2272 1292,2272 1337,2269 1382,2269 1427,2269 1472,2269 1516,2269 1561,2272 1606,2269 1651,2269 1696,2269 1740,2269 1785,2269 1830,2272 1875,2272 1920,2269 1964,2269 2009,2269 2054,2269 2099,2269 2143,2272 2188,2272"/>
                <TextEquiv>
                    <Unicode>nach der Abreise dieses ersten Ministers, hat man ange= werden sollte, die es zwar nie besser, als für sich selbst,</Unicode>
                </TextEquiv>
            </TextLine>
            <TextLine id="r_10_tl_33" custom="readingOrder {index:32;}">
                <Coords points="467,2336 1224,2331 1224,2281 1163,2271 731,2275 599,2301 467,2284"/>
                <Baseline points="480,2323 513,2320 558,2317 603,2317 647,2317 692,2317 737,2317 782,2314 827,2314 871,2314 916,2317 961,2314 1006,2314 1051,2314 1095,2311 1140,2311 1185,2314 1230,2314"/>
                <TextEquiv>
                    <Unicode>fangen, dessen Pferde und Wägen zu verkaufen.</Unicode>
                </TextEquiv>
            </TextLine>
            <TextLine id="r_10_tl_34" custom="readingOrder {index:33;}">
                <Coords points="463,2407 2182,2405 2145,2357 463,2374"/>
                <Baseline points="474,2400 516,2400 561,2400 606,2397 650,2397 695,2397 740,2400 785,2397 830,2397 874,2397 919,2394 964,2397 1009,2394 1054,2394 1098,2394 1143,2394 1188,2394 1233,2394 1278,2397 1322,2394 1346,2394 1391,2391 1436,2394 1481,2394 1525,2394 1570,2394 1615,2394 1660,2394 1705,2394 1749,2394 1794,2394 1839,2394 1884,2394 1928,2394 1973,2394 2018,2394 2063,2394 2108,2394 2152,2394 2188,2397"/>
                <TextEquiv>
                    <Unicode>de la Vrilliere diesem Minister den Königl. Befehl zur einem glücklichen Augenblick eines patriotischen Enthu=</Unicode>
                </TextEquiv>
            </TextLine>
            <TextLine id="r_10_tl_35" custom="readingOrder {index:34;}">
                <Coords points="463,2448 1317,2450 1317,2400 1027,2400 995,2424 463,2407"/>
                <Baseline points="474,2445 516,2442 561,2439 606,2439 650,2439 695,2439 740,2439 785,2439 830,2439 874,2439 919,2439 964,2439 1009,2439 1054,2436 1098,2436 1143,2436 1188,2436 1233,2436 1278,2436 1322,2436"/>
                <TextEquiv>
                    <Unicode>Abreise nach Chanteloux brachte, er eben mit der Ab¬</Unicode>
                </TextEquiv>
            </TextLine>
            <TextLine id="r_10_tl_36" custom="readingOrder {index:35;}">
                <Coords points="465,2491 1313,2485 1313,2444 1263,2439 465,2448"/>
                <Baseline points="477,2487 513,2484 558,2484 603,2481 647,2481 692,2481 737,2481 782,2478 827,2478 871,2478 916,2478 961,2478 1006,2478 1051,2478 1095,2475 1140,2475 1185,2475 1230,2478 1275,2478 1319,2481"/>
                <TextEquiv>
                    <Unicode>fertigung eines Couriers nach England beschäftiget war</Unicode>
                </TextEquiv>
            </TextLine>
            <TextLine id="r_10_tl_37" custom="readingOrder {index:36;}">
                <Coords points="471,2534 1313,2530 1313,2487 1276,2480 471,2493"/>
                <Baseline points="483,2523 513,2523 558,2526 603,2523 647,2520 692,2520 737,2520 782,2520 827,2523 871,2523 916,2523 961,2523 1006,2520 1051,2520 1095,2517 1140,2517 1185,2517 1230,2520 1275,2520 1319,2520"/>
                <TextEquiv>
                    <Unicode>so bald er aber die Beungnädigung vernommen hatte,</Unicode>
                </TextEquiv>
            </TextLine>
            <TextLine id="r_10_tl_38" custom="readingOrder {index:37;}">
                <Coords points="458,2580 2182,2576 2139,2524 458,2526"/>
                <Baseline points="471,2565 516,2565 561,2565 606,2565 650,2565 695,2565 740,2562 785,2562 830,2562 874,2562 919,2562 964,2562 1009,2562 1054,2562 1098,2562 1143,2562 1188,2559 1233,2562 1278,2562 1319,2565 1343,2559 1388,2559 1433,2559 1478,2559 1522,2559 1567,2559 1612,2559 1657,2559 1702,2559 1746,2559 1791,2559 1836,2562 1881,2559 1926,2559 1970,2559 2015,2562 2060,2559 2105,2559 2149,2559 2188,2562"/>
                <TextEquiv>
                    <Unicode>die Depeschen, welche der Courier mitnehmen sollte, wenn unsre Souveraine nicht zum Glücke zur Maxi¬</Unicode>
                </TextEquiv>
            </TextLine>
            <TextLine id="r_10_tl_39" custom="readingOrder {index:38;}">
                <Coords points="463,2621 2182,2608 2080,2560 463,2578"/>
                <Baseline points="474,2609 477,2606 522,2606 567,2606 612,2606 656,2606 701,2606 746,2606 791,2606 836,2606 880,2603 925,2606 970,2606 1015,2606 1060,2606 1104,2606 1149,2603 1194,2603 1239,2606 1284,2603 1328,2606 1346,2600 1391,2600 1436,2600 1481,2600 1525,2600 1570,2600 1615,2600 1660,2600 1705,2600 1749,2600 1794,2600 1839,2603 1884,2600 1928,2600 1973,2600 2018,2600 2063,2600 2108,2600 2152,2600 2188,2603"/>
                <TextEquiv>
                    <Unicode>nebst verschiedenen andern Papieren, ins Feuer me hätten, ihre Macht nur auf die Liebe und Treue</Unicode>
                </TextEquiv>
            </TextLine>
            <TextLine id="r_10_tl_40" custom="readingOrder {index:39;}">
                <Coords points="458,2660 484,2658 497,2666 506,2658 513,2662 525,2656 564,2658 564,2610 541,2610 534,2617 523,2612 510,2621 497,2614 487,2614 478,2621 458,2621"/>
                <Baseline points="471,2651 516,2648 561,2648 567,2651"/>
                <TextEquiv>
                    <Unicode>warf.</Unicode>
                </TextEquiv>
            </TextLine>
            <TextLine id="r_10_tl_41" custom="readingOrder {index:40;}">
                <Coords points="694,2699 1099,2694 1099,2656 1036,2636 1008,2660 694,2647"/>
                <Baseline points="707,2687 752,2687 797,2687 842,2687 886,2684 931,2687 976,2690 1021,2690 1066,2687 1104,2687"/>
                <TextEquiv>
                    <Unicode>Paris, vom 4. Jan.</Unicode>
                </TextEquiv>
            </TextLine>
            <TextEquiv>
                <Unicode></Unicode>
            </TextEquiv>
        </TextRegion>
        <TextRegion id="r_11" custom="readingOrder {index:1;}">
            <Coords points="1333,531 2228,531 2228,2812 1333,2812"/>
            <TextLine id="r_11_tl_1" custom="readingOrder {index:0;}">
                <Coords points="456,597 2191,599 2191,521 456,530"/>
                <Baseline points="468,588 495,585 540,585 585,585 630,585 674,585 719,585 764,585 809,588 854,585 898,582 943,582 988,582 1033,579 1077,579 1122,579 1167,579 1212,582 1257,579 1301,579 1346,579 1391,576 1436,576 1481,579 1525,579 1570,579 1615,579 1660,579 1705,582 1749,579 1794,579 1839,579 1884,579 1928,579 1973,579 2018,579 2063,576 2108,576 2152,576 2197,573"/>
                <TextEquiv>
                    <Unicode>Wenig Tage hernach seegelte der General auf dem r. ist den 2ten dieses in seinem 72sten Jahre allhier</Unicode>
                </TextEquiv>
            </TextLine>
            <TextLine id="r_11_tl_2" custom="readingOrder {index:1;}">
                <Coords points="1509,688 2037,690 2037,636 2020,629 1847,649 1773,625 1691,644 1509,625"/>
                <Baseline points="1522,680 1567,680 1612,680 1657,683 1702,680 1746,683 1791,683 1836,683 1881,680 1926,680 1970,680 2015,680 2042,680"/>
                <TextEquiv>
                    <Unicode>Genua, vom 28: December.</Unicode>
                </TextEquiv>
            </TextLine>
            <TextLine id="r_11_tl_3" custom="readingOrder {index:2;}">
                <Coords points="1382,740 2162,733 2197,727 2199,683 1384,686"/>
                <Baseline points="1394,719 1397,722 1442,722 1487,725 1531,725 1576,725 1621,722 1666,725 1711,725 1755,725 1800,725 1845,722 1890,725 1934,725 1979,722 2024,722 2069,722 2114,719 2158,716 2203,713"/>
                <TextEquiv>
                    <Unicode>Es geht das Gerücht, daß die Türken auf der In¬</Unicode>
                </TextEquiv>
            </TextLine>
            <TextLine id="r_11_tl_4" custom="readingOrder {index:3;}">
                <Coords points="1345,781 2197,768 2197,722 1486,746 1345,711"/>
                <Baseline points="1358,770 1397,767 1442,767 1487,767 1531,767 1576,767 1621,767 1666,767 1711,767 1755,767 1800,767 1845,767 1890,767 1934,764 1979,764 2024,764 2069,761 2114,761 2158,758 2203,755"/>
                <TextEquiv>
                    <Unicode>sel Lemnos, ihres den Russen gethanen Versprechens</Unicode>
                </TextEquiv>
            </TextLine>
            <TextLine id="r_11_tl_5" custom="readingOrder {index:4;}">
                <Coords points="458,798 2024,822 2162,817 2191,766 456,772"/>
                <Baseline points="471,794 477,794 522,794 567,794 612,794 656,791 701,791 746,791 791,791 836,791 880,788 925,788 970,788 1015,788 1060,788 1104,788 1149,788 1194,791 1239,791 1284,788 1328,791 1349,806 1391,806 1436,809 1481,809 1525,809 1570,806 1615,806 1660,806 1705,809 1749,809 1794,809 1839,806 1884,806 1928,806 1973,806 2018,809 2063,803 2108,803 2152,803 2197,800"/>
                <TextEquiv>
                    <Unicode>admiral Elphingston blieben mit 5 Schiffen von der Li. ungeachtet, die Griechen in ihrem vorigen Zustande zu</Unicode>
                </TextEquiv>
            </TextLine>
            <TextLine id="r_11_tl_6" custom="readingOrder {index:5;}">
                <Coords points="1341,856 2195,848 2195,807 1341,813"/>
                <Baseline points="1352,845 1394,848 1439,848 1484,848 1528,851 1573,848 1618,848 1663,851 1708,851 1752,848 1797,851 1842,848 1887,848 1931,848 1976,848 2021,848 2066,848 2111,845 2155,842 2200,842"/>
                <TextEquiv>
                    <Unicode>lassen, verschiedene davon getödtet haben, worunter</Unicode>
                </TextEquiv>
            </TextLine>
            <TextLine id="r_11_tl_7" custom="readingOrder {index:6;}">
                <Coords points="1345,900 2188,889 2160,850 1345,854"/>
                <Baseline points="1358,889 1388,886 1433,889 1478,889 1522,889 1567,889 1612,889 1657,889 1702,889 1746,889 1791,889 1836,889 1881,889 1926,889 1970,889 2015,889 2060,889 2105,886 2149,883 2194,877"/>
                <TextEquiv>
                    <Unicode>sich auch der dasige Bischof befinden soll. Zu Con¬</Unicode>
                </TextEquiv>
            </TextLine>
            <TextLine id="r_11_tl_8" custom="readingOrder {index:7;}">
                <Coords points="1345,945 2191,934 2191,889 1345,900"/>
                <Baseline points="1358,931 1391,931 1436,931 1481,931 1525,931 1570,931 1615,931 1660,931 1705,931 1749,931 1794,928 1839,931 1884,931 1928,928 1973,928 2018,928 2063,928 2108,928 2152,925 2197,925"/>
                <TextEquiv>
                    <Unicode>stant nopel ist der Caffe sehr rar; Es sind deshalb</Unicode>
                </TextEquiv>
            </TextLine>
            <TextLine id="r_11_tl_9" custom="readingOrder {index:8;}">
                <Coords points="1341,977 1672,975 1704,1003 1786,977 1851,1003 2186,982 2171,932 1909,958 1825,932 1341,945"/>
                <Baseline points="1352,973 1385,973 1430,973 1475,973 1519,973 1564,976 1609,976 1654,976 1699,973 1743,973 1788,973 1833,973 1878,973 1923,973 1967,970 2012,970 2057,970 2102,973 2146,970 2191,970"/>
                <TextEquiv>
                    <Unicode>viele Commißionen nach Venedig und hieher gege</Unicode>
                </TextEquiv>
            </TextLine>
            <TextLine id="r_11_tl_10" custom="readingOrder {index:9;}">
                <Coords points="1332,1029 1358,1034 1367,1025 1378,1034 1397,1027 1436,1049 1470,1038 1499,1042 1514,1032 1546,1038 1546,984 1434,984 1412,993 1399,982 1367,984 1332,971"/>
                <Baseline points="1343,1015 1388,1018 1433,1018 1478,1015 1522,1015 1552,1018"/>
                <TextEquiv>
                    <Unicode>ben worden.</Unicode>
                </TextEquiv>
            </TextLine>
            <TextLine id="r_11_tl_11" custom="readingOrder {index:10;}">
                <Coords points="1525,1079 1602,1092 1749,1075 1788,1090 1840,1075 1875,1090 2005,1081 2005,1047 1968,1027 1762,1053 1648,1019 1600,1029 1561,1014 1525,1034"/>
                <Baseline points="1537,1074 1582,1074 1627,1077 1672,1074 1716,1077 1761,1074 1806,1074 1851,1074 1896,1074 1940,1074 1985,1074 2009,1074"/>
                <TextEquiv>
                    <Unicode>Marseille, vom 27. Dec.</Unicode>
                </TextEquiv>
            </TextLine>
            <TextLine id="r_11_tl_12" custom="readingOrder {index:11;}">
                <Coords points="1373,1131 2188,1124 2188,1064 2154,1057 2048,1090 1373,1070"/>
                <Baseline points="1385,1113 1430,1116 1475,1113 1519,1113 1564,1116 1609,1116 1654,1116 1699,1116 1743,1116 1788,1113 1833,1113 1878,1113 1923,1113 1967,1113 2012,1113 2057,1113 2102,1113 2146,1113 2191,1113 2194,1113"/>
                <TextEquiv>
                    <Unicode>Man meldet von Constantinopel, daß sich der Wie¬</Unicode>
                </TextEquiv>
            </TextLine>
            <TextLine id="r_11_tl_13" custom="readingOrder {index:12;}">
                <Coords points="1341,1166 2188,1170 2188,1124 2052,1116 1341,1129"/>
                <Baseline points="1352,1158 1388,1158 1433,1158 1478,1161 1522,1158 1567,1158 1612,1158 1657,1158 1702,1158 1746,1158 1791,1155 1836,1155 1881,1155 1926,1155 1970,1155 2015,1155 2060,1152 2105,1155 2149,1155 2194,1152"/>
                <TextEquiv>
                    <Unicode>ner Hof sehr für die Widerherstellung des Friedens mit</Unicode>
                </TextEquiv>
            </TextLine>
            <TextLine id="r_11_tl_14" custom="readingOrder {index:13;}">
                <Coords points="1341,1215 2186,1202 2186,1168 2132,1159 1341,1166"/>
                <Baseline points="1352,1200 1385,1200 1430,1200 1475,1200 1519,1200 1564,1200 1609,1203 1654,1200 1699,1200 1743,1203 1788,1197 1833,1197 1878,1197 1923,1197 1967,1197 2012,1197 2057,1197 2102,1197 2146,1197 2191,1197"/>
                <TextEquiv>
                    <Unicode>Rußland bemühe, und daß der vormals bey der Pfor¬</Unicode>
                </TextEquiv>
            </TextLine>
            <TextLine id="r_11_tl_15" custom="readingOrder {index:14;}">
                <Coords points="1332,1250 2188,1243 2188,1202 1332,1215"/>
                <Baseline points="1343,1242 1388,1242 1433,1242 1478,1242 1522,1239 1567,1242 1612,1242 1657,1242 1702,1242 1746,1239 1791,1239 1836,1239 1881,1239 1926,1236 1970,1236 2015,1236 2060,1236 2105,1236 2149,1239 2194,1239"/>
                <TextEquiv>
                    <Unicode>te als Internuncius gestandne Baron von Penckler zur</Unicode>
                </TextEquiv>
            </TextLine>
            <TextLine id="r_11_tl_16" custom="readingOrder {index:15;}">
                <Coords points="1336,1289 2059,1310 2188,1287 2175,1243 1336,1250"/>
                <Baseline points="1349,1281 1394,1284 1439,1281 1484,1281 1528,1281 1573,1284 1618,1284 1663,1284 1708,1284 1752,1284 1797,1284 1842,1284 1887,1281 1931,1281 1976,1281 2021,1281 2066,1281 2111,1281 2155,1281 2194,1281"/>
                <TextEquiv>
                    <Unicode>Beschleunigung desselben ins Lager des Großveziers ab¬</Unicode>
                </TextEquiv>
            </TextLine>
            <TextLine id="r_11_tl_17" custom="readingOrder {index:16;}">
                <Coords points="1334,1341 1382,1354 1451,1341 1490,1356 1509,1336 1631,1347 1661,1334 1661,1291 1628,1298 1602,1287 1561,1302 1551,1291 1334,1289"/>
                <Baseline points="1346,1328 1391,1325 1436,1325 1481,1325 1525,1322 1570,1325 1615,1325 1660,1328 1666,1328"/>
                <TextEquiv>
                    <Unicode>geschickt worden sey.</Unicode>
                </TextEquiv>
            </TextLine>
            <TextLine id="r_11_tl_18" custom="readingOrder {index:17;}">
                <Coords points="1483,1401 1605,1408 1678,1386 1782,1410 1819,1388 2039,1401 2039,1339 2020,1334 1879,1330 1810,1354 1758,1323 1654,1347 1483,1336"/>
                <Baseline points="1496,1388 1507,1388 1552,1388 1597,1388 1642,1388 1687,1385 1731,1385 1776,1388 1821,1385 1866,1385 1911,1385 1955,1385 2000,1385 2045,1385"/>
                <TextEquiv>
                    <Unicode>Aus einem Berichte von Paris,</Unicode>
                </TextEquiv>
            </TextLine>
            <TextLine id="r_11_tl_19" custom="readingOrder {index:18;}">
                <Coords points="1646,1436 1665,1434 1676,1445 1689,1438 1717,1453 1734,1442 1756,1451 1784,1434 1816,1455 1847,1438 1875,1438 1875,1393 1804,1390 1784,1410 1749,1397 1700,1399 1685,1388 1646,1395"/>
                <Baseline points="1657,1427 1702,1430 1746,1430 1791,1430 1836,1427 1881,1430"/>
                <TextEquiv>
                    <Unicode>voin 4. Jan.</Unicode>
                </TextEquiv>
            </TextLine>
            <TextLine id="r_11_tl_20" custom="readingOrder {index:19;}">
                <Coords points="1371,1488 2191,1496 2191,1438 2000,1423 1825,1460 1771,1434 1715,1455 1650,1429 1566,1464 1371,1440"/>
                <Baseline points="1382,1484 1427,1487 1472,1487 1516,1487 1561,1490 1606,1490 1651,1487 1696,1490 1740,1490 1785,1487 1830,1490 1875,1487 1920,1487 1964,1487 2009,1487 2054,1487 2099,1487 2143,1484 2188,1487 2197,1487"/>
                <TextEquiv>
                    <Unicode>Die Sache des Parlements ist der Stof der Erörte¬</Unicode>
                </TextEquiv>
            </TextLine>
            <TextLine id="r_11_tl_21" custom="readingOrder {index:20;}">
                <Coords points="1336,1542 2180,1544 2162,1492 1421,1503 1336,1464"/>
                <Baseline points="1349,1531 1379,1531 1424,1531 1469,1531 1513,1531 1558,1528 1603,1531 1648,1528 1693,1528 1737,1528 1782,1528 1827,1528 1872,1528 1917,1528 1961,1525 2006,1528 2051,1525 2096,1525 2141,1525 2185,1528"/>
                <TextEquiv>
                    <Unicode>rung aller Politiker und aller Ordnungen der Bürger,</Unicode>
                </TextEquiv>
            </TextLine>
            <TextLine id="r_11_tl_22" custom="readingOrder {index:21;}">
                <Coords points="508,1589 2115,1589 2188,1540 510,1535"/>
                <Baseline points="519,1576 561,1576 606,1576 650,1576 695,1576 740,1573 785,1573 830,1573 874,1573 919,1573 964,1573 1009,1573 1054,1573 1098,1573 1143,1573 1188,1573 1233,1573 1278,1570 1322,1570 1346,1570 1385,1570 1430,1570 1475,1570 1519,1570 1564,1570 1609,1570 1654,1570 1699,1570 1743,1570 1788,1570 1833,1570 1878,1570 1923,1567 1967,1567 2012,1567 2057,1570 2102,1570 2146,1567 2191,1567"/>
                <TextEquiv>
                    <Unicode>Am 23sten December ist ein Arret aus dem Staats= Die Militairpersonen, welche für einen bloß paßiven</Unicode>
                </TextEquiv>
            </TextLine>
            <TextLine id="r_11_tl_23" custom="readingOrder {index:22;}">
                <Coords points="1336,1622 2188,1624 2188,1576 1336,1576"/>
                <Baseline points="1349,1612 1385,1609 1430,1612 1475,1612 1519,1612 1564,1612 1609,1612 1654,1612 1699,1612 1743,1612 1788,1609 1833,1609 1878,1612 1923,1609 1967,1609 2012,1609 2057,1609 2102,1609 2146,1609 2191,1609"/>
                <TextEquiv>
                    <Unicode>Gehorsam sind, und dem Hofe das Recht geben wol¬</Unicode>
                </TextEquiv>
            </TextLine>
            <TextLine id="r_11_tl_24" custom="readingOrder {index:23;}">
                <Coords points="467,1706 2186,1700 2186,1665 2037,1650 467,1665"/>
                <Baseline points="480,1702 489,1699 534,1702 579,1699 624,1699 668,1696 713,1699 758,1699 803,1696 848,1696 892,1696 937,1696 982,1699 1027,1696 1071,1699 1116,1696 1161,1696 1206,1696 1251,1696 1295,1693 1340,1693 1385,1693 1430,1693 1475,1693 1519,1696 1564,1696 1609,1693 1654,1693 1699,1693 1743,1693 1788,1690 1833,1693 1878,1693 1923,1693 1967,1693 2012,1693 2057,1693 2102,1690 2146,1693 2191,1693"/>
                <TextEquiv>
                    <Unicode>ley Inhalts ist. Der vierte Artickel aber, daß kein lement, und halten dasselbe einer sehr sträflichen Re¬</Unicode>
                </TextEquiv>
            </TextLine>
            <TextLine id="r_11_tl_25" custom="readingOrder {index:24;}">
                <Coords points="467,1747 2186,1741 2188,1698 2100,1695 469,1706"/>
                <Baseline points="480,1743 525,1740 570,1740 615,1740 659,1737 704,1737 749,1737 794,1740 839,1740 883,1740 928,1737 973,1737 1018,1737 1063,1737 1107,1737 1152,1737 1197,1734 1242,1734 1286,1734 1331,1734 1352,1734 1388,1734 1433,1734 1478,1734 1522,1734 1567,1737 1612,1734 1657,1734 1702,1734 1746,1734 1791,1734 1836,1734 1881,1734 1926,1731 1970,1731 2015,1731 2060,1728 2105,1731 2149,1731 2194,1731"/>
                <TextEquiv>
                    <Unicode>Königl. Bedienter sich auf irgend eine Weise in den Ge= volte schuldig. Die Geistlichkeit eine erklärte Wider¬</Unicode>
                </TextEquiv>
            </TextLine>
            <TextLine id="r_11_tl_26" custom="readingOrder {index:25;}">
                <Coords points="467,1793 2191,1788 2191,1741 2074,1736 467,1747"/>
                <Baseline points="480,1782 525,1782 570,1779 615,1779 659,1779 704,1776 749,1776 794,1776 839,1776 883,1779 928,1776 973,1779 1018,1779 1063,1776 1107,1776 1152,1776 1197,1776 1242,1776 1286,1776 1331,1773 1349,1773 1394,1776 1439,1773 1484,1776 1528,1776 1573,1776 1618,1776 1663,1776 1708,1776 1752,1776 1797,1776 1842,1776 1887,1776 1931,1773 1976,1773 2021,1773 2066,1773 2111,1773 2155,1773 2197,1776"/>
                <TextEquiv>
                    <Unicode>treidehandel mengen soll, giebt bey den jetzigen Umstän= sacherin eines Korps, welches sich ihren Prätensionen</Unicode>
                </TextEquiv>
            </TextLine>
            <TextLine id="r_11_tl_27" custom="readingOrder {index:26;}">
                <Coords points="1341,1825 2193,1823 2193,1788 2154,1780 1341,1784"/>
                <Baseline points="1352,1815 1391,1815 1436,1815 1481,1815 1525,1815 1570,1818 1615,1815 1660,1815 1705,1818 1749,1815 1794,1815 1839,1815 1884,1815 1928,1812 1973,1812 2018,1812 2063,1815 2108,1812 2152,1812 2197,1812"/>
                <TextEquiv>
                    <Unicode>immer widersetzet hat, und sie verhindert, ihre Ge¬</Unicode>
                </TextEquiv>
            </TextLine>
            <TextLine id="r_11_tl_28" custom="readingOrder {index:27;}">
                <Coords points="471,1871 2188,1868 2188,1819 2041,1814 471,1827"/>
                <Baseline points="483,1860 522,1863 567,1863 612,1860 656,1860 701,1863 746,1860 791,1860 836,1860 880,1860 925,1860 970,1857 1015,1857 1060,1857 1104,1857 1149,1857 1194,1854 1239,1854 1284,1854 1328,1854 1343,1854 1388,1854 1433,1854 1478,1857 1522,1854 1567,1854 1612,1854 1657,1854 1702,1854 1746,1854 1791,1854 1836,1854 1881,1854 1926,1854 1970,1854 2015,1854 2060,1854 2105,1854 2149,1857 2194,1854"/>
                <TextEquiv>
                    <Unicode>Vrilliere unterzeichnet noch immer die in den vacanten walt auszubreiten, und die Autorität selbst, mit Unter¬</Unicode>
                </TextEquiv>
            </TextLine>
            <TextLine id="r_11_tl_29" custom="readingOrder {index:28;}">
                <Coords points="458,1905 2188,1907 2191,1873 2052,1860 461,1877"/>
                <Baseline points="471,1902 477,1902 522,1908 567,1905 612,1905 656,1902 701,1902 746,1902 791,1902 836,1902 880,1902 925,1902 970,1902 1015,1902 1060,1899 1104,1899 1149,1896 1194,1899 1239,1899 1284,1896 1328,1896 1346,1893 1391,1896 1436,1896 1481,1899 1525,1896 1570,1899 1615,1896 1660,1896 1705,1896 1749,1896 1794,1896 1839,1896 1884,1896 1928,1896 1973,1896 2018,1896 2063,1896 2108,1896 2152,1899 2194,1902"/>
                <TextEquiv>
                    <Unicode>Departements vorkommende Geschäfte. Ob zwarun= würfigmachung der Gewissen, unterwürfig zu machen,</Unicode>
                </TextEquiv>
            </TextLine>
            <TextLine id="r_11_tl_30" custom="readingOrder {index:29;}">
                <Coords points="467,1994 2191,1992 2191,1951 2106,1940 467,1959"/>
                <Baseline points="480,1988 519,1988 564,1985 609,1985 653,1985 698,1982 743,1982 788,1982 833,1982 877,1982 922,1982 967,1982 1012,1982 1057,1985 1101,1982 1146,1982 1191,1982 1236,1982 1281,1979 1325,1979 1343,1979 1388,1979 1433,1979 1478,1979 1522,1982 1567,1979 1612,1979 1657,1979 1702,1979 1746,1982 1791,1979 1836,1979 1881,1979 1926,1979 1970,1979 2015,1979 2060,1979 2105,1979 2149,1982 2194,1979 2197,1979"/>
                <TextEquiv>
                    <Unicode>Schicksal der verbanneten Minister sind wahrgenom= Volk, welches sonst keine Zeit hat, als zur Arbeit, die</Unicode>
                </TextEquiv>
            </TextLine>
            <TextLine id="r_11_tl_31" custom="readingOrder {index:30;}">
                <Coords points="1341,2024 2188,2031 2158,1983 1341,1985"/>
                <Baseline points="1352,2021 1397,2021 1442,2021 1487,2021 1531,2021 1576,2021 1621,2021 1666,2021 1711,2021 1755,2021 1800,2021 1845,2018 1890,2021 1934,2021 1979,2021 2024,2021 2069,2021 2114,2021 2158,2021 2194,2021"/>
                <TextEquiv>
                    <Unicode>Auflagen zu bezahlen, und Brod zu kaufen, sieht die¬</Unicode>
                </TextEquiv>
            </TextLine>
            <TextLine id="r_11_tl_32" custom="readingOrder {index:31;}">
                <Coords points="1341,2070 2182,2074 2182,2033 2128,2028 1341,2026"/>
                <Baseline points="1352,2060 1397,2063 1442,2060 1487,2060 1531,2063 1576,2060 1621,2060 1666,2060 1711,2063 1755,2063 1800,2066 1845,2063 1890,2063 1934,2063 1979,2063 2024,2063 2069,2063 2114,2063 2158,2063 2185,2066"/>
                <TextEquiv>
                    <Unicode>sen Zwist, wie alle andre, ziemlich gleichgültig an.</Unicode>
                </TextEquiv>
            </TextLine>
            <TextLine id="r_11_tl_33" custom="readingOrder {index:32;}">
                <Coords points="1341,2108 2182,2119 2182,2072 2126,2063 1341,2070"/>
                <Baseline points="1352,2105 1397,2102 1442,2102 1487,2105 1531,2105 1576,2102 1621,2105 1666,2102 1711,2102 1755,2105 1800,2105 1845,2105 1890,2105 1934,2105 1979,2105 2024,2105 2069,2105 2114,2105 2158,2105 2185,2105"/>
                <TextEquiv>
                    <Unicode>Nur die Philosophen und die etwas nachsinnenden Rai=</Unicode>
                </TextEquiv>
            </TextLine>
            <TextLine id="r_11_tl_34" custom="readingOrder {index:33;}">
                <Coords points="1336,2154 2188,2158 2188,2117 2150,2113 1336,2115"/>
                <Baseline points="1349,2146 1394,2143 1439,2143 1484,2146 1528,2143 1573,2146 1618,2143 1663,2143 1708,2143 1752,2143 1797,2143 1842,2146 1887,2146 1931,2146 1976,2146 2021,2146 2066,2146 2111,2146 2155,2146 2191,2149"/>
                <TextEquiv>
                    <Unicode>sonneurs, welche die Folgen betrachten, die mit dem</Unicode>
                </TextEquiv>
            </TextLine>
            <TextLine id="r_11_tl_35" custom="readingOrder {index:34;}">
                <Coords points="1341,2199 2182,2201 2180,2156 2119,2152 2093,2173 1339,2154"/>
                <Baseline points="1352,2191 1382,2185 1427,2185 1472,2185 1516,2188 1561,2185 1606,2185 1651,2185 1696,2185 1740,2185 1785,2185 1830,2188 1875,2185 1920,2185 1964,2188 2009,2185 2054,2188 2099,2188 2143,2188 2188,2188"/>
                <TextEquiv>
                    <Unicode>Falle des Parlements verknüpft seyn können, sehen</Unicode>
                </TextEquiv>
            </TextLine>
            <TextLine id="r_11_tl_36" custom="readingOrder {index:35;}">
                <Coords points="1230,2236 2186,2243 2186,2201 2124,2197 1230,2197"/>
                <Baseline points="1242,2227 1286,2227 1331,2227 1376,2227 1421,2227 1466,2227 1510,2230 1555,2227 1600,2227 1645,2227 1690,2227 1734,2227 1779,2227 1824,2227 1869,2230 1914,2230 1958,2227 2003,2227 2048,2227 2093,2230 2138,2230 2182,2230 2191,2233"/>
                <TextEquiv>
                    <Unicode>Bald nicht gerne, wann demselben eine Autorität genommen</Unicode>
                </TextEquiv>
            </TextLine>
            <TextLine id="r_11_tl_37" custom="readingOrder {index:36;}">
                <Coords points="1248,2325 2186,2320 2186,2286 2124,2277 1248,2277"/>
                <Baseline points="1260,2314 1304,2311 1349,2308 1394,2308 1439,2308 1484,2311 1528,2311 1573,2311 1618,2314 1663,2311 1708,2311 1752,2311 1797,2311 1842,2314 1887,2314 1931,2311 1976,2311 2021,2311 2066,2311 2111,2311 2155,2314 2191,2314"/>
                <TextEquiv>
                    <Unicode>Als und wann es auf seine persönlichen Angelegenheiten an¬</Unicode>
                </TextEquiv>
            </TextLine>
            <TextLine id="r_11_tl_38" custom="readingOrder {index:37;}">
                <Coords points="467,2372 2184,2361 2184,2320 2111,2318 467,2338"/>
                <Baseline points="480,2361 516,2358 561,2358 606,2356 650,2356 695,2358 740,2358 785,2356 830,2356 874,2356 919,2356 964,2356 1009,2356 1054,2356 1098,2353 1143,2353 1188,2353 1233,2353 1278,2356 1322,2356 1346,2353 1391,2350 1436,2353 1481,2353 1525,2353 1570,2356 1615,2353 1660,2353 1705,2353 1749,2353 1794,2353 1839,2356 1884,2353 1928,2353 1973,2353 2018,2353 2063,2353 2108,2356 2152,2353 2188,2356"/>
                <TextEquiv>
                    <Unicode>eine Anecdote ist noch zu merken, daß, als der Herzog kommt, gültig zu machen sucht, doch die es auch, in</Unicode>
                </TextEquiv>
            </TextLine>
            <TextLine id="r_11_tl_39" custom="readingOrder {index:38;}">
                <Coords points="1341,2448 2178,2452 2178,2405 1341,2400"/>
                <Baseline points="1352,2439 1397,2433 1442,2436 1487,2436 1531,2436 1576,2436 1621,2436 1666,2436 1711,2436 1755,2436 1800,2436 1845,2436 1890,2436 1934,2436 1979,2436 2024,2436 2069,2436 2114,2436 2158,2436 2182,2439"/>
                <TextEquiv>
                    <Unicode>siasmi, zum Besten der Unterthanen anwenden kann,</Unicode>
                </TextEquiv>
            </TextLine>
            <TextLine id="r_11_tl_40" custom="readingOrder {index:39;}">
                <Coords points="1334,2489 2180,2491 2180,2448 2117,2439 1334,2452"/>
                <Baseline points="1346,2478 1391,2475 1436,2475 1481,2478 1525,2478 1570,2478 1615,2478 1660,2478 1705,2478 1749,2478 1794,2478 1839,2475 1884,2475 1928,2478 1973,2478 2018,2478 2063,2478 2108,2478 2152,2478 2185,2478"/>
                <TextEquiv>
                    <Unicode>anstatt, daß desselben gänzlicher Verfall den fürchter¬</Unicode>
                </TextEquiv>
            </TextLine>
            <TextLine id="r_11_tl_41" custom="readingOrder {index:40;}">
                <Coords points="1336,2532 2188,2532 2158,2489 1987,2478 1336,2487"/>
                <Baseline points="1349,2517 1394,2520 1439,2517 1484,2517 1528,2517 1573,2520 1618,2520 1663,2517 1708,2517 1752,2517 1797,2517 1842,2517 1887,2517 1931,2517 1976,2520 2021,2517 2066,2517 2111,2517 2155,2520 2191,2523"/>
                <TextEquiv>
                    <Unicode>lichsten und absolutesten Despotismum einführen würde,</Unicode>
                </TextEquiv>
            </TextLine>
            <TextLine id="r_11_tl_42" custom="readingOrder {index:41;}">
                <Coords points="1332,2647 2184,2649 2154,2608 1332,2614"/>
                <Baseline points="1343,2642 1382,2642 1427,2639 1472,2642 1516,2642 1561,2642 1606,2642 1651,2642 1696,2642 1740,2639 1785,2642 1830,2642 1875,2642 1920,2642 1964,2639 2009,2639 2054,2642 2099,2642 2143,2642 2188,2639"/>
                <TextEquiv>
                    <Unicode>ihrer Unterthanen zu gründen. Uebrigens ist es ziem¬</Unicode>
                </TextEquiv>
            </TextLine>
            <TextLine id="r_11_tl_43" custom="readingOrder {index:42;}">
                <Coords points="1326,2697 2180,2692 2154,2649 1326,2658"/>
                <Baseline points="1337,2681 1382,2684 1427,2684 1472,2684 1516,2684 1561,2684 1606,2684 1651,2684 1696,2684 1740,2684 1785,2684 1830,2681 1875,2681 1920,2684 1964,2681 2009,2684 2054,2684 2099,2684 2143,2684 2185,2684"/>
                <TextEquiv>
                    <Unicode>lich schwer, zu sehen, was aus der Sache werden will.</Unicode>
                </TextEquiv>
            </TextLine>
            <TextLine id="r_11_tl_44" custom="readingOrder {index:43;}">
                <Coords points="493,2757 2188,2740 2188,2690 1438,2701 1142,2660 718,2703 493,2662"/>
                <Baseline points="504,2732 534,2729 579,2729 624,2729 668,2729 713,2732 758,2732 803,2729 848,2732 892,2732 937,2732 982,2732 1027,2732 1071,2732 1116,2732 1161,2732 1206,2729 1251,2729 1295,2732 1340,2732 1385,2729 1430,2732 1475,2732 1519,2729 1564,2729 1609,2729 1654,2729 1699,2729 1743,2729 1788,2729 1833,2729 1878,2729 1923,2729 1967,2729 2012,2729 2057,2726 2102,2726 2146,2723 2191,2726"/>
                <TextEquiv>
                    <Unicode>Der Herzog von Estrees, Marschall von Frankreich, Diese Jrrung zwischen dem Hofe und dem Parlemente</Unicode>
                </TextEquiv>
            </TextLine>
            <TextLine id="r_11_tl_45" custom="readingOrder {index:44;}">
                <Coords points="2100,2783 2119,2783 2128,2792 2137,2787 2141,2790 2156,2779 2165,2783 2169,2779 2175,2785 2191,2783 2191,2736 2169,2740 2158,2729 2141,2729 2130,2738 2124,2731 2100,2731"/>
                <Baseline points="2111,2774 2155,2771 2197,2774"/>
                <TextEquiv>
                    <Unicode>stellet</Unicode>
                </TextEquiv>
            </TextLine>
            <TextEquiv>
                <Unicode></Unicode>
            </TextEquiv>
        </TextRegion>
    </Page>
</PcGts>
