2799 3213
869 525 1425 608 Donaustrom, vom 17. Jan.
759 582 1570 644 Der großen Rüstungen ungeachtet, welche in allen
716 618 1579 692 Ottomannischen Staaten für den künftigen Feldzug
720 884 1574 936 se Entschließung kein Mittel seyn, den Türkischen Sol=
722 1131 1434 1207 Schrecken bis nach Adrianopel verbreitet hat.
889 1176 1399 1248 Versailles, vom 16. Jau.
759 1207 1574 1289 Wir vermuthen, daß die Irrungen zwischen Spa¬
716 1276 1568 1326 nien und Engelland eine gute Wendung bekommen
722 1319 1566 1369 werden, daher auch die Hofnung zur Beybehaltung
720 1358 1568 1410 des Friedens sich von Tag zu Tage vermehrt. Der
716 1397 1574 1451 Generallieutenant, Graf von Bissy, Bruder des Mar¬
720 1440 1568 1492 quis von Thiard, hat sich dieser Tage mit Madame
724 1481 1559 1544 Bontems, Witwe des Ersten Königl. Kammerdiener
722 1520 882 1592 vermählt,
837 1559 1451 1631 London, vom 8. und 11. Januar.
714 1745 2441 1797 welche noch erwartet wird. Mit einem Courier, der einen mittelmaßigen Einsatz Gewinnste von 1000 bis
716 1948 1561 2009 nur in Dero Vermögen stünde zur Erhaltung des Frie
714 2037 1566 2089 wie in andern Stücken, also auch in dem, was die
716 2076 1561 2134 Sachen mit Spanien betrift, verschiedene Gesinnun¬
720 2115 1561 2171 gen. Das Ministerium bleibt mehr zum Frieden, als
716 2160 1557 2208 zum Kriege geneigt. Die Gegenparthey aber, und
714 2197 1555 2255 der auf ihrer Seite stehende größere Theil des Volks
720 2245 1561 2292 verlangen immer nach Krieg, und geben vor, daß es
716 2281 1559 2329 auch gewiß darzu kommen würde, und Spanien seine
716 2327 1717 2394 Entschließung mit gutem Vorbedachte nur so lange zu¬ Oantzig
714 2368 1561 2413 rück hielte. Diese Parthey macht aus solchem Grun¬
709 2409 1490 2459 de dem Ministerio beständig allerley Vorwürfe.
714 2448 1812 2526 ist jedoch zu glauben, daß das Ministerium von der Alberrs Taler
716 2487 1559 2539 wahren Gedenkungsart der Höfe von Madrit und Ver¬
716 2534 1557 2580 sailles am gründlichsten benachrichtiget sey, und daß
709 2569 1553 2623 mithin allerdings Hofnung zu einem anständigen Ver
707 2597 2437 2686 trage mit dem ersteren vorhanden seyn müsse. Was Diese Gelehrte und Politische Zeitung wird des Montag
707 2651 1561 2703 die Friedens=Hofnung zu bestätigen scheinet, ist, daß
714 2694 1559 2753 man in unsern Seerustungen einigen Nachlaß des Ei=
1607 534 2437 616 fers verspüren will. Das Pressen ist nicht mehr si
1594 606 2448 660 stark, als vorhin; wenigstens hat man, auf Seiten
1600 644 2446 698 der Regierung, der Ostindischen Compagnie neue Pro=
724 683 2446 729 gemacht werden, kann man doch bey der Pforte die tectien für die Mannschaften ihrer nach Ostindien be¬
720 727 2437 781 Furcht für den Folgen solches Feldzuges nicht bergen. stimmten Schiffe zugestanden, von welchen folglich
720 766 2448 820 Die ernstliche Entschließung, welche der Großsultan niemand mehr mit Gewalt genommen werden darf,
722 800 2446 861 nun genommen hat, Selbst zu Felde zu gehen, ist obgleich die in Commißion gegebene Königl. Schiffe
716 848 2446 891 nichts, als eine Wirkung dieser Furcht; und sollte die= noch lange nicht alle ihr Volk beysammen haben. Die¬
1602 891 2444 943 ser Tage über sind auch weiter keine Kriegesschiffe nach
720 932 2448 975 daten Muth zu machen, so besorget man das äußerste, der Mittelländischen See, oder nach andern auswär¬
724 973 2446 1034 eine gänzliche Revolution. Seitdem die Türkische tigen Stationen ausgesegelt, sondern alle, welche zum
724 1003 2446 1062 Armee sich nach Babadagh zurückgezogen hat, haben Auslaufen bestimmt und segelfertig sind, warten auf
724 1047 2446 1101 sich verschiedene Rußische Streispartheyen am rechten nahere Befehle. Unterdessen sind im Ministerio eini¬
720 1092 2448 1146 Ufer der Donau sehen lassen, welches einen großen ge Veränderungen vorgefallen, die gleichwohl keine
1594 1133 2448 1189 Beziehung auf die Veranderungen im Französischen
1594 1183 2446 1226 Ministerio zu haben scheinen. Herr Bathurst ist zum
1592 1224 2446 1272 Kanzler, und auch zum Peer, unter dem Titel, Lord
1598 1261 2450 1313 Lincester, ernannt worden, und der Admiral Hawke
1592 1302 2446 1367 hat, als Erster Commissarius bey der Admiralitat ab¬
1587 1345 1728 1393 gedankt.
1849 1395 2182 1477 AVERTISSEMENT.
1631 1438 2446 1514 Die hiesige Königl. Lotteriedirection machet hiermit
1583 1505 2446 1559 dem Publico bekannt, daß nunmehro die Loose zur er¬
1592 1548 2446 1598 sten Classe der neuen Königsbergschen 5ten Lotterie auf
1583 1583 2439 1633 dem Lotterieamte, welches anjetzt in das ehemalige Löb¬
759 1609 2444 1680 Es ist noch immer ein Problem, ob wir Krieg oder nichtsche Rathhaus verlegt worden, a 2 fl. und einen
716 1669 2454 1719 Friede haben sollen. Die Auflösung davon muß die Achthalber ausgegeben werden. In dieser für das Pu¬
720 1708 2444 1754 definitive Antwort des Königs von Spanien geben, blicum so vortheilhaft eingerichteten Lotterie, sind vor
720 1788 2448 1838 am 9ten von unserm Ambassadeur am Französischen 20000 fl zu erlangen, der Plan davon ist in dem Lotte¬
722 1829 2444 1879 Hofe, dem Grafen von Harcourt eintraf, soll nur so rieamte, so wie bey allen Einnehmern ohnentgeltlich zu
720 1873 2444 1925 viel zur Nachricht eingegangen seyn, daß man dortnicht haben. Sollten auch sichere Personen eine Collecte
724 1912 2441 1966 zweifele, Se. Katholische Majestät würden alles, was übernehmen wollen, so können sich selbige auf dem Lot¬
1585 1955 2444 2007 terieamte, welches täglich von 9 bis 12 Uhr Vormit¬
716 1994 2446 2063 dens beytragen. An unserer Seite herrschen stets, tags, und Nachmittags von 2 bis 5 Uhr offen ist, mel¬
1587 2037 2292 2111 den. Königsberg, den 1sten Februar 1771.
2046 2102 2424 2145 Getreyde Preise.
1583 2085 2015 2158 Wechsel-Cours & Species.
1611 2139 2437 2199 den 7. Februar 1770. vom 31 Jan. bis 6 Febr. 1771.
2031 2173 2444 2221 Weitzen der beste 150gr.
1587 2167 2007 2243 Amsterd. 41Tage 311 gr
2130 2212 2431 2260 der geringere 138-
1656 2219 2007 2279 dito 71 Tage 3093gr.
2031 2232 2433 2301 Roggen der beste 110—
1579 2251 2005 2338 Hamburg 3W. 1374 gr
2119 2279 2431 2348 der geringere 105-
1656 2299 2013 2361 dito 6 W. 137 gr.
2344 2331 2424 2383 72-
2026 2327 2292 2385 Gerste die beste
1791 2342 2007 2400 252 P.C. dn
2348 2370 2433 2418 66—
2033 2368 2292 2433 — die geringere
1585 2370 2009 2444 Ducaten neue 9 fl. 102gr.
2346 2407 2433 2457 42—
2026 2407 2173 2457 Haaber
1656 2426 2005 2487 dito oude 9 fl. 33gr
2031 2424 2431 2506 Erbsen große graue 99—
1853 2472 2005 2526 142gr.
2342 2489 2433 2530 90—
2057 2487 2318 2532 — kleine graue
1583 2511 1689 2560 Rubel
1868 2515 2009 2565 109 gr.
2057 2515 2437 2569 — große weiße 90-
2054 2554 2422 2604 — kleine weiße 85-
1576 2521 1756 2614 Oude
1795 2545 2024 2612 8 pr. C.ag.
1637 2658 2383 2712 und des Freytags Vormittags um 10 Uhr in dem
1741 2694 2275 2770 Kanterschen Buchladen ausgegeben.
2214 2720 2433 2818 Beylage.
