2679 3213
1065 495 1682 582 Beylage zum 5ten Stück,
540 592 2203 684 der Königsbergschen gelehrten und politischen Zeitung, 1771.
510 742 1367 842 Fortsetzung der im zten St. abgebrochenen Beyl.
794 805 1057 861 Die Kometen.
508 879 1363 927 wissen Zeiten an dem Himmel erscheinen, an Größe, Licht
510 916 1371 966 und Schnelligkeit der Bewegung zu= oder abnehmen nach¬
508 955 1367 998 dem sie sich entweder der Sonne nahern, oder von der¬
512 992 1367 1042 selben entfernen und endlich gar wieder unsichtbar werden.
508 1026 1374 1072 Sie unterscheiden sich von den andern Sternen auch noch
508 1070 1376 1118 dadurch, daß sie einen hellen Schweif haben, der alle¬
516 1098 1367 1152 zeit der Sonne entgegen steht, und dessen Licht immer
510 1133 1367 1189 weniger lebhaft erscheint, je weiter er von dem Körper
512 1174 1374 1217 des Kometen absteht. Dieser Lichtschweif hat verur¬
512 1246 1380 1311 let hat, in Schwanz=in Bart= und in Haarkometen. Sie
516 1280 1374 1332 sind jedoch nicht so unterschieden, als wenn eine jede
508 1322 1380 1369 dieser Benennung einem besondern Kometen allein zu¬
516 1352 1371 1408 käme sondern sie bezeichnen nur den verschiedenen Zu¬
519 1393 1371 1445 stand, in welchem sich ein Komet in Ansehung seines
516 1430 1371 1480 Schwanzes zuweilen befindet. Denn wenn er sich gegen
516 1467 1374 1519 Morgen bewegt, und von der Sonne entfernt, so heißt,
516 1504 1376 1552 er ein Bartkomet weil sein Schwanz vor ihm hergeht.
519 1539 1374 1591 Bewegt er sich gegen Abend und folgt der Sonne, so
516 1575 1376 1628 ist er ein Schwanzstern, weil sein Schweif ihm nach¬
523 1619 1382 1664 folgt. Ist er endlich der Sonne gerad entgegengesetzt,
516 1647 1371 1710 so daß die Erde dazwischen ist, und der Lichtschweif durck
516 1686 1382 1732 den Körper selber bedeckt wird, so sieht man nichts als
512 1723 1374 1797 dasjenige, was davon über den Nand hervorgeht, und
512 1762 1024 1829 alsdenn ist es ein Haarkomet.
582 1766 1376 1847 Der Ursprung und die Materie der Kometen gehören
512 1827 1374 1890 unter diejenigen Gegenstände der Naturlehre, welche der
519 1875 1295 1929 Nachkommenschaft zu entdecken vorbehalten sind.
579 1879 1382 1957 Der große Kepler hat dafür gehalten, daß die Kome¬
519 1938 1376 1994 ten in der Himmelsluft, wie die Wallfische in dem Welt=
521 1973 1378 2031 meere, erzeugt würden. Dieser Sternkundige und
519 2007 1378 2064 Weitweise hat vieles erwiesen und vieles glücklich gemuth=
519 2048 1376 2103 maßet, was nach seiner Zeit erst ist erwiesen worden
516 2085 1376 2140 Vieleicht hat seine Meynung von den Kometen dermal=
516 2155 1384 2226 uns bekannten Gesetzen der Natur vollkommen überein,
525 2194 1337 2255 und hat nicht das geringste Wiedersprechende in sich.
579 2218 1378 2292 Kartesius und nach ihm Neuton sehen die Kometer
525 2242 2259 2326 als würkliche Planeten an, die sich um die Sonne in 52, 460 Meilen zu erstrecken. Er erschien das zweyte¬
527 2309 1107 2370 sehr eccentrischen Eyerlinien bewegen.
590 2320 1391 2394 Unter den neuen sind einige, welche diese Köper zu
527 2385 1378 2433 bloßen Erscheinungen machen und für Wirbel halten
527 2411 1384 2482 die durch einen besondern Druck verschiedener Planeten
525 2456 1128 2509 in der Himmelsluft verursacht worden.
577 2463 1387 2543 Ohnerachtet die Neutonische Meynung einen großen
534 2526 1382 2578 Grad der Wahrscheinlichkeit vor sich hat, so bleiben doch
527 2561 1384 2619 bey dieser, so wie auch bey den andern, gewisse Schwü=
532 2600 1387 2647 rigkeiten übrig, welche man aus Mangel genungsamer
532 2632 1382 2689 Beobachtungen bisher noch nicht hat auflösen können.
536 2669 1382 2730 Die vornehmsten sind, theils daß sich diese Körper in einer
523 2747 1382 2825 geht, und daher sie nie wieder in unsere Himmelsgegend
1391 718 2250 799 bringen kan! theils daß sie nach ihrem Durchgang unter
1391 786 2242 835 der Sonne entweder gar nicht mehr, oder wenigstens
566 816 2252 892 Die Kometen sind leuchtende Körper, welche zu ge- nicht mehr so lange gesehen werden, als es bey ihrer An¬
1389 857 2248 911 näherung zur Sonne geschehen; theils daß Hevelius
1391 890 2250 942 der die Beobachtung der Kometen mit der größten Auf=
1393 924 2252 983 merksamkeit befolgte, öͤfters gesehen hat, daß sie in Stü¬
1393 970 2059 1035 cken zerfallen und sodann verschwunden sind.
1445 974 2242 1055 Dem sey aber wie ihm wolle, so hat doch Halley sich
1391 1033 2248 1096 unterstanden, die Wiederkunft einiger Kometen und be¬
1397 1074 2255 1131 sonders desjenigen, welcher 1682. erschienen war, auf 1758
1391 1107 2248 1161 oder auf das späteste auf 1759. vorher zu sagen, weil er
1400 1144 2248 1207 gefunden zu haben glaubte daß die Zeit seines Umlaufs
523 1183 2255 1256 sacht, daß man die Kometen in dreyerley Arten abgethei= um die Sonne 75. bis 76. Jahre in sich hielte. Clairaut
1406 1215 2246 1274 hat nach ihm so gar den Monat bestimmt, in welchem
1406 1252 2252 1306 dieser Komet wieder erscheinen würde. Diese Vorher¬
1404 1289 2255 1350 sagung hat bis auf einen Unterschied von 14 Tagen zuge=
1406 1328 2252 1380 troffen, jedoch so, daß freylich der Komet von 1759. in
1406 1358 2252 1445 Ansehung der Größe und Stärke des Lichtes von dem
1400 1413 1810 1471 von 1682. verschieden war.
1460 1408 2257 1491 Die Menge der Kometen ist sehr groß. Seit Christi
1404 1471 2250 1539 Geburt sind wenigstens 300 gesehen worden. Von 1759
1400 1519 2055 1582 bis 1769. hat man allein sieben beobachtet.
1454 1521 2257 1599 Der Komet von 1769. welchen Herr Meßier in Paris
1404 1582 2255 1636 den 8. Aug. Abends um 11 Uhr zu erst entdeckte, hat
1400 1619 2248 1677 das Besondere, daß er nach seiner ersten Verschwindung
1406 1656 2252 1712 zum zweytenmal wieder erschienen ist, und daß diesen
1404 1695 2257 1756 Umstand viele Sternkundige vorher gesagt haben. Es
1406 1732 2263 1797 ist das erstemal, daß solche Vorhersagung geschehen und
1400 1779 1643 1836 eingetroffen ist.
1460 1777 2257 1851 Es erschien dieser Komet in dem Zeichen des Widdeis
1404 1834 2255 1890 und gieng nach der Ordnung der Zeichen durch den Orion
1404 1873 2255 1927 Einhorn, Löwen, Jungfrau, Waage, die Schlange
1404 1912 2261 1999 des Schlangenmanns und durch den Schlangenmann
1406 1960 1504 2020 selber.
1463 1957 2263 2042 Sein Diameter ist nicht über 26, 86 des halben Erd¬
1404 2007 1988 2085 diameters, oder 260. Meilen gewesen.
1469 2042 2263 2111 Seine Entfernung von der Erde betrug in dem näch¬
523 2101 2265 2172 einst eben dieses Glück. Wenigstens kommt sie mit den sten Abstand ungefähr 91, 160. Meilen. Jn seiner Son=
1404 2133 2261 2194 nennähe war er 20, 293 halbe Erddiameter oder 8, 851,
1406 2174 2265 2229 980 deutsche Meilen von der Sonne entfernt. Sein
1410 2205 2257 2261 Schweif schien den 11. Sept. sich auf eine Länge von
1408 2278 2265 2359 mal den 22 Ock. wieder, und verlohr sich endlich ganz
1406 2324 1721 2394 gegen den 26. Nov.
1467 2328 2268 2407 Es hat dieser Komet nicht nur dieses mit dem Kome¬
1408 2387 2268 2446 ten von 1680. und 1681. gemein gehabt, daß er zweymal
1413 2424 2270 2478 erschienen, sodern seine Laufbahn ist auch mit der Lauf¬
1408 2463 2265 2515 bahn von jenem parallel gewesen. Eben diese Parallel¬
1415 2502 2263 2554 bahn bemerkt man auch bey den Kometen von 1664. 1672.
1404 2539 2259 2600 1728. 1744. 1760. daher ein berühmter Sternkundiger ge¬
1413 2578 2265 2637 glaubt hat, er vollendete seine Bahn um die Sonne
1402 2613 2263 2671 alle 8 Jahre, und wäre in der Zwischenzeit nur deswer
1408 2650 2270 2704 gen nicht sichtbar gewesen, weil er bey Tage erschienen.
532 2686 2270 2773 parabolischen Linie bewegen, die nicht in sich selber zurück. Er schließt daher, daß er im Jahre 1777. 1785. 1793. wie,
1408 2732 1719 2795 der kommen könnte.
2163 2741 2278 2817 Von
