2679 3213
666 537 1116 634 Cölln, vom 2. Januar.
500 595 1319 679 Die neuesten Briefe aus Holland verkündigen, das
465 668 1319 720 der Krieg zwischen Spanien und Großbrittannien er
468 705 1317 763 kläret sey; wie dann solches zu Cadix gescheher
465 748 1319 806 und sich dahero alle in dasigem Hafen gelegene Engli
474 789 1319 849 sche Schiffe hinwegbegeben haben. Die Handlung
465 830 1317 890 Rußlands wird ohnerachtet des Kriegs immer betracht
468 868 1323 931 licher. Zu Ende des Octobers sind nur allein von
465 920 1321 972 Kronstadt 30 Kauffartheyschiffe unter Segel gegangen
465 955 1327 1015 Davon waren 9 nach London, 5 nach Lübeck, 3 nach
474 959 2192 1049 Stettin, 1 nach Portsmouth, 1 nach Bristol, nach gethan, alles anzuwenden, bey Sr. Majestät Gehöt
476 1045 1327 1099 Italien, und die übrigen nach andern Handelsplätzen
474 1082 810 1157 Europens bestimmet.
692 1129 1121 1228 Rouen, vom 24. Det.
506 1207 1323 1265 Die Briefe, welche wir aus allen Provinzien des
465 1256 1325 1327 Königreichs erhalten, sind von dem Unglück angefül¬
470 1330 2194 1399 von die Beschreibungen entsetzlich sind. Man hat ohne Unruhe. Es haben daher auch die Intendan¬
474 1371 2198 1448 kein Beyspiel von einer zu gleicher Zeit so allgemeinen ten Besehl erhalten, in ihren Provinzen zu bleiben,
472 1422 1235 1483 und merklichen Ueberschwemmung in Europa.
472 1452 2198 1521 hat in Italien und Norden angefangen, und hierauf möchten. Das Königreich befindet sich überhaupt in
472 1508 1202 1603 Engelland, Frankreich und Holland verwüstet.
610 1569 1200 1666 Coppenhagen, vom 1. Jan.
513 1627 1321 1700 Nachdem die Neujahrsgratulationen schon vorige¬
474 1687 1325 1754 Jahr bey Hofe und bey den Collegiis waren abge¬
481 1728 1330 1810 schaft worden, so hat man dieses Neujahr auch in der
476 1769 1233 1849 Stadt keine Jncommoditat mehr davon gehabt.
677 1834 1131 1914 Livorno, vom 16. Dec.
515 1888 1330 1972 Die kleine Republik Ragusa, welche unter Türki¬
476 2047 1332 2099 daher von den Russen feindlich behandelt, die ihr be¬
476 2114 2200 2177 haben. Der Graf von Orlow, der sich gegenwärtig das Ultimatum des Englischen Hofes, mit welchem auch
476 2289 1330 2373 nen Beschwerlichkeiten des letztern Feldzuges wieder
474 2338 677 2420 zu erholen.
690 2364 1138 2461 Smirna, vom 1. Nov.
481 2480 2202 2549 unserm Golf der Englische Commodore Clemens mit mit Compl „enten nicht will abweisen lassen. Es entstun¬
476 2526 2205 2586 einem Kriegesschiffe von 70, und 2 Fregatten, einer den in diesen Tagen starke Wortwechsel zwischen ihnen.
476 2651 2205 2748 te, bis itzo keine Erlaubniß, in dem hiesigen Hafen hen Ausdrucken; der Graf von Rochford verlor darü¬
476 2700 965 2786 einzulaufen, erlangen können.
1567 530 1968 606 Paris, vom 22. Dec.
1379 582 2200 642 Nachdem das hiesige Parlament beschlossen hatte,
1347 631 2196 685 neue Vorstellungen bey dem Könige thun zu lassen, so
1345 675 2200 733 hat sich der erste Präsident fast täglich Mühe gegeben,
1336 715 2200 767 zur Audienz gelassen zu werden, solche aber nicht er¬
1347 763 2198 819 halten können. Vielmehr sind dem Parlamente hin¬
1347 795 2196 849 ter einander drey Befehle zugeschickt worden, seine
1336 838 2196 890 Amtsverrichtungen wieder vorzunehmen: Allein die¬
1347 877 2198 935 ses beharret bey seinen einmal genommenen Entschlüs¬
1349 916 2192 981 sen, und hat seinem ersten Präsidenten den Auftrag
1349 1002 2200 1060 zu erlangen. Alle übrige Parlamenter des Königreichs
1340 1045 2194 1095 haben ähnliche Befehle erhalten, aber auch einerley
1343 1086 2187 1134 Entschlüsse mit dem von Paris gefasset, und erklart
1343 1123 2192 1170 daß sie in politischen Sachen zwar verschiedener Mey¬
1340 1162 2192 1220 nungen seyn könnten, allein was die Ehre des Reichs
1347 1202 2196 1261 und ihre Pflicht betreffe, so würden sie in diesem Stü¬
1347 1246 2192 1304 cke nur von einerley Sinn und Muth belebet. Der
472 1287 2207 1364 let, welches die Ueberschwemmungen angerichtet, da= Hof ist über diese Einstimmung der Parlamenter nicht
1256 1418 2200 1468 Sie aus Furcht, daß einige Unruhen daselbst entstehen
1343 1493 2194 1547 kläglichen Umständen. Die Theurung drückt die mei¬
1349 1534 2192 1597 sten Provinzen, und gleichet in manchen einer wahren
1347 1584 2209 1631 Hungersnoth. Die Ueberschwemmungen vermehren
1351 1616 2194 1679 solche, und verursachen unglaublichen Schaden. Die
1349 1655 2192 1715 Handlung nach der Levante liegt völlig. Die inner
1351 1700 2205 1754 lichen Zwistigkeiten gewähren uns nicht die besten Aus¬
1343 1743 2187 1817 sichten. Nun sollte nur noch ein Krieg dazu kommen
1336 1789 1974 1845 so würde unser Elend vollkommen seyn.
1442 1821 2110 1918 London, vom 25. und 28. December.
1388 1905 2207 1955 Den 23sten dieses hatte der Graf von Rochford eine
483 1950 2202 2021 schem Schutze steht, hat sich auf die Aufforderung des Conferenz mit dem Spanischen Minister. Hierauf
476 1987 2205 2052 Grafen von Orlow für die Pforte erklärt. Sie wird wurde den 26sten eine geheime Rathsversammlung ge¬
1349 2028 2205 2082 halten, und den 27sten um Mittag ward ein Königl.
476 2069 2200 2140 reits verschiedene reich beladene Schiffe abgenommen Bothe nach Madrid abgefertiget. Dieser überbringt
476 2153 2205 2230 hier befindet, wird nicht, wie es anfangs geheißen, ein Courier an den Grafen von Hartcourt, Englischen
481 2194 2202 2267 nach Petersburg gehen, sondern den Winter über in Gesandten zu Versailles, abgeschickt ist. Eben mit die¬
476 2233 2205 2308 Italien bleiben, um sich daselbst von den ausgestande= sem Ultimato, sagt man, wäre der Staatssecretair, Graf
1351 2276 2205 2332 von Weymouth, nicht zufrieden gewesen, und weil er es
1358 2319 2198 2373 für die Ehre der Krone nachtheilig, und für die Nation
1355 2360 2207 2416 schimpflich gehalten, habe er sein Amt refigniret. Auch
1351 2399 2213 2452 der Graf Rochford findet nun, daß der Spanische Ambas=
513 2418 2198 2515 Den 21sten des abgewichenen Monats, kam in sadeur sehr viele Schwierigkeiten machet, und daß er sich
483 2567 2200 2640 jeden von 30 Kanonen, vor Anker; doch derselbe hat, Der Fürst Masserano sprach von der Ehre seines Herrn
481 2610 2207 2681 unangesehen eines vorgezeigten Befehls von der Pfor= die er durchaus nicht wollte verletzet wissen, in sehr ho¬
1347 2700 2209 2769 ber die Geduld, und gab ihm eine sehr demuthigende
