2679 3213
512 603 1374 692 schen der Rußischen und Türkischen Flotte unweit den
510 662 1693 733 Dardanellen und der Insel Lemnos vorgefallen ist. Die abgeschickt werden.
512 725 1367 773 Türkische Flotte hat sich, dieser Nachricht zufolge, ber
523 764 1374 825 Zeiten aus dem Gefechte gemacht, so, daß die Russen
516 788 2246 857 nicht mehr als das letzte Schif davon in ihre Gewalt aussesordentlichen Gesandten am Königl. Dänischen
516 827 2246 911 bekommen, und einige Schiffe der Algierer und Dul= Hofe, Herrn Gunning, ernannt, in gleicher Quali=
512 870 2242 950 cignoten hierbey in Grund gebohrt haben. Von der tat an den Königl. Preußischen Hof, in die Stelle des
512 911 2248 992 Wiedereroberung der Insel Lemnos wird in dieser Nach= verstorbenen Ritters Mitchell, zu gehen. Dagegen ist
512 972 1367 1033 richt aber nichts gedacht. Eine umständliche Relation
523 1003 2250 1074 die man von dieser Vorfallenheit noch zu gewarten hat, am Chursachsischen Hofe, mit diesem Caracter bey dem
516 1039 2244 1141 muß also diese Begebenheit erst in ein helleres Licht Königl. Danischen bekleidet worden; und Herr Os¬
523 1107 640 1174 setzen.
701 1113 1191 1189 Livorno, vom 6. Februar.
516 1204 2246 1272 ten in den Italiänischen Häfen jederzeit allen andern tirt, der König von Spanien habe die am 22sten vo¬
516 1248 2239 1311 vorgezogen worden, finden jetzo, seitdem sich dieser rigen Monats von seinem Ambassadeur allhier gezeich
516 1302 2252 1358 kleine Staat gegen die Russen erklärt hat, keine La= nete Declaration durchaus nicht ratificiren wollen.
516 1328 2242 1397 dung und fast gar keine Assecuranz. Man versichert, Allein, aller Wahrscheinlichkeit nach, ist diese Nach
512 1380 2250 1434 der Admiral Spiritow habe sich im Namen der Kai= richt auf ein Gerathewohl ausgestreuet. Man glau¬
523 1413 2248 1484 serin von Rußland nach Cairo begeben, um dem Ali bet nicht, daß die Antwort des Madriter Hofes viel
516 1471 1365 1534 Bey, dem neuen Sultan von Egypten, das Compli
512 1495 2255 1567 ment zu machen, und bey demselben seinen Dank für dessen haben unsere Kriegesrüstungen gar nicht aufge¬
512 1532 2248 1597 dessen Freundschaft und Handlungs=Anerbietungen ab= hört; doch ist nach Irland, America rc. die Nachricht
516 1599 677 1682 zustatten.
723 1610 1167 1693 Ragusa, vom 28. Jan.
512 1701 2239 1762 Graf von Orlow möchte mit seiner Flotte die hiesige die ernannte Commißton des Hauses dem Könige zu
519 1740 2244 1799 Stadt und deren Gebiet bloquir= halten: so ist der Ent= St. James die durch Mehrheit der Stimmen geneh¬
523 1792 2250 1855 schluß genommen worden, an Se. Excellenz die Herren migte Dankaddresse überreicht, und Se. Majestät die¬
512 1827 2255 1899 Marchese, Lucca Bona und Matteo Ghataldi, Sena= selbe auf das gnädigste aufgenommen hätte. Die Ad¬
510 1884 1367 1931 toren dieser Republik, nach Livorno als Gesandten, un
516 1912 2252 1977 noch 3 andere an der Rußischen Kaiserin Majestät, näm= übergeben, und sehr gnädig aufgenommen worden.
516 1960 2252 2018 lich die Herren Senatoren Marino Tuditi, Francesco Inzwischen haben die 38 Peers, welche sich im erstge¬
512 1999 2255 2064 Ragoina und Serasino Bona abzuschicken, um beyde dachten Parlementshause der bemeldeten Addresse wi¬
516 2035 2213 2124 um Schutz für unser Vaterland gegen alle feindliche dersetzet, eine Protestation gegen dieselbe gezeichnet.
523 2088 937 2163 Begegnungen anzuflehen.
692 2124 1204 2213 Petersburg, vom 15. Febr.
556 2183 1378 2257 Die Kriegszurüstungen zur bevorstehenden Campagne
523 2237 1378 2292 werden in dem ganzen Reiche mit vieler Lebhaftigkeit
519 2281 1374 2333 fortgesetzet. Täglich gehen fast Verstärkungen an
523 2363 1376 2415 Armeen. Man versichert, die Grafen Alexis und
519 2402 1380 2463 Theodor Orlow hätten Befehl erhalten, aus Italien
519 2446 1376 2526 zurückzukommen, um im kommenden Sommer sich zu
519 2489 1033 2567 der Kaiserl. Armee zu begeben.
718 2524 1189 2613 Wien, vom 23. Februar.
525 2624 2248 2682 Campagne dauren noch immer fort, und vor einigen weil dieselbe alle ihre gethanene Friedensvorschläge ver¬
516 2665 2246 2732 Tagen besahe der Kaiser in dem sogenannten Belvedere worfen hat. Wegen des Eindringens der Russen durch
523 2745 2252 2808 Werbungen haben ihren guten Fortgang, und man nachdem der Ritter von Tott ihr die Versicherung ge¬
1393 588 2255 712 hier ankommen, welche mehrentheils nach Ungarn
1560 697 2075 766 London, vom 19. Februar.
1430 746 2248 799 Se. Majestät, der König, haben Dero bisherigen
1384 961 2252 1016 der Herr Keith, bisheriger ausserordentlicher Gesandter
1391 1074 2242 1139 borne geht nach Dresden, den Herrn Keith daselbst
1384 1126 2248 1185 zu ersetzen. Gestern empfing der Hof Depeschen von
551 1161 2246 1230 Die Ragusischen Schiffe, die in Handlungsgeschäf= verschiedenen auswärtigen Höfen. Heute wird debi¬
1384 1452 2250 1504 vor dem Ende dieses Monats hier seyn könne. Unter¬
1397 1578 2252 1632 von der getroffenen Convention abgefertiget worden.
1393 1623 2242 1671 Den 15ten ward im Oberhause des Parlements von
556 1660 2246 1727 Da die hiesige Regierung befürchtet, der General dem Lord Kammerherrn der Bericht abgestattet, daß
1393 1864 2248 1918 dresse des Unterhauses in eben der Sache ist gleichfalls
1521 2083 2116 2131 Weichselstrohm, vom 5. Marz.
1428 2103 2250 2187 Aus Polen berichten uns Privatbriefe von sichern
1397 2159 2252 2220 Händen, daß die Conföderirten sehr häufig zu deserti¬
1404 2203 2252 2257 ren anfangen; weil ihnen theils der Sold, und die
1397 2244 2248 2300 Lebensmittel sehr sparsam gereichet werden, theils auch
1391 2289 2255 2346 ein Schrecken vor gewissen auswärtigen Völkern, bey
525 2326 2259 2367 Truppen und an allerhand Kriegsmunition nach den deren Namen sie schon zittern, unter sie gerathen
1400 2374 2246 2448 seyn soll. Pulawsky selbst, soll die Lust, lánger zu
1406 2417 1808 2489 fechten, verlohren haben.
1549 2439 2111 2509 Donaustrom, vom 20. Febr.
1432 2474 2255 2543 Nach den jüngsten Briefen von Constantinopel, hat
1391 2541 2252 2595 es das Ausehen, als ob man der Pforte besondere Hof=
556 2554 2248 2645 Die Veranstaltungen und Vorkehrungen zu einer nung von den nächstkunftigen Feldzuge gemacht habe,
525 2704 2252 2767 die aus Italien gekommene Maulthiere. Auch die den Canal der Dardanellen ist dieselbe ganz unbesorgt,
610 2788 2252 2882 öfters Recrutentransports, auch Remontpferde geben hat, daß dergleichen Unternehmung ohnmög¬
