2799 3213
615 587 1485 685 Schmaus seines Helden schildern will, ausrufen
615 656 761 717 müssen:
704 756 789 828 – – – Doch der Abriß wird mir schwer,
659 820 1478 915 Denn mir wässert beym Beschreiben Gaum und
1067 896 1413 978 Zunge gar zu fehr,
663 948 1491 1037 Hier verläßt mich Witz und Kraft. Mit des
1072 1013 1472 1102 Dichters leeren Magen
654 1067 1485 1152 Ist es ein verwünschter Scherz, viel Gerichte
1074 1135 1289 1219 herzusagen. – –
1539 591 2367 683 Man wird aus diesen Zeilen zugleich des V. Dicht¬
1498 663 2361 717 art erkennen. Wir wünschen ihm, anstatt der Kunst,
1498 700 2372 761 ein Heldengedicht zu machen, lieber alle Tage ein Cou¬
1511 750 2367 802 vert an der Tafel eines Mannes, der gut zu essen giebt,
902 756 2367 837 und dem er dafür, als Tafeldichter in seiner fließenden
1504 826 2372 878 Versart jedesmal ein paar poetische Gesundheiten aus¬
1502 867 2372 935 bringen helfen mag. Seine Vorrede handelt von
1513 913 2372 963 Eigenschaften der Minister und Abgesandten. Auch
1513 952 2376 1002 das ist leicht hingeschrieben, wenn man zumal des
1513 989 2372 1039 Herrn W. Mosers: Herr und Diener bey der Hand
1517 1035 2376 1080 hat. Möchten doch solche Leute, anstatt Höfe und
1515 1078 2367 1124 ihre Leute zu meistern, lieber den Pflug in die Hand
1515 1115 2382 1169 nehmen, und statt der Feder, ihr Brot mit gemei¬
1513 1161 2380 1233 ner Arbeit verdienen. Kostet in der Kanterschen
1511 1204 1893 1272 Buchhandlung 24 gr.
754 1317 1376 1391 Berlin, vom 3. und 5. Januar.
635 1472 1493 1526 und der Primierlieutenant, Herr von Prittwitz,
641 1506 1491 1567 zum Stabsrittmeister avancirt. Se. Majestät, der
635 1550 1498 1602 König, haben allergnädigst geruhet, Se. Excellenz,
635 1591 1502 1643 den Herrn Generallieutenant, und Chef der sämtlichen
635 1632 1496 1696 Artillerie, auch Ritter des schwarzen Adlerordens,
641 1674 1498 1728 Herrn von Dieskau, mit einer ansehnlichen Summe
641 1759 1498 1815 tage, bey Sr. Majestät, dem Könige, grosse
639 1841 1496 1898 Königl. Hauses, die hohe Generalität, die hiesigen,
641 1963 2367 2032 meister, Herr von Manteuffel, eine vacante Escadron, be nicht sogleich das verlangte Geld herbeyschaffen konte
648 2006 1498 2056 erhalten, und der Premierlieutenant, Herr von Heims,
648 2043 2367 2106 ist zum Stabsrittmeister ernannt. Se. Majestät, der mando, die gröbsten, und grausamsten Excesse aus
648 2089 1498 2139 König, haben in Gnaden geruhet, Se. Excellenz, den
641 2174 1498 2224 in Besatzung stehenden Infanterieregiments, Ritter
648 2252 1504 2302 Residenzien, Herrn von Ramin, mit einem kostbaren
639 2337 2376 2391 dieselben haben auch den letzthin gedachten Kammer= die Hände gerathen wären. Ueberhaupt ist das Elend,
648 2428 1506 2474 statthalters, Herrn Grafen von Heyden, mit einer
643 2461 1502 2515 goldenen, reich mit Brillanten besetzten Uhre, beschenkt.
648 2504 1509 2552 Se. Majestät, der König, haben aus Höchsteigener
643 2548 1502 2595 Bewegung geruhet, dem hiesigen Policeydirector
648 2628 1504 2682 tenstelle mit hohem Gehalte, und geheimen Krieges¬
648 2672 1504 2717 rathscharacter, allergnädigst zu übertragen, auch noch
648 2706 1504 2756 überdem mit ansehnlichen Nebenbedienungen, und Ein=
648 2752 1498 2826 Fünften zu begnadigen. Am 2ten dieses ist der würk
1513 1306 2376 1402 liche geheime Stats- und Justitzminister, Freyherr
663 1372 2378 1443 Bey dem Podgurskischen Husarenregiment, ist der von Zettlitz, bey dem Königl. Staatsrath introduciret,
639 1430 2376 1509 Stabsrittmeister, Herr von Natzmer, zur Escadron, und hernach von Sr. Königl. Majestät zur Tafel gezo¬
1515 1465 1722 1541 gen worden.
1674 1511 2219 1606 Aus Großpolen, vom 28. Dec.
1561 1561 2376 1641 Seit einigen Monaten fängt man wieder an, die
1517 1639 2376 1682 alten Tragödien mit uns zu spielen. Am Ende des
1522 1678 2372 1730 vorigen Monats kam von Birnbaum her ein gewisser
641 1722 2382 1774 Geldes zu beschenken. Am Neujahrstage, vor Mit= Commandeur mit ohngefehr 50 Mann, und wüthete
1526 1759 2385 1813 in der hiesigen Gegend ganz unmenschlich. Jedem
641 1804 2380 1854 Cour, zu welcher sich die hier befindlichen Prinzen des Evangelischen, der ihm nur vor die Augen kam, be¬
1528 1841 2374 1891 gegnete er auf die allerschimpflichste Art. Den Wirth¬
639 1880 2382 1932 und ausländischen Minister einfanden. Bey dem schafter auf dem Gute des Herrn Oberstlieutenant von
641 1926 2374 1978 Czetteritzschen Husarenregiment, hat der Stabsritt= Kalkreuth, einen betagten Greis, ließ er, weil dersel¬
1526 2006 2374 2054 todt prügeln. In Meseritz übete er, mit seinem Com¬
1526 2089 2374 2137 Er ließ die Bürger mißhandeln, und stellte einen Bäll
648 2132 2374 2182 Generallieutenant von der Infanterie, Chef eines hier an, zu welchem die Töchter der vornehmsten Raths¬
1526 2172 2372 2219 herren, und Bürger mit Gewalt hingeschleppet wur¬
641 2215 2380 2263 des schwarzen Adlerordens, und Gouverneurs hiesiger den, um an selbigen ihre schändlichen Begierden za sät¬
1524 2256 2382 2302 tigen; welches auch geschehen seyn mochte, wenn ihnen
643 2298 2380 2348 Tafelservice von Porcellain, zu beschenken. Höchst: nicht einige von ohngefehr aufgegriffene Nymphen in
648 2380 2385 2445 herrn Sr. Hochfürstl. Durchlaucht, des Prinzen Erb= und die Noth, unter welche wir arme Dißidenten
1530 2413 1919 2493 seufzen, unbeschreiblich.
1680 2478 2237 2559 Hamburg, vom 31. December.
1567 2524 2385 2600 Gestern Morgen gegen 11 Uhr, sind des Kronprin¬
648 2589 2385 2639 Herrn Philippi, zugleich die erledigte Stadtpräsiden= zen und des Prinzen Friderich Adolphs von Schweden
1528 2632 2385 2678 Königl. Hoheiten, welche sich hier 8 Tage unter dem
1528 2667 2385 2728 Namen eines Grafen von Gothland und Oeland auf¬
1530 2715 2385 2795 zuhalten geruhet haben, von hier nach Braunschweig
1526 2752 1732 2824 abgegangen.
2300 2782 2400 2867 Aus
