2679 3213
537 502 2284 646 In der Johann Jakob Kanterschen Buchhandlung sind folgende
1080 595 1690 722 neue Bücher zu haben.
534 750 1389 838 Ybfertigung der von dem Jesuiten H. D. Gdidha=
537 822 2271 899 gen erneuerten Beschuldigungen, mit welchen Hamburgisches Magazin, 49 bis 51stes Stück 8,
524 859 1887 936 die protestantische Kirche in deßen nöthigen Unter= Leipz. 711, das St. 12 gr.
524 907 2268 997 richt in denen Religionsgründen gegen die Freyden= mations=Geschichte der freyen Reichsstadt Nürnberg,
524 955 1239 1012 kerey beleget worden, 8, Frft. 771, 24 gr.
519 990 1385 1045 historico-ecclesiastica nova, oder Sammlung zu den
526 1032 1379 1088 neuesten Kirchengeschichten, 73 bis 75ter Theil, 8.
519 1075 1389 1128 Weim. 770, der Th. a 12 gr. Baumeri Tractat.
519 1115 1385 1163 œecon. philos. de apum cultura, 4, Erf. 770, 9 gr.
528 1156 1379 1211 Betrachtungen über merkwürdige Verhängniße in
526 1200 2268 1265 den gegenwärtigen Zeitläuften, erste und zweyte Oetingers Schreiben von einer Vermittelung des
519 1243 1385 1291 Betrachtung berreffend die Pest, 8, Züll. 770, 15 gr.
517 1276 1374 1341 Betracht. über das Militare aus dem franz. 8, Leipz
530 1320 746 1379 770. 12 gr.
794 1331 1383 1376 Betrachtungen eines Christen in den
513 1370 1383 1420 Morgen= und Abendstunden der Woche, 8. Hamb.
526 1405 770 1459 771. 15 gr.
794 1413 1383 1466 Vermischte Briefe, aus den besten
519 1451 1379 1507 englischen Schriftstellern in ihrer Originalsprache,
513 1481 1383 1542 nebst beygefügter deutschen Uebersetzung, von Ebert
513 1531 790 1586 8, Leipz. 763.
888 1540 1379 1586 Chrysanders Betrachtungen
513 1568 2260 1642 über die Wohlthaten Gottes im Reich der Gnaden, Ebend. kleine Lieder, 8, ebend. 770, 24 gr. Ebend.
517 1616 1176 1671 1ster Th. 4. Wism. 770, 1 fl. 15 gr.
1198 1621 1370 1677 Commen-
517 1664 1368 1717 tarii de rebus in scientia naturali & medicina gestis
517 1699 1379 1752 Vol. XVI. Pars II, 8 maj. Lipf. 770, 1 fl. 9, gr.
517 1743 1376 1791 Emilie oder die philosophisch Verliebten, ein Lust¬
519 1780 968 1834 spiel, 8, Leipz. 770, 12 gr.
1030 1786 1370 1841 Freymund, oder der
517 1824 1376 1869 übel angebrachte Stolz, ein Lusispiel, 8, Wien 9 gr.
506 1865 1370 1941 Der Herr Gevatter oder der sanftmüthige Ehemann,
504 1909 973 1959 ein Lustspiel, 8, 770, 12 gr.
1080 1906 1368 1965 Herrmanns Töd
513 1948 1003 2000 ein Trauerspiel, 8,769,9 gr.
1062 1937 1370 2011 Oedipp, ein Trau¬
510 1981 1365 2046 erspiel von Voltaire, 8, Wien 770, 12 gr. Cuno
510 2035 1365 2083 Morgen= und Abend=Andachten, 8. Leipz. 771, 15 gr.
504 2079 1365 2127 Tabellarischer Entwurf von gerichtlichen Klagen,
510 2164 1012 2201 entspringen, fol. 770, 21 gr.
1123 2162 1365 2216 Erinnerungen
510 2188 1365 2255 über Bahrdts Briefe über die systematische Theolo=
506 2242 833 2297 gie, 8, 770, 15 gr.
942 2245 1361 2310 Fabein und Fabuletten,
1047 2284 1365 2347 Gedanken über die
502 2279 962 2340 8. Breßl. 770, 1 fl. 9 gr.
506 2327 1359 2375 Verabfassung eines allgemeinen Gesetzbuches, zur
502 2373 1361 2430 Verbesserung derer Jnfritz=Berfassungen, 1stes St.
502 2408 1361 2463 8, 770, 15 gr. Grunde der ökonomischen Wis=
506 2452 1361 2511 senschaften, vornehmlich des Ackerbaues der Hand=
502 2493 1352 2541 lung und des Cameralwesens, 1ster Th. 8 Frft. 770.
698 2532 1361 2602 Guden von Witwen=Caßen, und der da=
502 2535 602 2587 2 fl.
502 2583 2227 2646 bey zu vermuthenden höchsten Witwen=Zal, 4, prosaischen Uebersetzung der griechischen Lieder des
502 2613 925 2665 Hannov. 771, 1 fl. 9 gr.
1025 2620 1352 2679 Laws Betrachtan=
502 2637 2227 2735 gen über die Geschichte der Religion, nebst zwo Ab= Versuch eines Elementarbuches für Kinder, durch
502 2709 2225 2777 handlungen von dem Leben und Charakter Christi, Abbildung der merkwürdigsten Dinge und derselben
1078 2744 1346 2825 Stralfundische=
497 2737 1019 2823 gr. 8, Leipz. 771. 4 fl. 15 gr.
1407 759 2105 855 Magazin, 6tes St. 8. Berl. 770, 15 gr.
2140 785 2271 851 Neues
1985 879 2266 938 Müllners Refor=
1298 955 1804 1021 Acta 8. Nürnb. 770, 24 ar.
1885 971 2266 1025 Veichtner, IV Sinfonie
1409 1010 2264 1056 a 1I. Violini II. Flauti traverfi II. Oboi. II. Corni di
1411 1036 2264 1099 Caccia. Violetta, e Basso gr. fol. Mitavia 770, 16 fl.
1409 1078 2264 1141 Die verwandelten Weiber, oder der Teufel ist loß,
1409 1128 2264 1191 eine Comische Oper, in drey Aufzugen, in Musick
1400 1169 2266 1235 gesetzt von Hiller, 4, Leipz. 770, 4 fl. 15 gr.
1409 1254 2260 1317 Streits zwischen dem Gothenburgischen Consistorio
1409 1298 2260 1348 und zwischen den beyden Verfechtern der Schwe=
1403 1333 2260 1398 denborgischen Lehren, 4. Frft. 770, 9 gr. Oetters
1407 1383 2260 1468 Erklärung des Gebets des Schächers am Kreuz,
1407 1424 1815 1481 4. Nürnb. 771, 24 gr.
1915 1433 2262 1490 Reckerts vermischte
1407 1451 2057 1525 Schriften, 1ster Th. 8, Münst. 770, 2 fl.
2127 1475 2268 1525 Ebend.
1405 1503 2066 1557 Amazonen=Lieder, 8, ebend. 770, 15 gr.
2133 1514 2264 1570 Ebend.
1398 1547 2251 1623 der junge Held in vier Gesäng 8, ebend. 770. 15 gr.
1396 1632 2258 1706 Beantwortung des Briefes an mein Vaterland an
1394 1666 2251 1736 den Freyherrn von Bar, 8, ebend. 770, 9 gr.
1407 1714 2258 1793 Europäische Regententafel aufs Jahr 1771. gr. fol.
1400 1749 1623 1810 Leipz. 6 gr.
1710 1758 2255 1817 Geschichte und Zeitvertreib der
1392 1791 2249 1852 Prinzeßin von Aramant während ihrer Gefangen¬
1407 1832 1952 1887 schaft, 2 Theile, 8, Leipz. 771, 2 fl.
2009 1843 2255 1896 Zur Mittags=
1392 1876 2253 1939 ruhe für die galante Welt, 1ste Sammlung, 8, Leipz.
1394 1920 1699 1974 770, 1 fl. 15 gr.
1758 1935 2251 1983 Schleeff Gedauken über den
1389 1959 2242 2024 Wehrt der Gefühle im Christenthum, 8, Bütz. 770,
1383 2009 1529 2059 24 gr.
1610 2009 2242 2059 Schlegel auf seine Großbrittannische
1385 2042 2249 2101 Majestät Georg den dritten bey der Feyer seines
1392 2092 2242 2144 Geburis=Festes, 4, Hannov. 770. 6 gr. Schmids
504 2125 2255 2197 woher solche nach der vorgesetzten Haupteintheilung philosophische und kritische Bibliothek, 1ten Bands,
1392 2181 2245 2236 5tes u. 2ten Bds. 1stes Stück, 8, Leipz. 770, 1 fl.
1392 2221 2240 2271 Schneider, die bedeckte Vestung, 8, Hannov. 770.
1383 2258 1549 2308 24 gr.
1579 2262 2242 2312 Schotts, Critick über die neuesten juri¬
1392 2279 2253 2367 stischen Schriften, 16 bis 20tes Stück, 8. Leipz. 770,
1379 2338 1475 2391 2 fl.
1538 2343 2242 2402 Da Sylva Vorstellung der Umstände in
1383 2384 2234 2454 welchen sich die Portugiesische Monarchie befindet,
1392 2423 2240 2484 seit dem die sogenannte Gesellschaft JEsu aus
1385 2467 2236 2528 Frankreich und Spanien verbannet worden ist, 8,
1383 2506 1758 2567 Wittenb. 770, 24 gr.
1839 2519 2236 2570 Theater der Deutschen,
1383 2543 1961 2613 9ter Th. gr. 8, Königsb. 770, 3 fl.
1994 2559 2231 2613 Versuch einer
1379 2639 2227 2685 Pindar, 2te Abtheilung, 8. Berl 770, 24 gr.
1372 2764 2225 2838 deutschen lateinischen, französischen und italiänischen
2090 2807 2231 2875 Benen=
