2799 3213
843 483 1363 559 Harlingen, vom 17. Jan.
665 639 1521 693 daß das ganze Gebäude nebst den an der Seite gestand
667 767 1523 810 ohne daß das geringste gerettet werden konnte, und
672 1048 1191 1116 men von beyden in Gnaden ab.
711 1090 1499 1146 Abschrift eines Briefes des Grafen Alexis Orlof,
849 1139 1358 1183 aus Livorno, den 18. Dec.
680 1339 2285 1391 dem Archipelago. Unsere Neider, denen die glückli= von mir durch den Druck bekannt gemacht sind,
674 1380 1534 1428 chen Progressen der Rußischen Waffen sowohl zur See,
682 1417 1538 1473 als auf dem festen Lande, zu sehr schmerzen, befleißi¬
687 1462 1540 1516 gen sich bloß aus Eifersucht, nachtheilige Nachrichten
682 1503 1536 1545 und Gerüchte auszustreuen, und selbige in die öffent¬
682 1542 1525 1590 lichen Blätter einrücken zu lassen; indem sie fälschlich
678 1668 1532 1729 schiedener unserer Schiffe die Ursache meiner Abreise
680 1707 1540 1761 aus der Levante. Unmöglich kann etwas ungegründe¬
689 1746 1538 1796 ter seyn als diese Erdichtungen; denn meine Abreise
687 1785 1542 1854 ist lediglich durch meine und meines Bruders Krank¬
682 1911 1529 1963 rück bleiben mußte. Was mich anbetrifft, so habe ich
687 1947 1532 2008 schon während der Belagerung der Festung Lemnos
689 1993 1532 2051 da die Schwachheit meiner Gesundheit täglich zunahm
687 2034 1534 2093 das Haupt=Commando dem Admiral, Hrn. von Spi=
689 2077 1534 2127 ritof, übertragen, und mich zu meiner Abreise nach
687 2116 1529 2175 Italien bereitet. Als sich aber die feindliche Besatzung
687 2244 1532 2298 ne Türkische Fahrzeuge, die vor der Festung standen,
687 2324 1876 2379 seln zu nehmen, und unsere Truppen einzuschiffen, und Zumpfortin einzufinden.
689 2368 1538 2433 in den grossen Hafen zu unserer Flotte zu führen, wel¬
695 2407 1534 2461 ches auch geschahe. Zu eben der Zeit aber erschien auch
691 2448 1538 2506 auf den Gebirgen der feindliche Entsatz, der aber kei¬
695 2487 1545 2541 nen Angriff that. Nachdem wir nach dem grossen
695 2530 1527 2580 Hafen gesegelt waren, befahl ich, alle übrige unnütz
695 2612 1538 2671 gleichfalls zu verbrennen, welches auch geschah. Un
695 2649 1545 2736 terdessen war unter den Rumeioten, die sich auf der
1542 483 2398 565 Insel freywillig aufhielten, und den Türken ein Schar¬
711 535 2400 602 In der Nacht auf den 12ten dieses, brach hier in mützel vorgefallen, in welchem der Feind über 150
667 587 2394 646 dem Admiralitätshause ein so schleuniges Feuer aus, Mann einbüßete, und sich auf die Berge zurückzog.
1542 637 2398 689 Ich ließ hierauf, nachdem ich einen Brief von dem
663 676 2398 730 nen Packhäusern, worinn Seile, Tauwerk und der= Befehlshaber des Entsatzes bekommen hatte, auf sei¬
672 719 2394 773 gleichen aufbewahret wurden, in Flammen aufgieng, ner und der Einwohner der Insel Bitte die von der
1551 758 2394 806 Besatzung genommene Geiseln frey. Auf diese Weise
672 799 2398 845 bedauert man insonderheit die Kanzley, welche mit al= reisete ich ab, und verließ die übrigen Schiffe und Fre¬
667 841 2405 895 len Papieren und Documenten verbrannt ist. Es frohr gatten unter dem Commando des Admirals von Spi¬
667 884 2409 931 in derselben Nacht, so gewaltig, daß man die Sprützen ritof, der sich auch bis jetzt noch in der Nähe der Dar¬
667 925 2409 975 nicht regieren konnte, und der Wind war so stark, daß danellen aufhält, wohin auch unsere neu angelangte letz¬
667 964 2400 1018 man wegen der Stadt und der im Hafen liegenden te Escadre von Port=Mahon abgegangen ist. Dieß
667 1007 2405 1057 Schiffe in Sorgen stand, doch Gott wendete die Flam= ist alles, was sich vor meiner Abreise zugetragen hat,
1547 1042 2400 1105 und wovon unsere Neider aus Eifersucht so viele
1549 1090 2405 1146 falsche und nachtheilige Nachrichten ausstreuen, von
1547 1129 2407 1187 welchen dieß einzige wahr ist, daß der Contre Ad¬
713 1146 2400 1222 Als ich am Ende des vorigen Monats November miral von Elphingston sein Schiff noch fast 2 Mo=
674 1215 2405 1265 auf der Livornischen Rhede anlangte, so fand ich die nate vor meiner Abreise auf eine Sandbank gesetzt
674 1254 2400 1302 Italianischen Küsten schon voll verschiedener ungegrün= hat. Was die übrigen Umstände anhetrifft, so kön¬
678 1291 2405 1345 deter Nachrichten von der Ursache meiner Abreise aus nen Sie dieselben aus den Nachrichten ersehen, die
1813 1386 2145 1464 Einvaßirte Fremde,
1649 1430 2335 1499 vom 31ten Januar bis 1sten Februar,
1597 1471 2409 1547 Herr Generalmajor von Tettenborn, kommt von
1549 1510 2405 1579 Rastenburg, log. bey Felgenhauern auf dem Roßgar¬
680 1577 2405 1633 vorgeben, als wäre die erlittene Niederlage unserer ten. Hr. Generalmajor Graf Anhalt, aus Bartenstein.
682 1616 2409 1668 Truppen auf der Insel Lemnos und der Verlust ver= Herr von Golz, und Herr von Bieberstein, kom¬
1549 1666 2405 1729 men von Allenburg, log. bey Pichlau in der Altstadt.
1815 1729 2145 1807 AVERTISSEMENT.
1564 1776 2407 1839 Der Lotterieeinnehmer Herr Leyi, wohnhaft in der Kneiphösischen
680 1807 2400 1880 heit veranlasset worden, weswegen auch letzterer nicht Langgasse im Möllerschen Hinterhause, zeiget an daß die Loose zu
1555 1852 2409 1889 4ten Classe der 4ten Berliner Classenlotterie, bey Verlust ihres
689 1878 2398 1921 bis nach Italien gehen konnte, sondern zu Meßina zu¬ Rechts bis den 4ten Februar renovirt werden müssen, auch sin
1562 1911 2409 1945 noch bey ihm zu haben, ganze, halbe, und viertel Kauf= und Miethö¬
1551 1941 2405 1973 loose, das Kaufloos zu 7 und einen halben Rthlr. das Miethsloos
1558 1969 2411 2004 zu 4 Rthlr. Auch zeiget er an daß er alle Arten von Jouwelen
1562 1995 2409 2025 kauft und verkauft, und daß gefaßte Ringe, Ohrrosen, und Hals¬
1562 2023 2407 2075 stücke, sowohl von Rosenstein als Brillanten, um billigen Preis
1562 2047 1859 2103 bey ihm zu haben sind.
1566 2088 2405 2158 Bey der hohen Anwesenheit Sr. Königl. Hoheit. des Prinzen
1555 2140 2405 2177 Heinrichs von Preussen, wird der italiänische Kunstfeuerwerker
680 2175 2411 2212 auf Capitulation ergab, so gab ich, nachdem solche un= Paul Barzanti ein completes Feuerwerk auf dem Pulverplatz, zwi¬
689 2199 2409 2257 terschrieben worden, noch Befehl, alle große und klei- schen dem Tragheimschen und Roßgärtschen Thor abbrennen. Die
1551 2229 2409 2266 Billets sind a 3 fl, 2 fl. und 1 fl. in der altstädtschen Langgasse an
1555 2257 2407 2294 der Schmiedegassen Ecke in der Bude des Herrn Buchbinder Kan¬
687 2292 2405 2346 zu verbrennen, acht der vornehwsten Türken zu Gei= ters abzuholen. WWer das Feuerwerk zuvor zu sehen verlangt, be¬
1551 2311 2409 2359 liebe sich auf dem Tragheim in dem Hause der verwittweten Frau
1577 2374 2413 2439 Es ist vor einiger Zeit, ein bleubarrakaner Noguelohr, mit
1551 2426 2409 2472 camehlhaarnen durchbrochnen Knöpfen, blan flanellen Futter und
1564 2463 2407 2498 auf dem Kragen bepudert, ans dem Hause verloren gegangen
1564 2493 2418 2545 Wer davon Nachricht zu geben weiß, beliebe sich, gegen einen
1562 2515 2389 2556 Recompens von 1 Rthlr. in der Zeitungsexpedition zu melden.
693 2576 2409 2654 Fahrzeuge, die dem Feinde weggenommen worden, Diese Gelehrte und Politische Zeitung wird des Montag
1601 2623 2370 2671 und des Freytags Vormittags um 10 Uhr in dem
1722 2662 2257 2729 Kanterschen Buchladen ausgegeben.
