2799 3213
667 546 1526 628 Triebfedern des Wachsthums der Päbste untersucht.
667 628 1528 670 Er trift überall die rechte Ader der Quellen, und zeigt
676 665 1522 713 sehr wohl, was theils die Politik der Päbste, theils
674 709 1519 759 die Unvorsichtigkeit der Fürsten dazu beigetragen haben.
672 748 1528 806 Die allgemeinen Mittel deren sich die Päbste bedienten,
674 791 1530 843 den wider sie entstandnen Ungehorsam auszurotten,
663 837 1524 887 waren diese, daß sie Uneinigkeit unter den Abtrünni¬
667 867 1839 930 gen erhielten, denen Recht gaben, die zuerst an sie ap- rathen zu dürfen.
674 959 1530 1009 gegen den Pabst bey Bekehrungen der Heiden zum er¬
674 1000 1522 1050 sten Gesetz zu machen, große Männer an sich zu locken
663 1037 1522 1093 oder zu verderben, den Bischöfen gegen die Könige
665 1087 2404 1135 beyzustehen, und endlich den päbstlichen Verordnungen, Seele liebte den Ritter. Sie biieb wenigstens seine
665 1126 2398 1169 das Siegel der Unfehlbarkeit aufzudrücken. Er be¬ Freundin, da sie von Seiten ihres Gemahls eine Gat¬
667 1163 1524 1222 schließt endlich: Unsre Zeiten haben gezeigt, wie ge¬
663 1252 1519 1302 noch mehr gesehen haben, wenn nicht der jetzige Pabsi
665 1376 1519 1435 seine Schwäche durch das Vorgeben einer geistlichen
665 1417 1526 1491 Friedfertigkeit und Sanftmuth zu verheelen. Kostet
665 1456 746 1513 1 fl.
1889 567 2076 652 Leipzig.
1589 620 2413 720 Geschichte der Gräfin von Zurlack, von der Frau
1543 685 1793 754 von Puisieux.
1589 735 2406 800 Hier rührt man an die feinste Saiten des Enthu=
1554 783 2404 846 siasmus der Liebe. Ein junges Fräulein, liebt einen
1559 830 2406 883 Maltheserritter, ohne ihn wegen seines Ordens hey=
1885 880 2400 926 Die Natur beweiset alle Gewalt
672 915 2409 965 pellirten, den Mißionairs aufgaben, den Gehorsam über ihr Herz, und der gute Rath ihrer Mutter, die
1554 963 2411 1011 sie zur Vertrauten ihrer Liebe macht, wird ihr zuletzt
1554 1004 2411 1052 unnützig, und ob sie gleich den Graf von Zurlack hey¬
1552 1046 2409 1091 rathen mußte, so heyrathete doch bloß ihr Leib, die
1550 1169 2406 1219 tin für die Ehre des Hauses war. Wir wollten wei¬
665 1209 2406 1254 ringe das Ansehen eines Pabsts sey, und wir würden ten, daß, so platonisch auch diese Gräfin gegen den
1539 1252 2406 1298 Ritter redet, sie ihn doch wohl für alle seine Treue ins¬
665 1293 2404 1337 den alten Grundsatz seines Stuhls ausübte, durch ein geheim, seinen Wünschen gemäß, werde belohnt ha¬
663 1328 2406 1391 kluges Nachgeben alle Ausbruche zu verhüten, und ben. Indessen können wir versichern, daß dieser Ro¬
1550 1378 2406 1422 man nicht ganz unwitzig und am wenigsten der mensch=
1550 1419 2406 1476 lichen Natur widersprechend gerathen sey. Kostet
1546 1463 1665 1535 27 gr.
830 1632 1361 1696 Königsberg, vom 18. Febr.
698 1669 1685 1746 Nach Briefen aus Elbing und Danzig sind Sr. Kö= worden.
659 1728 1526 1778 nigl. Hoheit der Prinz Heinrich von Preußen den 13ten
656 1774 1517 1822 des Mittags gegen 11 Uhr in Elbing in höchstem Wohl¬
663 1813 1519 1874 seyn eingetroffen, und haben nach dem bey dem Herrn
656 1856 1519 1913 Kriegesrath Koeppen eingenommenen Mittagsmahl
656 1896 1519 1963 gegen 2 Uhr ihre Reise nach Danzig weiter fortgesetzt;
659 1939 1522 1996 allwo Höchstdieselben gegen 9 Uhr Abends ankamen,
659 1985 1522 2037 und nach einem zweystündigen Aufenthalte bey dem
656 2024 1519 2082 Königl. Preuß. Residenten Herrn von Junck wieder
663 2109 1454 2172 Danzig die Kanonen von den Wallen abgehrannt.
865 2152 1311 2202 Berlin, vom 12. Febr.
696 2180 1513 2241 Se. Excell. der würkliche geheime Staats=Kriegs= und
656 2217 1517 2282 dirigirende Minister, Freyherr von Derschau, sind am
659 2276 1515 2324 Sonnabende nebst dem Magdeburgischen Krieges und
650 2319 1506 2369 Domainenkammerpräsidenten, Herr von Schulenburg
656 2361 1509 2419 zu Sr. Majestat, dem Könige, nach Potsdam abge¬
652 2391 2389 2461 gangen, von woher gedachte beyde Herren bereits wie= remba ist darauf hingegangen, und hat diese beyden
650 2443 1509 2489 der zurückgekommen sind. Gestern sind Se. Excel¬
650 2485 1509 2535 lenz, der würklich geheime Staats=Kriegs= und Erste
650 2522 1509 2574 Cabinetsminister, Herr Reichsgraf von Finkenstein, zu
650 2569 2389 2622 Sr. Majestat, dem Könige, nach Potsdam abgegan= Posen gerückt seyn, und es berennt haben, man zwei¬
650 2604 1506 2665 gen. Gestern Vormittags gegen 12 Uhr, geschahe
650 2652 1506 2695 die 119te Ziehung der Königl. Preuß. Lotterie auf dem
648 2695 2389 2756 Berlinschen Rathhause. Die gezogenen Zahlen waren: Die Conföderirten beunruhigen noch unaufhörlich die
648 2739 2391 2802 39. 46. 2. 30. 45. Die 120te Ziehung dieser Kö= Rußische Garnison in Krakau, sie wollen alles anwen¬
1541 1632 2400 1737 nigl. Lotterie, ist auf den 4ten März c. a. anberamet
1722 1709 2222 1785 Aus Polen, vom 2. Febr.
1585 1748 2398 1828 Einige sagen, Potocki und Krazinski wären von den
1541 1813 2400 1874 Türken heimlich entwichen; andere aber behaupten, daß
1546 1865 2398 1909 sie mit Bewilligung des Großsultans abgegangen wä¬
1550 1906 2398 1959 ren, sowohl die Unwahrheit zu zeigen, daß sie nicht
1546 1946 2395 1998 massacriret wären, als auch der Verfallenheit der
1550 1985 2402 2039 Conföderirten in Polen, wieder aufzuhelfen; so viel
1543 2028 2395 2082 ist inzwischen gewiß, daß sie nach Briefen aus Sand¬
656 2067 2398 2126 abzureisen geruheten. Des Morgens früh hat man in beck, ihre Quarantaine daselbst halten, und alsdann
1543 2111 2391 2161 zur Generalconföderationscommißion abgehen werden.
1537 2156 2393 2206 In Großpolen sind zwischen denen Conföderirten selb¬
1543 2193 2389 2245 sten, große Zwistigkeiten vorgefallen; die beyden Mar¬
1537 2241 2391 2300 schälle, Morawski und Malczewski, waren auf den
1543 2280 2395 2330 Gutern des Bischofthums Posen, wo sie an 10000
1535 2319 2385 2380 Stück Ducaten Contribution eingetrieben hatten, und
1539 2363 2391 2413 sonsten noch daselbst sehr übel wirthschafteten; der Za¬
1535 2441 2387 2495 Marschalle als Gefangene mitgenommen, und ihre
1537 2482 2385 2545 Partheyen zerstreuet, man rühmet überhaupt sehr des¬
1539 2532 2389 2582 sen beobachtende Mannszucht. Er soll anjetzo gegen
1530 2613 2387 2669 felt aber sehr, daß er viel wird unternehmen können,
1532 2658 2391 2715 da schon Rußische Hülfstruppen im Anmarsch sind.
2306 2791 2393 2861 den,
