2799 3213
617 515 2362 585 wandt hat, die letztern fortgesetzt damit zu begna¬ selben, aus einem ganz neuen Augenpunkt ansehen kön¬
630 578 726 643 digen
672 595 1481 663 Uebrigens ermuntern wir den V. zur langsamen
630 652 1488 709 und doch fleißigen Ausarbeitung seines Werks. Nutzen
626 742 2369 794 wird aus seinem Buch nicht nur eine kurze Kirchenhi= und Juden äußert. Kostet in der Kanterschen
635 781 1876 842 storie abstrahiren, sondern auch darans die ganze Of= Buchhandlung 15 gr.
635 822 1496 899 fenbarung und besonders den geschäftlichen Theil der¬
1505 571 2364 619 nen. Der V. ist sehr billig, daß er denen, in einer
1507 617 2367 665 unüberwindlichen Unwissenheit lebenden Völkern, die
1514 659 2367 709 Seligkeit und künftige Erleuchtung völlig zuspricht,
633 698 2371 755 wird es gewiß schaffen, denn er denkt rein, und man auch viel Hofnung zur Bekehrung der Mahomedaner
809 947 1333 1032 Königsberg, vom 11. Febr.
635 1058 1496 1108 des Prinzen Heinrichs von Preußen Königl. Hoheit in
633 1088 2371 1156 höchstbeglückten Wohlseyn zum allgemeinen Freude all= men, aber zurückgeschlagen worden, hatten nach ver¬
643 1145 920 1206 hier eingetroffen.
635 1219 1496 1272 de anzusehen, und des Abends von den auf der hiesi¬
641 1311 1283 1385 Karmen auf das gnädigste anzunehmen.
696 1361 1496 1464 Held, Den Sein Bruder Selbst für Fehler
1062 1446 1283 1531 rein erklärt,
626 1494 1501 1599 Von Kronenbürden frey, bist Du der Kronen
1060 1570 1189 1653 wehrt.
630 1618 1501 1721 Dich ehret Schwedens Haupt, Dich ehrt das
1062 1699 1403 1778 Haupt der Reußen,
630 1747 1505 1863 Doch lieben kann kein Land Dich zärtlicher, als
1069 1821 1245 1902 Preußen;
641 1874 1861 1974 Weil Dich denselben Tag die Welt zuerst begrüßt, schwunden zu sehen.
639 1957 1512 2048 An dem sein Friedrich einst allhier ge¬
1062 2005 1245 2096 krönet ist.
866 2083 1289 2140 Berlin, vom 5. Febr.
683 2103 1501 2177 Bey dem Meyerschen Dragonerregimente, sind die
650 2168 1501 2218 Capitains, Herren von Bergfeldt und von Werther
659 2212 1501 2268 zu Majors, der Stabscapitain, Herr von Nimpsch
652 2255 1507 2299 ist zur Escadron, der Premierlieutenant, Herr von
643 2297 1505 2349 Auer, zum Stabscapitain avancirt. Vor kurzem ist
652 2338 1514 2384 in Frankreich der Königl. Kammerherr und Director
650 2382 1512 2430 der philologischen Classe der hiesigen Königl. Akade¬
650 2430 2386 2484 mie der Wissenschaften und schönen Künste, Herr Jo= dieses von dem Spanischen Ambassadeur, Prinzen von
661 2467 1509 2539 hannes Baptista von Boyer, Marquis d'Argens ver¬
659 2508 792 2576 sorben.
862 2539 1320 2622 Thorn, den 24. Januar.
657 2644 1507 2707 eingegangen, daß der Herr Brigadier Fürst Gallitzin
650 2679 2386 2761 am 19ten dieses einen wichtigen Vortheil über die Con= brittannischen Majestät wieder zurückzugeben, welche
1525 940 2373 1023 föderirten erhalten. Die neulich genannten fünf
676 1012 2375 1069 In der Nacht vom 9ten auf den 10ten dieses, sind Marschälle, welche am 3ten dieses Monats den An¬
1523 1058 2373 1108 grif auf Dibow unserer Stadt gegen über unternom¬
1529 1139 2380 1189 schiedenen Hin= und Hermarschen, sich endlich über die
676 1150 2386 1241 Gestern geruheten Höchstdieselben, die Wachtpara: Weichsel diesseits nach Dobrzyn gezogen, in der Ab¬
1523 1222 2388 1274 sicht von daher auf unsere Stadtgüter einzufallen, jen¬
633 1269 2382 1317 gen Academie Studirenden eine Musick, nebst einem seits-der Weichsel aber in Dobiednewo einen Vorposten
1516 1311 2371 1357 von 30 Mann nebst 1 Fähnrich gelassen. Diesen kam
1518 1352 2373 1403 gedachter Herr Brigadier Furst Gallitzin in der Nacht
1529 1394 2373 1440 vom 18ten auf den 19ten so unvermuthet über den
1523 1433 2382 1479 Hals, daß er sie sämmtlich aufhob; nur 2 davon fan¬
1523 1475 2378 1529 den Gelegenheit zu entkommen, um dem Hauptkorps
1525 1512 2375 1570 die Nachricht zu überbringen. Der Herr Brigadier
1525 1557 2373 1605 rückte aber so hurtig über die Weichsel nach Dobrzyn
1520 1592 2373 1658 zu, daß er sie daselbst erreichte, angrif und theils schlug,
1529 1642 2380 1723 theils zerstreuete, da denn gegen 150 auf dem Platze
1518 1671 1690 1749 geblieben.
1682 1710 2229 1778 Warschau, vom 23. Januar.
1564 1754 2382 1817 Anjetzt weiß man, daß die Pest wirklich sehr nach¬
1531 1802 2373 1865 läßt, und auch schon Luck, Sambor und Zolkiew da¬
1529 1850 2380 1926 von frey sind, und Hofnung ist, bald dieses Uebel ver¬
1697 1906 2216 1983 Hamburg, vom 31. Januar.
1564 1930 2380 2022 Aus London sind endlich gestern 6 Posten vom 4ten
1531 1991 2380 2072 bis zum 22sten Januar eingegangen. Die von letztern
1531 2053 2373 2109 Dato ist für das allgemeine Publicum sehr intereßant,
1531 2098 2373 2149 da fast bist zum Abgang der Post in London sich noch
1527 2135 2382 2199 alles zu einem Kriege zwischen Großbrittannien und
1529 2179 2380 2240 Spanien angelassen. Es ist aber des Nachmittags
1531 2225 2391 2282 an diesem Tage eine Convention daselbst gezeichnet wor¬
1533 2268 2395 2316 den, wovon wir aus einer sichern Nachricht von gewo¬
1531 2306 2386 2367 gener Hand folgendes wörtlich mittheilen: Die De¬
1533 2349 2382 2404 claration, welche die Ruhe zwischen England und
1538 2391 2404 2443 Spanien wiederherstellet, ist zu London den 22sten.
1538 2471 2391 2528 Masserano, unterzeichnet worden. Der Hauptinhalt
1538 2517 2388 2565 derselben bestehet darinn, daß Se. Katholische Maje¬
1533 2556 2386 2611 stat die Expedition wieder Port Egmont mißbilligen,
700 2591 2388 2665 In diesen Tagen ist allhier die zuverläßige Nachricht und sich anheischig machen, besagten Hafen, nebst dem
1540 2637 2388 2694 Fort, mit der Artillerie und Ammunition, Sr. Groß¬
2310 2729 2410 2792 diese
