2799 3213
869 518 1046 602 Mitau.
570 581 1373 654 Kanzelrede von der Rechtmäßigkeit der Blatter
529 648 1376 695 einimpfung aus allgemeinen Gründen, von J. C.
535 682 1380 743 Groot Pastør bey der Luth. Gemeine zu Waisiley¬
537 730 986 797 Ostrow in St. Petersburg.
574 769 1386 836 Es ist recht gut, daß der Herr V. da er ein Dank¬
539 823 1382 882 fest für die glückliche Inoculation der Kaiserin und des
539 873 1389 916 Großfürsten von Rußland halten mußte, diese Ma¬
537 916 1386 966 terie für seinen Kanzelvortrag wählte. Der Text ist
537 955 1386 1003 aus 1 B. Mos. 45, 7. Der Herr V. beweiset darauf
535 996 1391 1040 die Rechtmäßigkeit der Inoculation aus der Sicherheit
539 1038 1389 1090 dieses Mittels zur Erhaltung des Lebens, welche er so
539 1083 1393 1129 wohl aus der Natur des Mittels als auch aus der Er=
537 1118 1395 1170 fahrung in allen Ländern erläutert. Hiernächst löset
546 1163 1389 1209 er die Einwürfe auf, die dawider gemacht werden, und
537 1198 1490 1254 zeigt, daß wenn gleich die Inoculation keinen Frey= ben.
537 1241 1395 1289 brief wider den Tod giebt, doch die dabey mögliche
539 1287 1395 1334 Sterblichkeit viel eher etwas Zufälliges sey, als daß
539 1328 1386 1376 sie etwas, wider die Inoculation beweisen können.
539 1367 1397 1425 Wir müssen es dem V. nachrühmen, daß er sich über
539 1412 1399 1460 alle diese Punkte verständlich, und ohne gelehrte und
539 1449 1395 1506 medicinische Pedanterey ausdrucke. Herr D. Hum¬
539 1493 1389 1549 mius hat eine Vorrede zu dieser Predigt gemacht, aus
537 1532 1391 1581 welcher wir folgendes anführen. Er sagt, es wäre
539 1577 1393 1627 gut, wenn zuweilen von der Kanzel solche Vorurtheile
537 1618 1391 1664 bestritten wurden, wodurch die Gesundheit der Men¬
539 1659 1393 1718 schen, und die Bevölkerung der Länder verhindert wird.
1397 516 2257 604 Wir machen uns kein Bedenken, einige Themata, die
1404 585 2257 639 er zu dem Ende vorschlägt, hier einzurücken, ob sich
1404 628 2251 678 etwa auch in unserm Vaterlande Leute finden möchten
1404 669 2257 719 die zu Zeiten über diese Gegenstände, wo nicht von
1404 704 2257 758 der Kanzel, so doch in Catechisationen und im Privat¬
1412 754 2266 808 umgange mit ihrer Gemeine davon Gebrauch machen
1408 795 1965 864 wollten. Hier sind die Themata:
1447 856 2264 927 Daß sich mehrere Menschen, zu Tode essen, als
1412 912 1703 992 zu Tode trinken.
1454 944 2270 1025 Daß die beobachtete Reinigkeit in den Wohnun¬
1408 1020 2272 1079 gen, die Gesundheit erhalte, und viele Krankheiten
1419 1057 1571 1120 abwende.
1458 1094 2268 1172 Daß wenige das rechte Ziel des Alters erreichen,
1412 1161 2272 1233 weil sie sich den Ausschweifungen schon früh erge¬
1473 1237 2164 1332 Daß es schädlich sey, oft zu mediciniren.
1467 1317 2272 1399 Daß es noch schädlicher sey, falsch zu medici¬
1850 1378 1958 1443 niren.
1454 1445 2270 1523 Daß es nöthig sey, gleich im Anfang der Krank¬
1415 1499 2034 1586 heit einen Arzt um Rath zu fragen.
1454 1553 2266 1636 Wie man sich zur Zeit epidemischer Krankheiten
1415 1616 1989 1679 zu verhalten habe? Kostet 12 gr.
734 1789 1204 1865 Berlin, vom 1. Januar.
578 1833 1391 1898 Se. Majestät, der König, haben Ihrer Königl.
535 1887 1395 1950 Hoheit, der Gemahlin des Prinzen Erbstatthalters,
539 1928 2266 1982 Hochfürstl. Durchlaucht, ein kostbares Tafelservis von Wallbeck. Der Verlust dieses um hiesige Städte und
537 2047 2268 2101 dem Könige, grosse Cour, bey welcher Höchstdieselben tritt dieses wahren Stadtpflegers, höchst schmerzhaft.
539 2093 1393 2149 dem Römischkaiserl. und Königl. Gesandten und Kam¬
535 2134 1391 2197 merherrn, Freyherr von Swieten, die erste Audienz
539 2218 2270 2275 würklichen geheimen Staats=Kriegs, und ersten Ca¬ waren: 33. 19. 32. 20. 17. Die 118te Ziehung
539 2255 1395 2314 binetsminister, wie auch des schwarzen Adlerordens
539 2296 1536 2361 Ritter, Herrn Reichsgrafen von Finkenstein, eingefüh= ramet.
539 2344 1395 2398 ret wurde. Se. Excellenz, der würkliche geheime
546 2383 1391 2433 Staats- und Justitzminister, Freyherr von Zettlitz,
546 2424 1402 2489 ist aus Brieg in Schlesien, hier angekommen. Am
546 2463 1395 2528 abgewichenen 28sten December 1770. früh Morgens
539 2496 2266 2571 gegen 2 Uhr, verstarb allhier nach einer etliche Monat Nachbarn umgeben, daß dahero beynahe auch nicht
544 2591 1397 2643 Alter von 66½/ Jahren, der weiland Wohlgebohrne
537 2634 1391 2680 Herr Carl David Kircheisen, Königl. Preuß. geheimer
539 2673 2266 2751 Kriegesrath, Präsident eines Hochedlen Magistrats, remba seinem Commando bey uns gewesen, welcher
1415 1778 2264 1863 auch Director der Policey hiesiger Königl. Residenz
1423 1846 2270 1893 städte, Verordneter einer Hochlöbl. Churmärkischen
1419 1891 2266 1934 Landschaft, auch Städtecassen und Canonicus des Stifs
548 1969 2270 2030 Porcellain, zum Geschenk zu überschicken geruhet, deren sammtliche Einwohner sich so besonders verdient
537 2008 2275 2069 Am Sonntage des Vormittags war bey Sr. Majestät, gemachten Mannes, machen den unvermutheten Hin¬
1412 2097 2272 2151 Gestern Vormittags gegen halb 1 Uhr, geschahe die
1419 2132 2272 2188 117te Ziehung der Königl. Preuß. Lotterie auf dem
544 2177 2275 2242 ertheilten, zu welcher er durch Se. Excellenz, dem Berlinschen Rathhause. Die gezogenen Nummern
1419 2266 2275 2342 dieser Königl. Lotterie ist auf den 21sten dieses ande¬
1419 2335 2275 2433 Extract eines Schreibens aus P. "" in Polen,
1664 2405 2036 2463 vom 20. December.
1451 2450 2272 2515 Unsere Gegend ist ganz und gar mit unruhigen
537 2543 2275 2610 gewährten Brustkrankheit, in einem höchstrühmlichen ein Tag vergehet, wo wir nicht etwas neues haben
1421 2595 2270 2647 sollten; die Conföderirten besuchen uns sehr oft, und
1415 2630 2272 2682 ist nur erst vorgestern ein Trupp von des Herrn Za¬
