2799 3213
758 680 1381 760 in dem Schloßgarten aufgeschlagen rc.
889 730 1473 795 Constantinopel, vom 8. Jan.
798 767 1615 839 Der neue Großvezier hat, ohne hierher zu kommen
752 828 1623 878 geraden Weges zur Armee gehen müssen, weil seine
760 876 1615 918 Gegenwart daselbst sehr nöthig ist. Ein Korps von
760 953 1615 1007 Donau, und die Truppen von unsrer Armee reißen
756 992 1610 1042 aus, so bald sie Russen erblicken. Die neulich vor
760 1038 1613 1090 hier nach dem schwarzen Meer abgeschickte kleine Flotte
765 1082 1610 1132 soll, wie einige wollen, darzu dienen, einige Rußisch
767 1123 1610 1173 Schiffe zu vertreiben, die von Azow aus in gedachten
760 1158 1615 1208 Meer erschienen seyn sollen. Andere hingegen be¬
758 1208 1615 1259 haupten, es habe diese Flotte keine andere Bestimmung,
756 1250 1617 1302 als den neuen Tartarchan nach der Crim zu bringen,
760 1289 1457 1346 weil er zu Lande nicht dahin kommen kann.
979 1342 1398 1405 Paris, vom 12, Febr.
758 1422 1615 1479 Plane herum, welcher dem Kanzler zugeschrieben wird,
765 1634 1615 1680 vermindert werden. Was die Provinzen betrift, so
760 1803 1960 1855 Gemahlin des Grafen Wielohorski, geborne Gräfin zur Abreise machen.
756 1835 1523 1918 Oginska, in ihrem 40sten Jahre hier gestorben.
885 1892 1495 1975 Lon don, vom 5 und 8. Februar.
793 1947 1613 2010 Der Spanische Ambassadeur, Prinz von Massera¬
752 1999 1615 2065 no, erhielt neulich einen Courier von seinem Hofe, und
756 2052 1613 2106 hielt denselben Abend eine lange Unterredung mit dem
760 2091 1613 2146 Französischen Ambassadeur. Mr. Harris, der am
756 2130 1602 2189 Spanischen Hofe unsere Affairen besorgt, ist zugleich
752 2174 1606 2224 mit dem letzten Couvier von daher angekommen, die
758 2211 1604 2277 Ursache seiner Rückkunft aber ist noch unbekannt. Der
765 2257 1610 2316 5ten dieses legte Lord R—d dem Oberhause verschie¬
756 2301 1613 2353 dene Schriften wegen der Inseln Falkland vor, von
756 2336 1617 2399 denen einige gelesen, die übeigen aber der künftigen Un¬
752 2382 1604 2436 tersuchung vorbehalten wurden. Der Graf Chathan
760 2462 1610 2524 gende zwey Fragen zur Entscheidung vor: 1) Ob die
749 2550 1604 2598 riges Land anders als souverain besitzen könne? 2)
749 2583 1604 2655 Ob die Declaration wegen der Wiederherstellung des
749 2629 1604 2688 Hafens und Forts Egmont von Sr. Catholischen Ma=
745 2714 1606 2771 on des streitigen Rechts der Souverainität, die in ge¬
745 2757 1606 2823 dachter Declaration enthalten war, angenommen und
756 562 2508 660 Silbergeschier, das sehr leicht ist, und wenig Platz ein= ausgeführt werden könne, ohne das gedachte Recht,
760 647 2508 695 nimmt, Zelten, die man vor einigen Tagen zur Probe welches zur wesentlichen Würde Großbrittanniens ge¬
1645 690 2506 743 hört, zu schmälern? Nach den hierüber erregten hi¬
1645 734 2500 789 tzigen Debatten, woran Lord R — d und Ch - m,
1643 782 2500 828 und die Herzoge R— d und M —r den meisten
1639 813 2500 865 Antheil nahmen wurde die Negative der ersten Frage
1641 854 2502 909 mit 69 gegen 22 Stimmen ausgemacht, und über
1639 896 2500 944 die andere gar keine Stimmen gesammlet. Lord
760 918 2497 990 8 bis 10000 Mann Russen ist bereits dießeits der I behauptete, daß sie gar keiner Antwort bedürf=
1634 990 2500 1036 ten, sondern an sich deutlich wären. Alle Pairs wur¬
1637 1018 2502 1068 den hierauf eingeladen, sich den 8ten dieses wieder ein¬
1639 1064 2500 1112 zufinden. In der Sitzung des Unterhauses am 5.
1637 1103 2508 1160 dieses, worauf das ganze Publicum sein Augenmerk
1645 1149 2495 1200 hatte, ist gar nichts ausgemacht worden, und zwar
1634 1193 2500 1239 wegen der vielen abwesenden Milglieder; daher die
1643 1230 2495 1283 Sache bis über acht Tage aufgeschoben worden. Im
1645 1269 2497 1324 Oberhause ist die Untersuchung der Papiere, welche
1637 1311 2502 1357 die Falklandischen Inseln betreffen, nachdem man die¬
1647 1350 2497 1403 selben, wie oben gedacht, übergeben und verlesen, bis
808 1372 2502 1449 Seit einigen Tagen gehen Abschriften von einem auf den 14. ausgesetzt worden. Die Oppositions
1639 1431 2500 1490 Parthey ist noch immer sehr gegen die Spanische De¬
760 1479 2500 1530 und welchem zufolge alle Parlemente in Frankreich claration. Man trägt sich noch immer mit dem Wi¬
758 1521 2504 1571 aufgehoben werden sollen, ausgenommen das zu Pa= derwillen, welchen der Spanische Ambassadeur bey Un¬
760 1558 2497 1608 ris, das ein Hof der Pairs seyn soll, auch sollen die terzeichnung der Convention geäussert haben soll, und
758 1602 2497 1652 100 oder 150 Officianten dieses Gerichtshofs auf 50 führt verschiedne Umstände davon an. Auch spricht
1641 1643 2491 1696 man von einer Ordre, die er am 24sten Jan. zwey
767 1680 2497 1728 sollen in jeder Generalitat Gerichtsbänke errichtet wer= Tage nach der Zeichnung von seinem Hofe erhalten ha¬
765 1728 2493 1779 den, und der König will die Richter derselben selbst ben soll, den Englischen Hof ohne Abschied zu verlas¬
758 1765 2504 1820 ernennen und besolden. Am 30sten Januar ist die sen. Inzwischen sieht man ihn noch keine Anstalten
1831 1840 2290 1921 Madrid, vom 21. Jan.
1672 1875 2500 1962 Herr James Harris, Chargé d'Assaires des Eng¬
1630 1945 2493 2006 lischen Hofes in dieser Hauptstadt, hat seine Abschieds¬
1637 1993 2491 2047 audienz begehrt und erhalten, ohne daß ein anderer
1630 2030 2493 2089 Minister an seine Stelle gekommen, und der Be¬
1632 2067 2497 2128 wegungsgrund seiner schleunigen Abreise bekannt
1628 2115 2493 2165 wäre. An unsern Ambassadeur in London ist ein Ex¬
1623 2163 2497 2229 presser geschickt worden, mit dem Befehl, den Groß¬
1623 2198 2130 2264 brittannischen Hof zu verlassen.
1897 2281 2216 2345 Einpaßirte Fremde,
1759 2305 2358 2390 vom 28ten Februar bis 1ten März.
1663 2355 2487 2423 Herr von Herzberg, Sekofficier, kommt aus Pe¬
752 2412 2491 2482 legte den 4ten Febr. im Oberhause den Richtern sol= tersburg, gehet als Courier nach England, log. bey
1632 2462 2484 2515 Mattuschge in der Licentstraße. Herr Makley, Kauf¬
758 2504 2487 2567 Krone vermöge der Englischen Gesetze ein ihr zugehö= mann, kommt von Memel, log. bey Schenk in der
1630 2546 2484 2605 Junkergasse. Herr Giro, Kaufmann, kommt von
1632 2580 2373 2644 Insterburg, log. bey Morkerk auf dem Anger.
745 2672 2487 2749 jestät, an Se. Brittanische Maj. unter der Reservati= Diese Gelehrte und Politische Zeitung wird des Montag
1669 2727 2436 2779 und des Freytags Vormittags um 10 Uhr in dem
1785 2757 2334 2832 Kanterschen Buchladen ausgegeben.
