2799 3213
663 509 1513 589 des sterben, die nicht von den Urtheilen der Menschen,
659 589 1519 635 am wenigsten der gedungnen Leichenredner verdammt
663 626 1522 698 werden, und für deren künftiges gutes Schicksal, wir
1539 515 2409 609 doch gewiß auch keinen Augenblick die Bürgschaft lei¬
1543 598 2152 667 sten wollen oder können. Kostet 9 gr.
848 750 1350 828 Berlin, vom 26. Januar.
706 811 1522 870 Se. Majestät, der König, haben den Capitain und
661 978 1522 1039 und Flügeladjutanten ernannt. Bey dem Lossowschen
665 1022 1526 1076 Husarenregimente, ist der Premierlieutenant, Herr
667 1061 1535 1113 Getkandt, zum Staabsrittmeister avancirt. Am
667 1102 1524 1167 Donnerstage früh haben Se. Majestät, der König,
661 1141 1519 1204 nach geendigten Winterlustbarkeiten, sich mit Höchstdere
667 1189 1524 1237 Gefolge nach Potsdam zurück begeben, wohin Höchst¬
665 1230 1522 1298 denenselben Ihre Königl. Hoheiten, der Prinz und die
672 1267 1517 1328 Prinzeßin von Preußen, gefolget sind. An eben die
665 1391 1522 1454 Galla. Des Nachmittags war zahlreiche Cour bey
663 1428 1517 1498 Ihrer Majestät, der Königin, bey welcher die Glück
672 1519 1522 1580 führte ein Concert auf, und des Abends wurde an ver¬
672 1559 1513 1622 schiedenen prächtig servirten Tafeln gespeißt, wobei
665 1611 1524 1659 sich das hier befindliche Königl. Haus, und der hohe
667 1639 1515 1700 Adel beyderley Geschlechts befanden. Die Königl.
663 1682 1526 1756 Akademie der Wissenschaften und schönen Künste, hat
656 1728 1517 1800 an eben diesem Tage ihre öffentliche Versammlung
656 1765 1519 1837 gehalten. Der beständige Secretair derselben, der
656 1806 1522 1872 Herr Professor Formey, hat die Lobreden auf Se.
659 1848 1511 1924 Durchlaucht, den Prinzen Adolph von Braunschweig
665 1889 1513 1954 und Se. Excellenz, den Großkanzler, Herrn von Ja¬
659 1935 1522 1987 riges, gelesen. Der Herr Professor Toussaint hat
661 1974 1519 2035 die Sitzung durch den zweyten Discours von der Ver¬
663 2056 1513 2126 ist der Premierlieutenant, Herr von Schimmelpfen¬
656 2102 1513 2154 nig, zum Stabsrittmeister, der- Secondlieutenant,
659 2152 2391 2215 Herr Kneibel, zum Premierlieutenant, und der Cor= Grafen O... n beschenkt, welche in 20 Dörfern
656 2189 1513 2265 net, Herr von Schimmelpfennig, zum Secondlieute
659 2228 898 2306 nant ernannt.
848 2265 1319 2337 Wien, vom 9. Januar.
656 2374 1513 2432 ki, soll dem hiesigen Hofe gewisse Vorschläge, zur Wie¬
659 2417 1511 2476 derherstellung der Ruhe in seinem Vaterlande gethan,
659 2461 1504 2511 und gebeten haben, dieselbe dem Hofe zu Petersburg
659 2502 1509 2563 zu eröfnen. Am vorigen Neujahrstage soll der ganze
656 2545 1459 2624 Kaiserl. Königl. Cordon in Polen eingerückt seyn.
817 2595 1359 2663 Maynstrom, vom 10. Jan.
689 2622 1513 2700 Da der General von Bauer in dem jetzigen Kriege
650 2689 1511 2769 der Russen mit den Türken eine ziemlich wichtige Rolle
1548 746 2400 846 spielt, so wird es vielen Lesern nicht unangenehm seyn,
1543 830 2402 883 etwas von dem Leben desselben zu erfahren. Der Ge¬
667 865 2404 926 bisherigen Adjutanten, bey des Herrn Generallieute= neral von Bauer hat vom Anfange des letztern Kriegs
672 904 2404 961 nants und Gouverneurs hiesiger Residenzien, von bis 1759 in Heßischen Diensten gestanden, da er in
665 952 2409 1002 Ramin, Excellenz, Herrn von Lützow, zum Major Königl. Preußische Dienste als Major und General¬
1552 989 2404 1056 adjutant des Herzogs Ferdinand trat, bey der Alliirten
1548 1022 2398 1093 Armee ein Korps Guides und Pionniers erhielt, und
1554 1067 2404 1124 1761 zum Obersten in letztgedachten Diensten avancir=
1550 1104 2400 1172 te, auch ein Husarenregiment erhielt, welches jedoch
1546 1159 2409 1213 1763 gleich andern leichten Truppen reducirt wurde,
1550 1200 2398 1248 wornach derselbe die Preußischen Dienste quitirte, und
1550 1233 2409 1300 sich auf sein Gut Bockenheim bey Frankfurt begab.
1543 1283 2404 1343 Dort lebte er ganz in der Stille mit seiner Gemahlin,
672 1315 2400 1380 sem Tage siel das hohe Geburtsfest Sr. Majestät, des zwey Söhnen und einer Tochter, und beschäftigte sich
667 1376 2398 1424 Königs ein. Der Hof erschien deswegen in größter theils mit Bildung des Herzens seiner Kinder, theils
1548 1391 2406 1467 mit der Besorgung seiner Guter. Als der Krieg zwi¬
1550 1437 2409 1500 schen Rußland und der Pforte ausbrach, ward der
667 1480 2400 1541 wunsche abgestattet wurden. Die Königl. Capelle Herr von Bauer durch einen Herrn, der seine Ver¬
1546 1517 2404 1587 dienste kannte, dem Grafen von Czernischew empfoh¬
1546 1565 2395 1630 len; dieser sprach mit Ihro Rußischkaiserl. Majestät,
1550 1609 2398 1669 und kurz darauf geruhte diese Monarchin, eigenhän¬
1543 1639 2398 1706 dig an denselben zu schreiben, "daß sie ihn zum Ober¬
1550 1689 2398 1752 sten ernannt, daß er den Gehalt eines Obersten von
1550 1730 2398 1796 dem Tage der Ernennung an zu genießen habe, daß
1548 1765 2398 1832 ihm eine Summe von einigen tausend Rubeln zur Rei¬
1543 1806 2395 1885 se ausbezahlt, und er bey seiner Ankunft bey der Ar¬
1546 1861 2398 1915 mee das Brevet als Generalmajor erhalten, überhaupt
1539 1893 2398 1965 aber erfahren sollte, daß man auch in Rußland Fähig¬
1543 1932 2391 2004 keiten und Verdienste zu belohnen wisse." Der Ge¬
1537 1974 2391 2043 neralmajor hat dieses auch reichlich erfahren, indem
665 2015 2391 2085 läumdung, geendiget. Bey dem Korps Bosnlacken Ihro Kaiserl. Majestät ihn zur Belohnung seiner im
1537 2065 2400 2132 vorigen Feldzuge bewiesenen Tapferkeit und Kriegser¬
1546 2098 2395 2172 fahrung mit den sämtlichen Gütern des ehemaligen
1541 2187 2393 2276 bestehen, und ohne die Waldungen über 30000 Mor¬
1535 2222 2037 2293 gen fruchtbares Land enthalten.
1709 2269 2215 2332 Niederelbe, vom 22. Jan.
1574 2302 2393 2380 Mit den eingegangenen Französischen Briefen ver¬
696 2311 2387 2415 Der Polnische Conföderationsmarschall, Pulaws= nimmt man, daß das Parlement zu Paris durch Mehr¬
1541 2389 2387 2463 heit von 58 Stimmen gegen 55 den Schluß gefaßt,
1539 2435 2387 2500 seine Amtsgeschäfte wieder vorzunehmen, so daß also
1535 2487 2385 2541 auch diese Streitigkeiten bald völlig dürften geendiget
1535 2517 2391 2589 seyn. Auch hat Herr Meßier den 10ten dieses zu Pa¬
1537 2563 2385 2624 ris wieder einen schönen Kometen, den man mit bloßen
1535 2604 2389 2676 Augen sehen kann, wahrgenommen. Se. Königl.
1537 2648 2380 2715 Majestät von Schweden haben letzthin die Gnade ge¬
1535 2687 2382 2785 habt, den zu Hamburg befindlichen Regierungsrath
2315 2745 2400 2817 von
