2679 3213
835 1360 1807 1433 12tes Stück. Montag, den 11. Februar 1771.
810 1425 969 1518 Lübeck.
499 1485 1306 1563 Entwurf einer Theodicee der göttlichen Offenbarung
453 1554 1304 1634 oder Darlegung der hohen Weisheit und Liebe Gotte
453 1593 1177 1671 in Kundmachung seines Worts und Willens.
501 1643 1310 1714 Man vergesse es nicht, daß hier bloß der Entwur
453 1703 1310 1757 eines Buchs, und nicht das Buch selbst geliefert wird.
462 1742 1313 1794 Des V. Zweck ist, zu zeigen, wie besonders das Evan¬
468 1787 1313 1837 gelium, und dessen Entdeckung nach den Regeln der
468 1993 1315 2044 lich nichts zur Allgemeinmachung der Religion versaumt
468 2036 1317 2085 habe. — Ehe nun der V. dies Werk herausgiebt,
464 2075 1310 2129 will er erst die Urtheile der Leser über seinen Entwur
462 2100 2182 2172 wissen, und hat also bloß den sämtlichen Inhalt aller vom Buch Hiob Nachricht gehabt habe, da sie bloß
464 2202 1045 2260 führung auf das Buch selbst gespart.
1332 1429 2185 1502 daß vom 7—17ten Abschnitt, falls er alles gehörig be¬
1332 1477 2182 1535 weisen wird, was die Paragraphen ankündigen, sehr
1341 1520 2189 1585 viel Licht über die Wahrscheinlichkeit, daß während der
1332 1563 2185 1626 ganzen Geschichte der jüdischen Kirche benachbarte Hei¬
1332 1604 2189 1669 den von einer evangelischen Offenbarung vieles haben
1334 1645 2189 1699 erfahren koͤnnen, verbreitet werden wird. Denn der
1332 1675 2185 1740 V. will sich bemühen zu zeigen, wie alle zufällige Ver¬
1332 1727 2182 1783 bindungen der Juden mit heidnischen Völkern, ihre
1341 1766 2191 1822 Migrationen in Egypten, ihr Handel, ihre Gefäng¬
460 1816 2191 1885 Weisheit und Liebe Gottes eingerichtet ist, und wie es nisse unter den Heiden das zur Folge hatten, daß die
460 1852 2191 1915 uns noch besonders dünkt, hat er vornehmlich dahin Offenbarung auch diesen Heiden dadurch näher bekannt
468 1889 2185 1967 gezielt, zu überzeugen, daß Gott in der Art seiner Of= wurde. Zweierley bitten wir ihn, bey der Ausfüh¬
460 1932 2189 2005 fenbarung alle Völker mit eingeschlossen, und vorsatz= rung des Werks vor Augen zu haben. Erstlich, uns
1334 1986 2187 2040 nicht mit bloßen, unerweißlichen Vermuthungen,
1334 2025 2191 2079 wie die Offenbarung den Heiden bekannt geworden
1336 2066 2191 2124 sey, zu qualen, wie z. E diese ist, daß etwa Bileam
462 2150 2191 2208 Abschnitte und Paragraphen hingesetzt; und ihre Aus= auf der Voraussetzung des hohen Alterthums Hiobs
1228 2185 2185 2249 Nun und seines Gedichts beruht, so wie wir auch anräthig
468 2206 2189 2290 müssen wir zwar überhaupt sagen, daß es wohl in die sind, nicht gar zu viel Gebrauch in dieser Sache aus
471 2262 2185 2338 ser Welt nicht möglich seyn wird, eine vollkommne den Büchern der Maccabäer und dem Josephus zu
464 2308 2189 2375 Theodicee und Vertheidigung Gottes zu machen, in= machen, wie es der V. vom 18ten Abschnitt an im
466 2353 2185 2420 dem bis jetzt, und ohngeachtet alles dessen, was von Sinne zu haben scheint. Zweitens bitten wir, darauf
468 2394 2185 2459 der Allgemeinmachung der Offenbarung gesagt werden ein besonderes Augenmerk zu nehmen, wie denn Gott
468 2435 2189 2502 wird, noch immer die Einwürfe des Hrn. Töllners, wie doch darüber vertheidigt werden könne, wenn man
475 2483 2191 2554 sie, auch nur menschlicher Weise, noch allgemeiner hätte sieht, daß die heutige Christen bey der Annehmung
462 2519 2189 2597 gemacht werden können, sehr viel Gewicht haben. In= der Offenbarung vielmehr Widerstand beweisen, als
464 2558 2191 2627 dessen hat der V. in seinem Entwurf sehr viel Aussich= einige heidnische Völker bewiesen haben, und wie denn
464 2601 2189 2670 ten gezeigt, die doch mehreres, als gewöhnlich über doch Gott mehr fortgesetzte Wirksamkeit beweiset, sie
468 2642 2193 2750 diesen Punkt entdecken werden. Wir glauben daher, genau zuzuwenden, und noch zu lassen, als er ange¬
2072 2681 2195 2752 wandt
