2799 3213
686 608 1541 651 stens ansehnliche Ladungen von allen Arten von Waa¬
690 649 1539 699 ren dahin abgehen. In dem Hafen zu Portsmouth
679 723 1430 801 ist so groß, als wenn der Krieg schon da wäre.
868 770 1348 859 Haag, vom 9. December.
681 1009 2168 1085 an andern Orten der Provinz kostbare Erleuchtungen diese Arbeit höher als die Mosaique.
684 1055 1539 1105 seyn sollen, Derselbe gerne sahe, wenn solche eingestellt
679 1098 1528 1150 werden möchten. Se. Hochfürstl. Durchl. habe die
679 1141 1536 1194 gegenwärtige schlimme Zeiten und große Theurung der
675 1183 1534 1226 nothwendigsten Lebensmittel in Erwägung gezogen,
684 1220 1534 1269 und wolle lieber, daß die Kosten, welche man zu Lust¬
684 1254 1528 1309 barkeiten verwenden wollen, unter die Armen ausge¬
681 1300 1528 1356 theilt werden. Diese höchste Willensmeynung ist
675 1343 1526 1404 hierauf von den Ständen allenthalben verkündigt wor=
677 1378 764 1437 den.
801 1391 1410 1482 Port=Mahon, vom 28. Nov.
714 1460 1528 1534 Ihro Majestät, die Rußische Kaiserin, haben der
664 1510 1526 1573 hiesigen Griechischen Kirche überaus kostbare Präsente
677 1610 1521 1662 und bestanden in einem Evangelienbuch mit goldenen
668 1727 1517 1777 ben, 2 kleinen Gefäßen zum Weihrauch, einem Rauch¬
675 1890 1849 1973 ten goldenen Gallionen besetzt. Am Krönungstage te nachgelassen hat.
668 1931 1506 2003 der Kaiserin ward zum erstenmal in der Kirche Ge
662 1966 1022 2035 brauch davon gemacht.
885 2001 1289 2083 Paris, vom 15. Dec.
705 2051 1504 2129 Am 5ten dieses ward in der Siegelaudienz ein Kö
662 2109 1508 2161 nigl. Edict verlesen und registrirt, vermöge dessen auf
660 2159 1504 2209 alle Chargen des Königl. Hauses, besonders auf die
662 2196 1508 2250 Pachter, Regisseurs und bey den Pachtungen ange¬
664 2235 1508 2289 stellte Personen, auf die Bestallungen der verschiede
655 2276 1502 2328 nen Officen, auf die Art des Vierzigsten der Finanzen
662 2324 1506 2370 ein Mark Goldes gelegt wird. Alle Adelsbriefe und
660 2363 1504 2404 Ehrenstellen, welche den Adel geben, werden mit ei
662 2398 1499 2459 nem Mark Goldes von 2000 Livres belegt; die Eh
662 2448 1506 2500 renmittel bey Erhebung eines Guthes sind mit einem
662 2480 1506 2539 Mark Goldes unterworfen, als ein Herzogthum zu
664 2526 1502 2584 12000 Livres, ein Marquisat und Grafschaft zu 6000
649 2556 1387 2637 Livres und die andern Titel nach Proportion.
820 2608 1343 2686 Donaustrom, vom 13. Dec.
694 2643 1508 2747 Zu Livorno will man wissen, daß die Republik Ra=
684 527 2415 640 genehme Nachrichten erhalten, und es werden näch, gusa, welche bisher noch unentschlossen gewesen, sich
1558 623 2415 684 dem General Orlow, entweder für seinen Hof oder
1558 642 2415 727 für die Pforte zu erklären, nunmehro die letzte Parthey
679 688 2420 762 wird jetzt die Arbeit verdoppelt, und die Eilfertigkeit ergriffen habe, und also als ein Feind Rußlands be¬
1556 740 2415 805 handelt werden dürfte Zu Wien hat jemand eine
1552 788 2174 838 ganz neue Facon von Dosen erfunden.
2205 790 2415 846 Der Grund
1562 825 2409 890 ist Porcellain, auf welchem die schönsten Malereyen
729 818 2411 929 Der Fürst Statthalter hat den Ständen von Hol= zu sehen sind. Von Ansehen sind es Farben und die
686 890 2411 970 land und Westfrießland bekannt machen lassen, daß, Arbeiten des geschicktesten Pinsels; allein in der That
684 933 2409 1005 da er vernommen, daß bey Gelegenheit der Taufhand= nichts anders als kleine, nach den Schattirungen ge¬
677 972 2420 1044 lung der neugebornen Prinzeßin im Haag sowohl als schliffene und eingelegte Steinchen. Man schätzet
2196 1037 2407 1092 Ihro Maje-
1558 1057 2415 1148 stät, die Kaiserin Königin haben zwey mit 1100 Du¬
1554 1105 1782 1178 caten bezahlet.
1706 1152 2233 1263 Petersburg, vom 10. Dec.
1588 1243 2398 1319 Von der Armee des Generalfeldmarschall, Grafen
1549 1263 2398 1354 Romanzow, ist der Bericht eingegangen, daß nicht nur
1543 1339 2400 1402 währender Einnahme der Festung Brailow, der Bri¬
1543 1380 2400 1441 gadier Hudovisch die Stadt Bucharest, nach Verja¬
1543 1417 2391 1469 gung der daselbst befindlich gewesenen 5000 Türken
1539 1450 2398 1521 occupirt, sondern daß auch ein detaschirtes Corps Jäger,
1549 1491 2396 1573 die Donau paßiret, und die von 1500 Türken besetzte
1547 1539 2101 1601 Stadt, Tultscha eingenommen.
2137 1543 2398 1604 Weil aber der
673 1571 2398 1645 zuzuschicken geruhet. Sie waren in 2 Kisten gepackt, Großvezier nur 23 Werste daran bey Isakschi ge¬
1547 1619 2398 1686 standen, so ist obgedachtes Korps nachdem es vor¬
668 1649 2394 1723 Deckeln, 2 Fuß hoch und 25 Zoll breit, einem golde- hero, die in Tultscha vorgefundene Artillerie ruini¬
675 1690 2394 1766 nen Kelch anderthalb Fuß hoch mit dem Deckel dessel= ret, wieder zurück über die Donau gegangen. Die¬
1545 1736 2385 1805 se Unternehmung hat indessen den Vortheil gehabt,
679 1766 2394 1838 faß, einem großen Kreuze, alles von Gold; in kost- daß der Großvezier dem 3ten Tag darauf sein La¬
675 1808 2391 1884 baren priesterlichen Kleidungen, und einem Vorhange ger abgebrochen, und sich in die Gebürge nach
666 1849 2391 1951 vor dem Altar, von silbernen Brocard, mit 4 Zoll brei= Babada gezogen, bey Isakschi aber nur 50 Gezel¬
1532 2055 2367 2118 Wechsel-Cours & Species. Getreyde Preise.
1567 2109 2380 2163 den 3. Januar 1770. vom 20 Dec. bis 2. Jan. 1771.
1970 2144 2385 2213 Weitzen der beste 144gr.
1534 2135 1953 2203 Amsterd. 41Tage 313 gr
2079 2177 2365 2233 der geringere 138-
1604 2179 1951 2246 dito 71 Tage 3114g.
1814 2203 2374 2292 138 rr. Roggen der beste 108-
1532 2209 1771 2283 Hamburg 3 W.
2072 2255 2357 2320 der geringere —
1604 2259 1764 2326 dito 6 W.
1818 2265 1949 2322 137287
1970 2274 2246 2346 Gerste die beste
1536 2287 1667 2357 Dantzig
1758 2305 1951 2363 25 p. C. dn
1977 2333 2226 2398 — die geringere
1530 2344 2116 2433 Ducaten neue 9fl. 94 gr. Haaber
2287 2385 2367 2439 40-
1595 2385 1756 2437 dito oude
1786 2391 2376 2472 9 n. 3 8r. Erbsen große graue 120—
1532 2422 1760 2485 Alberrs Taler
1803 2424 1946 2482 136½ gr.
1981 2446 2263 2493 — kleine graue
2289 2459 2370 2502 90-
1526 2465 1636 2519 Rubel
1812 2472 1951 2526 109 gr.
1977 2480 2252 2528 — große weiße
2281 2496 2367 2543 84—
1534 2498 1699 2578 Oude 1
1994 2513 2255 2580 — kleine weiße
1795 2506 1946 2578 pr. C.ag.
2283 2526 2363 2587 73-
1521 2576 2370 2650 Da mit diesem Jahre ein neues Quartal angeht, .
1588 2630 2326 2704 werden die Herren Pranumeranten mit 2 fl.
1762 2676 2133 2743 belieben zu entrichten.
2150 2708 2361 2806 Beylage.
