2799 3213
651 634 1511 712 geantwortet hätte: ob nicht Christus, falls des V.
655 692 2391 749 Meinung der Sinn seiner Parabel sey, die Arbeit der nung könnte ziemlich mit andrer Ausleger Erklärung
660 740 1507 786 Tugend durch seine Antwort zu sehr herabgesetzt hätte
664 782 1507 832 Es ist viel leichter, sich auf Gottes Barmherzigkeit
660 825 1511 873 und auf einen Lohn der Gütigkeit verlassen, als tu¬
655 860 1513 919 gendhaft zu seyn, und mit aller Treue für die Tugend
660 901 2404 958 zu arbeiten. Die Meinung derer, die aus der Para= ligerklärung dem Genuß nach, nicht von der
660 947 1518 1019 bel die Bekehrung auf dem Sterbbette vertheidigen
655 991 1520 1045 wollen, hat der V. ganz vergessen, und zuverläßig
668 1032 1367 1084 giebt er ihr durch seine Erklärung Vorschub.
655 1119 1520 1167 und Jacobum vereinigt, ist diese: Paulus zeigt uns
660 1156 1518 1204 die Natur und das Wesen der Rechtfertigung. Jaco¬
660 1198 1522 1259 bus will bloß zeigen, daß nicht der historische Glaube,
1533 625 2406 710 der ohne Liebe ist, der rechte Glaube sey. Diese Mei¬
1548 740 2397 786 stimmend gemacht werden, aber denn ist auch nichts
1533 784 2397 841 Neues bey dem V. Der Recensent hat immer ge¬
1537 821 2400 875 glaubt, daß man am besten thäte, wenn man die Recht¬
1539 858 2400 910 fertigung beym Jacobo mehr von der eigentlichen Se=
1539 949 2404 999 Gerechtsprechung erklärte. Hiedurch ware es
1544 984 2406 1039 offenbar, daß die erste ohne Bewußtseyn guter Wer¬
1544 1030 2406 1078 ke unmöglich dauerhaft seyn kann, und hievon redet
660 1069 2406 1121 Das andre Stück ist gut. Die Art, wie er Paulum Jakobus, Paulus aber redet von dem actu der Recht¬
1544 1113 2404 1187 fertigung vor Gott. Wir überlassen dies der Prü¬
1544 1156 2042 1230 fung der Leser. Kostet 24 gr.
862 1326 1317 1400 Berlin, vom 9. März.
662 1426 1513 1498 stadt Schwedt, die betrübte Nachricht eingegangen, das
662 1461 2406 1524 es dem Allerhöchsten gefallen, Se. Königl. Hoheit, gen, metallenem Laubwerk und Pfeilern herunter ge¬
668 1511 2404 1570 den Prinzen Friedrich Wilhelm, Marggrafen zu Bran= fahren, und Herr Meißner hat mit der Schulter eben
662 1555 1520 1611 denburg rc. rc. Generallieutenant von der Cavallerie,
662 1596 1522 1651 und Obristen über ein Regiment Cüraßier, wie auch
662 1631 1520 1690 des schwarzen Adlerordens Ritter, in der Nacht von
675 1683 1518 1744 4ten zum 5ten dieses, durch einen Schlagfluß, in
668 1720 1522 1777 71sten Jahre Dero Alters, aus dieser Zeitlichkeit in
671 1753 2404 1825 die Ewigkeit zu versetzen. Am vergangenen Donner= Um so viel wichtiger sind Beschreibungen wie diese,
662 1847 1518 1907 TTrauer wegen des Absterbens Sr. Königl. Hoheit und
666 1879 2410 1942 Hochfürstl. Durchlaucht, des Herrn Marggrafen von Leib gienge, und zum Halse herausströmte. Ueber¬
662 1927 1522 1990 Brandenburg=Schwedt, auf drey Monate angelegt.
664 1971 1529 2034 Bey dem Ziethenschen Husarenregimente, sind die
675 2019 1529 2093 Premierlieutenants, Herren von L'Estocg und von
671 2060 1361 2136 Derschau, zu Staabsrittmeisters avancirt.
812 2101 1383 2193 Von der Türkischen Gränze,
958 2160 1246 2217 vom 6. Februar.
710 2171 1526 2262 Man weiß aus zuverläßigen Briefen von Constanti=
671 2238 1522 2297 nopel, daß das Turkische Ministerium sich gegenwär
668 2282 1526 2341 tig in sehr großer Verlegenheit befinde, nachdem von
671 2321 1531 2389 Bagdad die Nachricht eingegangen, daß die Krieges¬
675 2365 1524 2428 zurustungen der Perser, von Tag zu Tage, ernstlicher
675 2406 1526 2493 würden, und nicht mehr zu zweifeln stehe, daß diesel¬
668 2452 1289 2530 den Willens seyn, im trüben zu sischen.
864 2495 1352 2565 Hamburg, vom 5. März.
708 2528 1529 2615 Wir haben in unsrer Zeitung schon erwähnt, daß
671 2604 1531 2657 der Herr Pastor Meißner zu Kiel den 2ten Februar
668 2639 1526 2696 während der Predigt im Beichtstuhle vom Blitze ge=
671 2674 1531 2737 rührt worden. Er ist, ungeachtet aller Mühe, die
668 2718 1529 2774 sein würdiger Arzt, der gelehrte H. Justitzrath und
671 2763 1529 2824 Prof. Ackermann angewendet, am siebenten Tage ge=
664 2802 2417 2894 storben. Herr Ackermann hat auf 1 Bogen 8. Kiel letzthin gemeldeten Seetreffen erhalten, so neulich zwi=
1544 1309 2413 1394 1771. eine sehr merkwürdige Nachricht von der sonder¬
703 1370 2404 1444 Am Dienstage ist aus der Marggräflichen Residenz= baren Wirkung eines Wetterstrahls bekannt gemacht.
1539 1428 2419 1472 Der Strahl ist oben vom Thurme an den eisernen Stan¬
1553 1550 2404 1603 da sich angelehnt, wo ein metallener Pfeiler auf dem
1548 1596 2406 1648 Pfosten ruhet. Jhm ist also von dem Wetterstrahle
1546 1635 2404 1688 gerade dasselbe widerfahren, was der electrische Schlag
1548 1674 2410 1729 an dem Prof. Richmann ausgeübet hat. Es ist sel¬
1546 1714 2404 1762 ten, daß Leute nicht auf der Stelle getödtet werden.
671 1794 2410 1862 stage, hat der Hof, und die sämtlichen Collegia die H. M. hat nichts als ein Gezisch um sich her bemerkt.
1546 1838 2406 1888 Es ist ihm vorgekommen, als ob ihm Feuer durch den
1553 1927 2406 1975 haupt aber ist ihm gewesen, als würde er von einem
1559 1962 2410 2021 Schlage getroffen, sein Leib würde zusammengezogen,
1553 2010 2413 2056 und er schwebe in der Luft. Kleidung sowohl als der
1553 2049 2421 2101 Leib selbst waren vom Feuer versengt und verbrannt.
1546 2088 2410 2145 H. A. verspricht die weitere Krankheitsgeschichte nebst
1553 2136 2404 2186 der Leichenöfnung in einer akademischen Schrift, und
1555 2173 2404 2228 wir dürfen es im Namen des gelehrten Publici sagen,
1555 2219 2413 2262 daß es sie sehr wünscht. Aber auch das wohldenkende
1559 2260 2410 2310 Publikum müssen wir bey dieser traurigen Gelegenheit
1553 2295 2410 2347 erinnern, doch nicht so lange mit den Vorkehrungen
1546 2336 2415 2402 gegen das Einschlagen des Blitzes in die Kirchen zu
1559 2384 2413 2432 zaudern. Es ward Herr Meißner ein Opfer dem
1555 2424 2413 2474 Blitze, vielleicht für seine ganze Gemeine. Aber hätte
1553 2461 2421 2515 der Strahl, man denke sich diesen leichten Fall, hätte
1555 2511 2413 2559 der Strahl das ganze Gebäude an diesem Festtage er¬
1553 2548 2406 2609 griffen: so stelle man sich das Unglück vor, so Blitz
1555 2589 2413 2639 und Gedrange über eine Stadt bringen könnten, und
1553 2628 2410 2704 wie gewiß und mit Recht Tausende von Familien un=
1559 2674 2114 2744 serer Nachlaßigkeit fluchen würden.
1755 2711 2201 2772 Venedig, vom 7. Febr.
1594 2731 2419 2807 Man hat enblich eine zuverlaßige Nachricht von dem
2330 2844 2421 2907 schen
