2679 3213
1114 525 1734 623 Beylage zum 17ten Stück,
595 627 2258 711 der Königsbergschen gelehrten und politischen Zeitung, 1771.
595 820 1382 897 Fortsetzung der im 15ten St. abgebrochenen
854 867 1157 939 Beylage.
926 930 1075 997 Augen.
627 969 1419 1047 Die gewöhnlichsten Farben der Augen sind dunkelpo=
567 1036 1419 1083 meranzenfarb, gelb, grün, blau, grau, und grau mit
567 1075 1419 1118 weiß vermischt. Die blauen und pomeranzengelben trift
573 1109 1419 1174 man am meisten an. Oefters befinden sich beyde Farben
571 1144 1412 1185 in einem Auge. Die Farbe derjenigen, welche man fü
567 1181 1425 1230 schwarze Augen hält, ist nichts anders, als gelbbraun
567 1220 1419 1263 oder dunkelpomeranzenfarb. Um sich hievon zu überzeu¬
567 1256 1421 1300 gen, darf man nur diese Augen in der Nähe betrachten.
575 1295 1427 1341 In der Ferve oder gegen das Licht, scheinen sie blos des¬
567 1328 1425 1375 wegen schwarz, weil die braungelbe Farbe so sehr mit
560 1360 1425 1412 dem weissen im Auge absticht, daß man sie in Absicht
567 1412 1427 1449 auf das weisse für schwarz hält. Die Augen, welche we¬
573 1436 1425 1481 niger braungelb sind, werden auch unter die schwarzen
571 1481 1427 1525 Augen gerechnet, sie sind aber nicht so schön als die an¬
571 1507 1429 1563 dern, weil diese Farbe gegen das weisse nicht so hoch
567 1548 1421 1598 ausfallt. Es giebt auch gelbe und hellgelbe Augen.
567 1585 1425 1633 Diese fallen gar nicht schwarz aus, weil dergleichen Farben
560 1618 2297 1680 nicht dunkel genug sind, um si in Scharten zu verliehren, fast so diel Gehirn als der Mensch, nemlich den fünf und
614 1665 1421 1713 Man sieht sehr oft in dem nemlichen Ange Anstriche
567 1732 1421 1784 So bald etwas blaues sich darunter befindet, es mag so
573 1767 1421 1814 wenig seyn als es will, so wird diese Farbe die herrschende.
564 1804 1419 1849 Sie zeigt sich in Fäserchen durch den ganzen Umfang
564 1840 1419 1903 des Regenbogens, und das pomeranzenfarbige steht in
571 1877 1419 1927 Flocken in einer kleinen Entfernung von dem Stern um
567 1912 1425 1961 dasselbe herum. Das blaue verdrängt diese Farhe so sehr,
573 1955 1419 2011 daß das ganze Auge blau aussieht, und man wird die
567 1992 1685 2039 eingemischte Pomeranzenfarbe nicht eher gewahr, als gestorben sind.
571 2024 1146 2082 wenn man es in der Naͤhe betrachtet.
614 2050 1425 2111 Die schönsten Augen sind diejenigen, welche schwarz
567 2098 1419 2150 oder blau aussehen. Die Lebhaftigkeit und das Feuer
573 2173 1419 2221 Augen allsmachen, herrschen stärker in den starkgefarb¬
575 2210 1427 2262 ten als in denjenigen Augen, die nur einen leichten An=
582 2279 1419 2338 sich daher stärker und lebhaft aus; aber in den blauen
575 2364 1421 2405 auch ihr Ausdruck feiner. Es blickt in den ersten ein
573 2396 1421 2444 Feuer, das gleichförmig funkelt, weil der Grund, der
575 2424 1412 2480 uns von einerley Farbe zu seyn scheint, überall einerler
567 2465 1419 2521 Lichtstrahlen zuruck wirft. Jn den Lichtstrahlen hinge=
573 2504 1419 2560 gen, welche die blauen Augen beleben, herrscht eine
575 2537 1419 2591 Mannigfaltigkeit der Veränderung. Denn da sich in
573 2571 1416 2632 denselben mehrere Anstriche von Farben befinden, so
567 2608 1419 2669 werden auch mehrere Arten von Lichtstralen zurückge=
571 2662 692 2714 worfen.
631 2662 1425 2731 Es giebt Augen, in welchen man so zu reden keine
580 2727 1425 2781 Farbe bemerkt. Sie scheinen ganz anders als andere
573 2759 1427 2852 gebaut zu seyn. Der Regenbogen hat nur einige so
1451 813 2312 874 schwache Anstriche von blau oder grau, daß dieselben an
1445 848 2305 910 einigen fast weiß sind. Die Schattierung von Pomeran¬
1445 893 2303 947 zenfarb ist so leicht, daß man sie mit Mühe vom grauen
1445 932 2297 980 und weissen unterscheidet. Das schwarze des Sterns
1449 967 2305 1014 nimmt sich in diesem Falle allzusehr aus, weil die Farbe
1445 1008 2297 1055 des Regenbogens nicht dunkel genug ist. Man sieht,
1445 1047 2297 1090 so zu reden, nichts als den Stern, der mitten im Auge
1445 1083 2303 1144 einzeln da steht. Diese Angen sprechen nichts, und ihr
1449 1120 1918 1181 Blick fällt steif und todt aus.
1505 1137 2297 1200 Es giebt auch Augen, in welchen der Regenbogen in
1445 1192 2297 1235 das grüne fällt. Diese Farbe ist seltener als das blaue,
1445 1228 2299 1274 das graue, das gelbe und das braungelbe. Man sieht
1451 1265 2297 1308 nicht weniger Leute, deren beyde Augen nicht von einerley
1453 1304 2305 1362 Farbe sind. Dieses ist besonders dem Menschen, dem
1458 1339 1920 1403 Pferde und dem Hunde eigen.
1791 1380 1955 1451 Gehirn.
1499 1414 2297 1477 Der Mensch hat mehr Gehirn als andere Thiere von
1451 1470 2303 1522 gleicher Größe, ja mehr als das Pferd und der Ochs.
1453 1512 2299 1557 Ein Mensch der 100 Pfunde wiegt, hat gemeiniglich
1449 1548 2294 1592 vier Pfunde Gehirn. Ein Ochs von 800 oder 900 Pf.
1445 1585 2297 1628 hat nur ein Pfund Gehirn. Der einzige Delphin hat
1449 1659 2301 1702 zwanzigsten Theil seines ganzen Gewichts. Die jungen
571 1682 2299 1741 von Pomeranzfarb, von gelb, von grau und von blau. Thiere haben in Verhältniß mit ihrem ganzen Gewichte
1442 1730 2297 1771 mehr Gehirn als die Thiere, die schon ihr völliges Wachs¬
1445 1765 2297 1810 thum erreicht haben. Ein junger Ochs von 200 Pfunden
1445 1806 2297 1858 hat ein Pfund Gehirn, so wie einer von acht hundert
1451 1838 1600 1899 Pfunden.
1499 1855 2297 1916 Man hat angemerkt, daß das Gehirnmark bey blöd=
1442 1907 2299 1961 sinnigen Personen nach ihrem Tode beständig leichter
1438 1953 2297 2007 gewesen ist als bey Leuten, die bey gutem Verstande
1505 2000 2301 2089 Ueberhaupt hat das Gehirn verschiedene Verhältnisse
1453 2048 2299 2106 bey verschiedenen Thieren. Bey den Vögeln ist es klein
1445 2098 2299 2143 in Vergleichung mit ihrem Körper. Dieses Verhältniß
571 2134 2299 2186 welche die vornehmste und bestimmende Eigenschaft der ist noch kteiner bey dem Pferde und bey dem Ochsen.
1447 2169 2297 2214 Der listige und geschickte Affe hat ein großes Gehirn.
1451 2208 2297 2253 Die wiederkäuenden Thiere haben weniger Gehirn als
575 2245 2297 2301 strich von Farbe haben. Die schwarzen Augen drücken der Mensch, aber mehr als die andern Thiere. Es ist
1445 2279 2299 2327 klein bey den Thieren, die sich schlagen, denn sie haben
567 2318 2299 2374 Augen findet sich mehr sanfte Anmuth, und vielleicht ist die Schlafmuskein sehr dick, welche die Hirnschale klein
1445 2355 2288 2396 machen, indem sie die beyden Seiten zusammen drücken
1445 2387 2297 2433 die wir rund und ausgebogen haben. Daher man nicht
1438 2426 2290 2476 ohne Ursache sagen kan, daß ein kleines Gehirn ein Merk¬
1442 2474 2100 2539 mal von Dumheit und wildem Wesen sey.
1780 2517 1964 2567 Knochen.
1499 2530 2292 2614 Man zählt in dem menschlichen Körper 245 bis 249.
1445 2593 2294 2647 Knochen, nemlich: an der Hirnschale 14, in dem übrigen
1445 2630 2299 2679 Kopfe und in dem Halse 46, in dem Rumpfe 67, in den
1451 2662 2292 2716 Armen und Händen 62, in den Beinen und Füßen 60.
1445 2705 2299 2790 Die Knochen machen den dritten Theil von dem Gewichte
1449 2753 1832 2820 des ganzen Körpers aus.
2143 2764 2290 2839 Wirbel
