2799 3213
688 546 1554 634 nicht, wie er zuweilen die ungeheursten Erfindungen
693 616 1556 686 ohne Zusammenhang und richtige poetische Fabelregeln
688 651 1551 723 in eine Fabel zu generiren waget; und dennoch je är¬
688 710 1547 758 ger ihn der Geist der Fabel haßt und fliehet, je mehr
684 734 1549 806 liebt und verfolgt ihn der V. Wir zweifeln, ob er sich
693 773 1549 850 je von ihm lieben und haschen läßt. — Um nicht ganz
693 826 1549 889 vergebens diese Schrift gelesen zu haben, wollen wir
686 861 1551 948 etliche der erträglichsten Sinngedichte, die sich hin und
688 896 1245 977 wieder darinn finden, auszeichnen.
883 957 1359 1068 Das Glück der Dichtkunst.
717 1040 1488 1156 Zum Ehrentempel führt Apoll nicht allemal
719 1121 1556 1228 Die Straße zum Parnaß führt auch ins Hospie
1125 1197 1215 1269 tal.
966 1287 1274 1412 Der Aagglelg.
708 1383 1543 1488 Pedrill schwört nimmermehr zu freyn, allein Pe.
1121 1457 1217 1540 drill
708 1512 1540 1617 Schwört leicht, da ihn kein Mädgen haben wil.
896 1628 1322 1737 Der sterbende Geizhals.
712 1726 1523 1824 Mit tödtlichem Verdruß verläßt Avar die Welt
704 1787 1534 1886 Nicht, weil er stirbt; nein, weil er nichts davor
1112 1857 1243 1932 erhält.
863 1977 1333 2076 Berkin, vom 26. Febr.
697 2047 1527 2128 Bey dem Steinkellerschen Infanterieregimente, hat
669 2095 1525 2172 der Staabscapitain, Herr von Wildschütz, eine Com¬
662 2154 1519 2213 pagnie erhalten, und der Premierlieutenant, Herr von Fa
653 2198 1527 2259 bian, ist zum Staabscapitain avancirt. Se. Königl.
662 2242 1516 2303 Hoheit, der Prinz Heinrich, sind am Sonntage von
658 2279 1516 2351 Potsdam zurückgekommen. Gestern des Mittags war
656 2312 1519 2377 bey Sr. Königl. Hoheit, grosse Cour. An eben
664 2364 1519 2425 dem Tage wurden Se. Excellenz, der würkliche ge¬
656 2408 1519 2460 heime Staats=Kriegs= und dirigirende Minister, Frey=
653 2447 1516 2535 herr von Schulenburg, in den Königl. Staatsrath
660 2480 846 2556 eingeführt.
828 2532 1346 2605 Hamburg, vom 22. Februar.
693 2576 1514 2650 Mit einem aus Stockholm gestern hier durch als Cou=
1916 572 2093 673 Ursachen.
1608 647 2438 771 Star spricht, daß ich in Kutschen fahre, dazu
1814 730 2288 819 zwingt mich das Zipperlein,
1613 778 2436 902 So wird wohl, daß er nicht bezahlet, das Chi¬
1816 857 2211 957 ragra die Ursach seyn.
1567 918 2432 1036 Wer mehr, und noch zehnfach schlechteres lesen will,
1580 990 2192 1079 dem steht es frey. Kostet 1 fl. 15 gr.
1901 1132 2100 1232 Eisenach.
1608 1186 2428 1280 J. C. F. Heusingers Oberconsist. Aßess. Heilige
1562 1259 2202 1337 Reden über die Evangelien, 2ter Theil.
1615 1320 2423 1387 Sie sind so gut und so schlecht, wie seine bekann¬
1564 1355 2421 1418 ten, und in der allg. d. Bibl. gerügte Leichenpredigten.
1573 1401 2423 1471 Die Materien sind gewöhnlich, und die Ausführung
1571 1444 2421 1508 ist es nicht minder. Wenn man jetzt von Predigten
1562 1488 2428 1556 sagt, sie gehören nicht unter die schlechtesten, so ist das
1567 1532 2421 1608 Lob sehr mittelmäßig, und nur im Verhältnis gegen
1567 1569 2430 1630 Predigten des vorigen Jahrhunderts erträglich. Da¬
1562 1613 2421 1680 bey wollen wir ihnen doch nicht, alles Lehrreiche ab¬
1571 1652 2421 1720 sprechen; und zum Beweis dessen ein paar Themata
1560 1691 2425 1761 hersetzen. Dom. 12. p. Trin. Das Verhalten bey dem
1558 1737 2421 1809 Anblick gebrechlicher Brüder. Dom. 16. p. Trin. E¬
1556 1770 2419 1840 wige Pflichten gegen die Verstorbne. Dom. 17. p. Trin.
1556 1816 2419 1905 Der Christ in der Gesellschaft der Gottlosen. Kostet
1547 1857 1656 1936 3 fl.
1543 1999 2408 2104 und Herzog von Hollsteingottorp, Adolph Friederich,
1540 2074 2419 2139 nach einer kurzen Unpaßlichkeit, den 12ten dieses Mo¬
1545 2117 2410 2181 nats, im 61sten Jahre Dero Alters und im 20sten
1547 2150 2412 2233 Jahre Dero Regierung, aus dieser Zeitlichkeit zu ent¬
1545 2194 1661 2251 reissen.
1665 2209 2290 2316 Auszug eines Schreibens aus Polen,
1818 2281 2137 2338 vom 19. Februar.
1580 2288 2408 2382 Ihnen muß man immer mit Neyigkeiten unterhal¬
1545 2349 2404 2430 ten, hier sind sie. Ich glaubte von den streitenden
1549 2399 2401 2467 Partheyen ruhig zu seyn, sowurdeich aber in eine ziem¬
1547 2445 2401 2513 liche Verwunderung gesetzt; als der Obriste von Dre¬
1547 2487 2406 2559 witz, den ich sieher in Krakau zu seyn glaubte, mit sei¬
1534 2532 2404 2594 nen verstärkten Corps am 12ten dieses vorbey mar=
1543 2570 2401 2639 schirte; von den Consöderirten des Corps des Pulawski,
1538 2607 2399 2677 stand ein Theil unter dem Commando eines gewissen
653 2624 2397 2718 rier nach Paris gegangenen Kammerherrn hat man die Lipienski in Kempen, dieses vermuthete nicht den An=
651 2679 2395 2757 traurige Nachricht erhalten, daß es dem Allerhöchsten marsch der Rossen, und würden also am 14ten dieses
642 2718 2397 2834 gefallen, Se, Majestat, den König von Schweden, Abends um 6 Uhr ubeifallen. Er selbst der Liepinski
