2679 3213
477 518 1337 612 es noch zwischen der Pforte und Rußland zu Unter
477 599 1339 668 handlungen kommen sollte, dazu doch nun wieder die
483 638 1333 701 Hofnung verschwunden zu seyn scheinet. Denen in
479 682 1337 753 der Crimm wird ihr Zustand immer bedenklicher schei¬
477 734 1337 780 nen müssen, weil sie nunmehro auch keinen Auslauf zu
470 764 1333 823 Lande haben. Man hat alle Horden, die von Beßara=
475 803 1333 860 bien, das ist, von Budziak und Oczakow sich unter
470 849 1337 904 Rußischen Schutz begeben haben, auf ihr eigen Ver¬
477 901 1333 947 langen, jenseit des Niepers in das Vorland vor der
479 912 2215 995 Crimm versetzet, wo sie sich niedergelassen und an= daß man sich daselbst mit einem nahen Vergleiche zwi¬
477 960 2219 1026 bauen, und so die Vormauer sind, daß keine Crimmi= schen Rußland und der Pforte schmeichle; auch melden
479 1034 2219 1113 nen, so wie durch diese Versetzung gedachter Horden neralfeldmarschall Romanzow und dem Großvezier häu¬
477 1093 1337 1152 Rußland auch von allen dergleichen Beunruhigungen
479 1137 1326 1200 nunmehro frey ist. Hier scheinet anjetzt eine gänzlich
483 1182 1335 1237 Unthätigkeit zu seyn. Man wartet. Bald muß es
479 1228 1121 1307 doch zum angreifen der Sache kommen.
660 1265 1152 1363 Neapolis, vom 26. Jan.
523 1337 1609 1418 Einige gestern allhier eingelaufene Schreiben aus erwarten habe.
483 1389 1335 1450 der Levante haben die Nachricht von einem abermaligen
486 1431 1350 1485 Seetreffen zwischen der Türkischen und der Rußischen
486 1472 1339 1529 Flotte mitgebracht. Sobald der Admiral Spiritof,
483 1509 1335 1568 heißt es daselbst, die Verstärkung der Schiffe von der
490 1555 1337 1611 dritten Rußischen Flotte erhalten hatte, wandte er sich
483 1581 2215 1661 gegen die Dardanellen. Kaum war er aber an selbigen dem Königl. Schiffe Orford gehörig, die Strafe von
490 1664 2215 1742 Caravellen mit vielen andern kleinen Kriegsschiffen allein, als man den Verbrecher an den Pfahl hinan
483 1709 2215 1772 nebst den Algierischen Schiffen gegen die Russen aus= ziehen wolte, so wurde derselbe für eine Weibespersor
483 1751 2221 1818 liefen, um einige ihrer Schiffe in Brand zu stecken. erkannt. Sie bekannte hiernächst, sie sey von Hull
477 1786 2225 1875 Die Rußischen Schiffe giengen hierauf alle unter Se= nach London einem Menschen nachgereiset, mit wel¬
483 1890 1217 1949 wollte, eine Wendung, und griffen selbige an.
490 1916 2221 1988 Gefecht dauerte einige Stunden lang, und das Feuer bindlich gemacht, so habe sie zu London den 9ten die¬
486 2008 1341 2062 Schiffe in Grund gebohrt worden, da endlich die Tür=
486 2045 1350 2110 ken und Algierer die Flucht ergriffen. Die Russen ha¬
490 2132 1346 2191 wendet, und daselbst gelandet; wo auch das dasige
488 2230 634 2304 ben hat.
631 2247 1213 2350 Von der Donau, vom 8. Febr.
501 2382 1352 2445 sich nie erinnern kann. Die meisten derselben sind
494 2550 1694 2609 errichtet, welche von diesen Städten auf der Donau gefahr 19 Jahr alt.
492 2585 1352 2654 verführet werden können. Ein über der Donau gesetz¬
499 2641 1352 2696 tes Rußisches Corps soll sich von Isaccia Meister ge¬
492 2724 843 2807 nopel zurück gezogen.
1529 520 2051 603 Livorno, vom 24. Januar.
1391 588 2219 675 Man verspührt nun, dem Himmel sey Dank,
1357 634 2217 703 keine Erderschutterung mehr, und diejenigen Ein¬
1350 684 2212 749 wohner, welche sich aus der Stadt und aus dem
1359 729 2210 790 Hafen entfernt hatten, sind in ihre Hauser zurück¬
1352 784 1487 845 gekehrt.
1522 812 2049 895 Niederelbe, vom 14. Febr.
1391 849 2221 932 In einem Schreiben aus Constantinopel heißt es,
490 999 2221 1082 sche Tartaren die Rußischen Gränzen beunruhigen kön= Nachrichten aus der Moldau, daß zwischen dem Ge¬
1361 1080 2219 1139 sig Couriers hin und hergehen, und daß vielleicht
1352 1124 2206 1178 nächstens ein Friedenscongreß angestellt werden dürfte
1354 1165 2219 1219 Wiewol die grossen Zurustungen auf beyden Seiten,
1359 1206 2215 1261 wie denn Rußland allein 40000 schon völlig geübte
1354 1250 2223 1304 Recruten nach der Moldau schickt, zeigen, daß man
1359 1293 2215 1370 vielleicht noch einen und zwar sehr blutigen Feldzug zu
1465 1367 2114 1450 Aus einem Schreiben von Chatham,
1640 1413 1938 1476 vom 29. Januar.
1400 1442 2219 1511 Folgende Begebenheit ist so zuverläßig als seltsam:
1361 1496 2221 1546 Den 26sten dieses, des Morgens, solte hier eine Per¬
1370 1539 2212 1594 son, bekannt unter dem Namen Charles Waddell, zu
492 1622 2221 1696 Gegenden erschienen, als sogleich verschiedene Türkische zwey Dutzend Streichen wegen Desertion empfangen;
490 1831 2228 1912 gel, machten, als die Türkische Flotte sie verfolgen chem sie versprochen, und als sie gehört, daß er sich
1256 1868 2215 1923 Das zum Dienst auf dem Schiffe Orford zu Chatham ver
492 1958 2217 2027 wurde fast allgemein, bis endlich einige Türkische ses Handgeld genommen, auf demselben Schiffe zu die¬
1361 2001 2221 2053 nen. Den 17ten kam sie an Bord, und wurde sie da¬
1370 2040 2221 2093 selbst als ein wirklicher munterer junger Kerl gesehen;
492 2082 2221 2145 ben sich nach diesem Siege gegen die Insel Lemnos ge= als sie aber fand, daß ihr Bräutigam entwischt war,
1370 2125 2228 2175 so desertirte sie den 25sten gleichfalls, in der Absicht,
490 2173 2228 2228 Castell mit der sammtlichen Besatzung sich ihnen erge, ihn einzuholen; allein man bekam sie auf dem Wege
1370 2208 2228 2265 nach London wieder, und die Nacht wurde sie an Bord
1370 2254 2228 2304 zuruckgebracht und in Fesseln gelegt. Tages darauf
1363 2293 2221 2347 nun solte sie gedachtermassen bestrafet werden, welches
531 2310 2228 2397 Die Couriers von Wien gehen jetzt so häufig, als man die Eutdeckung verhinderte. Sie ward unmirtelbar
1374 2373 2228 2421 hernach vor den Admiral, Sir Peter Denis, gebracht,
499 2417 2230 2491 Staabsofficiers, welche ihre Depeschen unmittelbar der ihr eine halbe Guinee zum Prasent machte. Der
494 2452 2228 2532 vom Kaiser empfangen, der sie eigenhändig geschrieben. Commissarius Hanway und fast alle hier befindliche
499 2493 2230 2574 Zu Jassy und Bucharest werden zwey grosse Magazine Officiers haben sie gleichfalls beschenkt. Sis ist ohn=
1553 2550 2051 2624 Bononien, vom 25. Jan.
1409 2609 2230 2670 In dem ganzen Königreich Spanien sind die Frey¬
499 2665 2230 2765 macht haben, weil die Türkische Armee sich gegen Adria= stätte der Klöster aufgehoben worden. Zu Genua ist
1367 2704 1971 2783 am 26sten dieses der Doge gestorben.
2106 2720 2228 2802 Wien,
