2679 3213
463 521 2179 620 Weichsel unserer Stadt gegenüber, vorgefallenen An= den 54 sich also nennende Conföderirten, eine klein¬
463 609 1304 669 grifs und Scharmützels folgende Umstände ersehen
469 734 1310 783 lage und Weichselbrücke anrückenden Korps der Con¬
465 777 1314 828 föderirten haben sich fünf Marschälle befunden, Kos¬
465 811 1304 871 sakowski aus Litthauen; Radzyminski von Sanoc
469 852 1310 908 von des Pulawski Detaschement; Przezdziecki von
469 925 2173 1024 Sochaczew, Marschälle. Bey dem Angrif hat der und 1361 gestorben: daß also 795 Personen mehr ge
469 972 1749 1028 Marschall von Sanock Radzyminski das Commando boren, als gestorben sind.
458 1022 1310 1073 geführt. Als die Conföderirten sich zu retiriren ge¬
463 1061 1314 1119 nöthigt worden, haben sie sich gegen Kaczkow zu ge¬
469 1101 1310 1164 zogen, allwo die 5 Marschälle nebst dem Stabe ihr
465 1147 1314 1203 Quartier genommen, den Tag darauf aber den 4ten
469 1183 1302 1239 Januar Nachmittags sind sie weiter gegen Kleinbreß
469 1226 1306 1278 lau marschiret und haben um die Stadt und deren Ge
465 1265 1312 1334 gend ihre Postirungen genommen. Unter den Bleßir¬
469 1306 1310 1362 ten ihrer Seits befinden sich die Rittmeister Kalußews
465 1349 1312 1405 ki, Olßewski und Rudnicki, deren ersterer an den Wa¬
469 1383 1310 1448 den, der andere am Knie, der letztere aber besonders
469 1471 1314 1530 zu hoffen, daß er mit dem Leben davon kommen wer¬
463 1495 2181 1560 de. Ingleichen befindet sich auch der Lieutennnt Sus= schon über 4000 gegossen worden. In kommendem
471 1596 1170 1672 theils liegen geblieben, theils bleßirt worden.
602 1639 1181 1732 Braunschweig, vom 6. Jan.
501 1708 1319 1766 Am 3ten dieses, Abends um 11 Uhr, sind Ihro
465 1758 1317 1839 Königl. Hoheiten die Prinzen von Schweden, über
469 1803 910 1869 Hamburg hier eingetroffen.
523 1831 1246 1930 Auszug eines Schreibens aus Petersburg,
716 1895 1063 1975 vom 25. December.
508 1962 1304 2024 Ihro Majestät, die Kaiserin, haben für gut be
458 2007 1304 2059 funden, den Grafen von Tottleben, welcher Höchstde
458 2044 1489 2128 ro Truppen in Georgien commandiret hat, zurück zu ministers.
458 2087 1304 2145 berufen, und dem Herrn Generalmajor Suchotin das
458 2128 1269 2194 Commando über die dortigen Truppen aufzutragen.
628 2175 1151 2263 Warschau, vom 6. Januar.
458 2330 2184 2394 dere Generals nach Petersburg gegangen sind. Aus derfahren lassen, als der GrafWaynowitz, das Schif wor¬
458 2373 2179 2431 der Gegend von Czenstochau meldet man, daß man auf dieselbe nebst allen dessen Schätzen befindlich war,
469 2538 1310 2607 magazin soll am meisten zu besorgen seyn, da man es
458 2663 2184 2721 noch stärker gemacht, und die nächsten Berge mit Hände gefallen, den wir hier unsern Lesern mittheilen
1327 594 2186 652 Viertelmeile von hier, in Mariemont einen Besuch ab¬
465 632 2184 712 die zur Ergänzung der davon bereits ertheilten Nach= gelegt. Die meisten waren Bauren mit Stangen, und
465 678 2184 744 richt dienen können. Bey dem gegen die Salznieder= vier davon waren mit Gewehr versehen. Sie nahmen
1332 719 2179 785 den daselbst wohnenden Chursächsischen Heegereuter,
1334 768 2179 820 auch dem Müller 4 Stück Pferde und das vorhandene
1334 802 2186 858 Gewehr, auch was an Gelde da war, ohne was ihnen
1334 839 2173 901 sonst noch anstund. Allhier sind das vergangene Jahr
467 888 2179 953 Rawa; Mikorski von Gostin; und Stempowski von 666 Paar copulirt; 2156 Personen gebohren worden;
1487 1011 2022 1106 Von der Italiänischen Gränze,
1637 1071 1893 1125 vom 24. Dec.
1362 1089 2179 1162 Man hat in Cadix durch ein Schif, welches von Li.
1327 1149 2186 1211 ma gekommen, die Nachricht erhalten, daß die Spa¬
1325 1190 2179 1250 nier sich im Südmeer noch einer andern Insel bemächti¬
1334 1233 2184 1306 get, welche den Engländern gehört, und David, oder
1338 1282 1816 1353 sonst die Mutter Gottes heißt.
1512 1310 1979 1398 Wien, vom 1. Januar.
1362 1351 2181 1435 In dem hiesigen Arsenal wird unaufhörlich gearbei¬
467 1416 2177 1491 schwer am Arm verwundet worden, so daß schwerlich tet. Fast jede Woche werden neue Kanonen probiret
1338 1459 2177 1514 Seit der Regierung Sr. Majestät, des Kaisers, sind
465 1538 2179 1598 ki unter den Verwundeten. An Pferden sind 148 Frühjahr werden die Kaiserl. Truppen im Luxen¬
1325 1581 2186 1656 burgischen, Böhmen und Mähren, Campementer for=
1325 1633 1448 1699 miren.
1431 1661 2091 1743 Frankfurt am Mayn, vom 1. Jan.
1370 1708 2186 1777 Die Anzahl derer, welche im verflossenen Jahr all¬
1334 1762 2184 1846 hier geboren worden, belauft sich auf 911, der Gestor¬
1327 1814 1841 1882 benen aber auf 1043 Personen.
1446 1857 2070 1940 Niederrhein, vom 10. Januar.
1370 1915 2181 1986 Pripatbriefen aus Paris zufolge, verwaltet der
1332 1966 2179 2029 Herzog von Vrilliere gegenwärtig die Departements de
1327 2018 2179 2093 rer bekanntermassen in Ungnade gefallnen Staats¬
1540 2117 1968 2218 Livorno, vom 7. Jan.
1370 2179 2186 2261 Wir haben im vorigen Jahre die großmüthige Begegr
484 2227 2184 2310 Von der grossen Rußischen Armee höret man nichts nung erzählt, welche der Gen. Gr. von Orlow der Familie
458 2287 2188 2351 neues, als daß der General Panin und noch einige an= eines Türk. Hrn. Namens Ottomanno Iset Effendi, wie¬
471 2412 2184 2472 sehr stark schiessen hörte, und daß der Obriste Drewitz genommen. Er gieng nemlich mit derselben nicht an¬
473 2452 2186 2513 solches seit dem 3ten sörmlich belagerte, auch es schon ders um, als Alexander mit den Frauen und Töchtern
471 2493 2184 2558 seitdem bombardiret hätte; für das Heu= und Stroh= des Darius, und schickte sie samtlich, selbst die darun¬
1334 2538 2186 2588 ter befindliche junge morgenländische Schöne, nebst
463 2582 2186 2635 von aussen über die Walle sehen kan. Die Conföderirte allen Schätzen demselben zurück. Vor kurzem ist uns
469 2618 2184 2680 sollen auch tapfer heraus schiessen, da sie die Festung auch der Brief, welchen er dabey geschrieben, in die
469 2704 2184 2769 Schanzen versehen haben. Vorgestern zur Nacht ha wollen: "Wir Graf Alexis von Orlow rc. dem Jset
2063 2747 2192 2820 Effendi
