2799 3213
636 457 1501 540 sich ergeben hat, daß zu Friedenszeiten in 18 Jahren von
638 531 1501 583 180 Schiffen nur eins jährlich verlohren gegangen ist.
638 568 2384 631 Wenn man nun auf diese Anzahl die Havereyen für einen der Schwangerschaft, und am meisten zwischen der neun¬
631 603 2386 695 doppelten Verlust rechner, so ist das Risico der Schiffahrt zehenden und zwanzigsten Woche, von der Geburt an zu
636 631 1092 682 zu Friedenszeit wie 1 zu 100.
697 660 1495 723 Da die Assekuranten für die Hin= und Herreise eines
631 704 1499 760 Schiffes 6 bis 10 von hundert nehmen, so ist erwiesen
634 745 1499 802 daß ihr Profit beträchtlich und klar ist, da sie nur eins
629 782 2379 857 gegen hundert wagen. Wofern jedoch die Fahrt keiner gebohrne gehalten. Sie ist aber auch öfters viel länger.
638 828 1495 872 Gefahr ausgesetzt ist, so ist auch die Prime geringer.
631 854 1501 916 Von Londen bis Neuyork werden gemeiniglich nur 2
631 891 959 937 von hundert bezahlt.
684 902 1495 985 Die größte Geschwindigkeit eines Schiffes auf dem
629 955 1495 1023 Meere beträgt in einer Stunde 6 Meilen, deren 20 auf
627 1005 935 1068 einen Grad gehen.
848 1044 1283 1136 Der menschliche Leib.
953 1110 1171 1189 Wachsthum
636 1189 1499 1254 Augen der Beobachter die menschliche Frucht erblickt
634 1237 1490 1289 haben, ist ein eyrundes Blaschen, welches sich nach und
631 1278 1492 1320 nach entwickelt. Sieben Tage hernach kan man schon
629 1381 1490 1436 durchsichtige Gallerte aus, welche schon einige Festigkeit
625 1427 1490 1499 hat, und in welcher man den Kopf und den Rumpf un=
627 1455 872 1521 terscheiden kan.
688 1473 1484 1545 Nach vierzehn Tagen fängt man den Kopf deutlicher
614 1573 1486 1619 nen. Die Nase ist noch nichts weiter als ein hervorra¬
625 1610 1481 1656 gendes Fäserchen, welches senkrecht auf einer Linie steht,
625 1645 1481 1698 welche die von einander gesonderte Lippen bezeichnet.
621 1682 2170 1735 Man sieht an der Stelle der Augen zween schwarze ein Drittel einer Gesichtslange anzuzeigen.
625 1715 1486 1765 Punkte, und wo die Ohren sich bilden sollen, zwey kleine
625 1746 1481 1805 Löcherchen. Zu beyden Seiten des obern Theils des
627 1792 1481 1864 Rumpfs sind kleine Hervorragungen, welche der erste
618 1829 1180 1881 Aufriß zu Armen und Beinen sind.
671 1851 1477 1912 Nach Verlauf von drey Wochen hat der Leib etwas
618 1903 1475 1949 zugenommen. Die Arme und Beine, die Hände und
621 1938 1473 1984 Füße sind merklich geworden. Das Wachsthum der
614 1977 1481 2047 Arme ist schneller, als der Beine, und die Finger sondern
618 2008 1042 2074 sich eher ab, als die Zehen.
612 2074 1481 2133 länger. Die menschliche Gestalt ist nicht mehr zwey¬
607 2130 2358 2187 deutig, alle Theile des Gesichtes sind kenntlich, der Kör= Brust bis auf die Mitte des Kopfs die Länge des Ge¬
610 2196 1473 2242 Bauch erheben sich, die Gliebmaßen sind gebildet, die
614 2233 1471 2279 Finger und Zehen sind abgesondert, die Eingeweide sind
612 2268 1449 2329 schon durch hin und wieder gewundene Fasern bemerkt.
610 2329 2351 2410 menschliche Gestalt fangt an vollkommener zu werden, gehl bis an den Ort, wo der Stamm des Körpers sich
612 2377 1466 2447 Der Kopf allein ist in Verhältniß mit andern Theilen
612 2412 905 2476 des Leibes zu groß.
612 2476 1473 2537 und noch mehr nach drey Monaten: sie hat auch an dem
605 2532 2347 2591 Gewichte merklich zugenommen. Nach vier und einem dem Obertheil des Fußes betragen die Beine zwo Ge¬
605 2600 800 2650 und Zehen.
610 2666 2336 2768 Monat, ohne daß man jedoch das Maaß der Theile die zehen Gesichtslängen voll macht, in welche die ganze
605 2705 865 2777 kestimmen kan.
1580 461 2388 559 Die Zeit, in welcher es sich zu bewegen anfängt, ist
1525 538 2388 597 ungewiß. Gemeiniglich geschiehr es gegen die Mitte
1525 645 1658 701 rechnen.
1573 693 2382 743 Das Kind kommt gewöhnlicher maßen nach dem
1527 717 2382 784 274sten Tage zur Welt. Diese Zeit ist jedoch sehr oft
1523 760 2379 815 viel kürzer, und Kinder von 182 Tagen werden für ehlich=
1523 837 2386 889 Wenigstens kan nach den Römischen Rechten ein Kind
1523 870 2377 931 auch zehen Monate nach des Vaters Tode ehrlich zur
1523 902 2377 964 Weit kommen, und in den Gerichtshöfen fehlt es nicht
1523 937 2373 996 an Beyspielen von solchen, welche in dem zwölften und
1519 979 2373 1060 so gar in dem vierzehnten Monate für ehlichgebohrne
1516 1009 1833 1084 sind erklart wörden.
1840 1060 2052 1143 Verhältniß.
1575 1121 2373 1193 Man theilt die Höhe des Körpers gemeiniglich in
680 1156 2373 1224 Die kleineste Gestalt, unter welcher die geübtesten zehen gleiche Theile ein, welche die Bildhauer Gesichts=
1523 1210 2373 1261 langen nennen, weil das Gesicht des Menschen das erste
1525 1243 2375 1300 Maaß gewesen ist, dessen man sich in Ausmessung dessel=
1516 1276 2371 1337 ben bedient hat. Eine jede Gesichtslänge, oder jeder
636 1313 2377 1370 mit bloßen Augen die erste Anlage zu einem Menschen zehende Theil der Höhe des Körpers, wird wieder in
627 1353 2369 1414 erkennen. Diese Anlage sieht jedoch nicht anders als eine drey gleiche Theile eingetheilt. Diese zwote Eintheilung
1510 1392 2364 1451 ist daher entständen, daß man das Gesicht selber in drey
1512 1425 2371 1481 gleiche Theile eingetheilt har. Der erste fangt über der
1516 1468 2373 1525 Stirne bey dem Ursprung der Haare an, und endigt sich
1512 1495 2369 1556 bey dem Anfang der Nase. Die Nase macht den zwey=
629 1521 2371 1591 zu bemerken und die stärksten Züge des Gesichts zu erken= ten Theil der Gesichtslänge aus, und der dritte fängt un¬
1510 1573 2362 1634 ter der Nase an, und geht bis unterhalb des Kinns.
1512 1606 2369 1667 Bey der übrigen Ausmessung des Korpers bedient man
1512 1645 2364 1728 sich zuweilen des Ausdrucks: Nase oder Nasenlänge, um
1556 1704 2364 1783 Die erste Gesichtslänge begreift also das ganze Ge=
1516 1752 2362 1814 sichte des Menschen, welches über der Stirne bey dem
1508 1798 2362 1851 Ursprung der Haare seinen Anfang nimmt. Von diesem
1505 1829 2362 1894 Punkte bis oben an die Mitte des Kopfs ist noch ein
1503 1870 2366 1927 Drittel einer Gesichtslänge, oder welches einerley ist,
1497 1914 2362 1964 eine Höhe, die der Nase gleich ist. Auf diese Art ist in
1497 1942 2362 2008 der ganzen Höhe des Kopfs, von der Mitte des Vorder=
1508 1977 2362 2034 haupts bis unten an das Kinn zu rechnen, eine und ein
1497 2023 2364 2078 Drittel einer Gesichtslange. Von dem Kinn bis zu dem
673 2032 2355 2115 Wenn die Frucht einen Monat alt ist, so ist sie schon Grübchen des Schlusselbeins, welches über der Brust ist,
1501 2084 2358 2152 sind zwey: rittel einer Gesichtslänge, so daß von der
618 2161 2355 2218 per hat seine völlige Zeichnung, die Hüfften und der sichts zweymal enthalten ist, welches den fünften Theil
1499 2202 2358 2259 der ganzen Höhe des Körpers ausmacht. Von dem
1495 2240 2358 2299 Grübchen des Schlüsselbeins bis unter die Brüste zehit
1499 2275 2358 2331 man eine Gesichtslange. Die vierte fängt unter den
662 2312 2351 2375 Nach sechs Wochen ist die Frucht noch länger, die Brüsten an, und endigt sich bey dem Nabel. Die funfte
1499 2388 2353 2441 in zween Theile theilt. Dieses alles macht zusammen
1488 2428 2355 2478 die Helste der Höhe. In der Lange der Schenkel bis
669 2436 2353 2515 Nach zween Monaten ist die Frucht noch länger, zu dem Kaie rechnet man zwo Gesichtslängen. Das Knie
1486 2497 2349 2559 macht eine halbe Gesichtslänge. Von dem Knie bis zu
607 2563 2347 2633 halben Monate erscheinen auch die Nagel an den Fingern sichtslangen. Dieses macht zusammen neun und eine halbe
1488 2613 2351 2664 Gesichtslange. Von dem Obertheil des Fußes bis an
669 2613 2340 2701 So nimmt das Kind immer zu bis in den neunten die Fußsohle ist wieder eine halbe Gesichtslänge, welche
1479 2727 2207 2797 Höhe des Körpers pflegt eingetheilt zu werden.
