2679 3213
1128 445 1760 543 Beylage zum 11ten Stück,
630 550 2279 643 der Königsbergschen gelehrten und politischen Zeitung, 1771.
641 691 1442 772 Die Anzahl der in einem Lande lebenden Menschen
589 759 1442 818 verhält sich zu der Anzahl der Kinder, die jährlich geboh¬
578 796 1440 857 ren werden, gemeiniglich wie 1 zu 26, 27, 28, nachden
589 833 1269 910 die Ehen fruchtbar oder nicht fruchtbar sind.
589 912 1123 968 ner eines Landes wie 175 zu 1000.
665 931 1448 1006 Jn einem wohlbevolkerten Lande kan man unter 50
589 1025 982 1093 sich jährlich verheurathet.
652 1030 1455 1108 Die Anzahl der Verheuratheten in einem Lande ist
589 1091 1446 1167 gleich der Hälfte der in einem Jahre getauften Kinder
650 1123 1453 1180 In einem ganzen Lande kann man nicht mehr als 4
591 1154 1464 1215 Kinder auf eine Ehe rechnen. Jn den Städten rechnet
593 1198 1104 1274 man auf 10 Ehen nur 35 Kinder.
650 1213 1461 1285 Die Männer, die im Stande sind Wassen zu tragen
591 1269 1461 1348 machen in einem ganzen Lande allezeit den vierten Theil
593 1315 927 1383 der Einwohner aus.
652 1322 1459 1396 Die Anzahl der Wittwen verhält sich gemeiniglich zu
598 1376 1461 1435 der Anzahl der Wittwer wie 3 zu 1. Aber die Anzahl der
598 1411 1459 1477 Wittwen, die sich wieder verheurathen, ist zu der Anzah=
606 1455 1464 1533 der Wittwer, die wieder heurathen, wie 100 zu 126 oder
606 1501 792 1553 wie 4 zu 5.
650 1496 1472 1584 Die Anzahl der Wittwer in einem Lande ist zu der
606 1553 1466 1612 Anzahl aller Einwohner, wie 1 zu 51. Die Anzahl der
606 1592 1435 1673 Wittwen hingegen verhält sich zu derselben wie 1 zu 15.
667 1632 1466 1701 Die Anzahl der Wittwer und Wittwen verhält sich
606 1675 1224 1749 zu den Ehen in einem Lande wie 3 zu 7
659 1695 1475 1765 Die Anzaht der Wittwer ist zu der Anzahl der ver¬
613 1745 1468 1795 heuratheten Männer wie 1 zu 10, und die Anzahl der
600 1780 1475 1856 Wittwen ist zu den verheuratheten Weibern wie 3 zu 7.
667 1810 1475 1867 Unter dem ganzen weiblichen Geschlechte in einem
613 1850 1468 1906 Lande gebiehrt jährlich nur die achtzehende. Unter allen
609 1891 1475 1946 Weibspersonen, sowohl verheuratheten als unverheura=
609 1922 1475 1983 theten, welche über 13 Jahre sind, gebiehrt die zwölfte,
604 1963 1239 2020 und unter den verheuratheten die sechste.
672 1985 1475 2057 Die Geburten, welche vor 9 Monaten geschehen,
609 2033 1475 2111 sind gemeiner als diejenigen, welche nach 9 Monaten
613 2085 822 2151 geschehen.
667 2083 1472 2159 In Eengeland wird dasjenige, was ein Mensch
613 2144 1466 2205 jährlich zu seiner nothdürftigen Unterhaltung braucht
617 2177 1479 2251 auf 7 Pfund Sterling gerechnet. Jn Frankreich schätzt
622 2218 1477 2275 man es nur auf 100 Livres. In Deutschland rechnet
609 2249 1472 2308 man ohngefehr 30 Thaler. Da aber diese Berechnung
617 2286 1479 2343 blos die Landleute und die ärmsten Einwohner der Städte
622 2319 1477 2380 betrifft, so hat einer, Nahmens Unger, in einer Schrift,
617 2362 1479 2419 von dem Preiß des Getreydes, sich bemühet, eine Rege
624 2393 1479 2452 ausfündig zu machen, welche auch auf Personen mittlern
624 2430 1488 2489 Standes in mirtelmäßigen Städten anzuwenden wäre.
624 2469 1485 2532 Nach dieser Regel muß man zuerst wissen, wie viel Malter
624 2504 1490 2563 Korn in einem Lande eine Person jährlich zu ihrem Un¬
626 2539 1496 2600 terhalte nöthig hat. Hierauf macht man den Preiß dieses
622 2578 1494 2635 Korns zu Pfenningen, und dividirt die Summe mit
622 2618 1496 2676 64. Der Quotient wird alsdenn so viele Thaler anzeigen
624 2652 1496 2711 als man für den jährlichen Unterhalt einer Person in
626 2692 1501 2757 diesem Lande rechnen muß. Z. E. in den Ländern, wo
1472 681 2338 759 man 2. 1,2 Malter Korn auf die Person rechnet und das
1472 742 2336 790 Malter 3 Thaler 8 gl. gilt, wird die Summe 2400 pf.
1466 777 2338 838 machen: diese mit 64 dividirt, geben 37. 1,2. welche so
1475 814 2338 870 viele Thaler anzeigen, die man zum jährlichen Unterhalt
635 846 2338 949 Die Anzahl der Ehen ist zu der Anzahl der Einwoh= einer Person rechnen muß. Dieser Schriftsteller hat
1475 896 2340 949 seine Regel auch auf die vergangene Jahrhunderte ange=
1481 925 2340 982 wandt, und vermittelst der Vergleichung des Preißes des
591 958 2340 1060 oder 54 Personen nicht mehr als eine Person rechnen, die Getreydes in jenen Zeiten die Rechnung gemacht, daß
1481 997 2340 1060 in Deutschland eine Familie von 5 Personen zu ihrem
1483 1040 2129 1104 jährlichen Unterhalte hätte nöthig gehabt.
1516 1082 1745 1147 im Jahr 1500
1854 1080 2087 1134 5. 5, 8 Thaler.
1848 1121 1957 1167 33. 34
1850 1154 1957 1208 63.3,4
1653 1154 1734 1204 1600
1651 1195 1732 1245 1650
1843 1193 1959 1252 82, 1,4
1834 1226 1970 1289 123. 3,4
1658 1230 1743 1278 1700
1531 1272 2345 1348 Eben dieser Regel hat er sich auch bedient, die Menge
1483 1333 2347 1400 des Geldes zu bestimmen, welches zu verschiedenen
1481 1370 2345 1446 Zeiten in Deutschland gewesen ist. Diesemnach rechnet er
1878 1407 2282 1472 7. 3,7 Millionen Thaler.
1523 1416 1758 1483 im Jahr 1500
1675 1448 1758 1499 1550
1872 1455 1987 1503 45. 9,14
1677 1492 1762 1536 1600
1865 1490 1985 1538 99.5,28
1675 1527 1762 1573 1650
1858 1525 1987 1573 153. 3,14
1680 1566 1760 1610 1700
1852 1562 1970 1614 283.6,7
1686 1597 1830 1647 1750
1850 1599 1970 1645 428.4,7
1549 1603 2354 1680 Die Arbeit von 25 erwachsenen Personen ist hinläng=
1501 1660 2351 1717 lich, hundert andern erwachsenen Personen die Nothdurft
1494 1701 2354 1782 zu verschaffen, die zum Unterhalt des Lebens in unserm
1499 1745 1856 1800 Europa erfordert wird.
1553 1752 2358 1832 Auf einer deutschen Quadratmeile können 3000
1501 1808 1765 1880 Menschen leben.
1555 1819 2356 1896 Funfzig Tage, an welchen die Engeländer jähr¬
1501 1882 2356 1933 lich mehr arbeiten als die Franzosen, weil diese fünfzig
1501 1928 2358 1976 Festage mehr haben, bringen den Engelländern einen
1505 1950 2364 2009 Gewinn von 12 Millionen Pfund Sterling. Wenn man
1505 1991 2364 2046 nun 17 Millionen Seelen in Frankreich und 8 Millionen
1501 2035 2364 2085 in Engelland rechnet, so erhellet, daß der Gewinn, den
1499 2066 2369 2118 die Franzosen durch Abschaffung 50 Festage machen würden
1505 2103 2288 2168 gegen 26 Millionen Pf. Sterling betragen würde.
1555 2127 2362 2190 Ein Pfund Flachs, woraus die feinen Brüßler
1507 2181 2369 2229 Spitzen verfertiget werden, vererbeiten 14 Personen in
1505 2214 2367 2264 einem Jahre, oder eine Person verarbeitet dasselbe in 14
1507 2258 2369 2306 Jahren. Das, was also aus diesen Spitzen gelöset wird,
1514 2284 2362 2340 ist hinreichend, den Unterhalt für eine Person auf 14
1516 2330 2367 2380 Jahre oder für 14 Personen auf ein Jahr zu verschaffen,
1507 2358 2367 2417 dabey auch noch der Handelsmann seinen Vortheil erhält.
1577 2395 2367 2456 Jm Jahre 1600 belief sich der Reichthum von Engel¬
1514 2434 1941 2504 land an gemünztem Silber
1920 2452 2316 2539 auf 6,500,000 Pf. Sterl.
1555 2489 1922 2563 an beweglichen Gütern
1590 2550 1933 2615 die Schiffe und Häuser
1943 2561 2140 2633 Vo 600 00
1588 2591 1891 2635 darunter begriffen,
1950 2620 2138 2668 30, 166,666
1555 2626 1926 2689 an liegenden Gründen
1930 2646 2312 2748 216.23 Million. Pf. St.
