2679 3213
1343 1348 1821 1441 den 1. Februar 1771.
866 1352 1313 1445 9tes Stück. Freytag
825 1430 994 1515 Leipzig.
523 1480 1335 1560 Empfindsame Gedanken bey verschiednen Vorfällen
484 1552 1272 1617 von Peter Pennyleß, aus dem Englischen 1770.
486 1634 2218 1701 auf der Höhe eines mittelmäßigen Wochenschriftschrei= ahmungen des Yoricks, und erinnern sie wohlmeinend
484 1697 1341 1749 bers. Dies ist sein ganzer Rang, den wir ihm zuge¬
486 1732 1341 1790 stehen können. Wenn er nicht die seichte Ambition
486 1753 2161 1831 hätte, dem Yorick nachzuempfinden, so würden wir Kostet in der Kanterschen Buchhandlung 1 fl.
493 1808 1348 1877 seine Laune noch eher angenehm gefunden haben. Aber
488 1860 1345 1914 wenn man durchaus Yorick seyn will, und es doch nicht
493 1894 1337 1957 ist, auch nicht werden kann; so fällt der Credir des V
484 1942 1339 1999 bloß dadurch, daß der Leser unaufhörlich an den un
490 1970 1849 2044 nachahmlichen Yorick denkt, immer seußzen muß: ar mord, nebst der Widerlegung.
493 2025 1348 2085 mer Yorick! was für schlechte Stiefkinder hast du! was
499 2066 1356 2129 für Insekten umflattern deine stille Asche. Sonst findet
488 2194 1345 2252 und etwas von der Gabe, durch eine weite Vorberei¬
488 2218 2231 2294 tung den Leser auf ein Ziel zu führen, welches er nicht nimmt die Vertheidigung des Selbstmörders. Wenn
493 2257 2229 2328 vermuthete. Da der Name Pennyleß eigentlich Oh= nicht alles, was er sagt, seicht, und pöbelhaft wäre,
495 2292 2220 2372 ne Geld heißt: so haben wir das Stück, worinn so wollten wir uns einen Augenblick dabey aufhalten,
488 2341 2226 2417 der V. die Genealogie aller Pennyleße in der Weltund seine Gründe anzuhören. Aber er ist unter aller Cri¬
493 2374 2218 2461 ihre Geschichte beschreibt, wohl mit einigem Zulächeln tik, und der, der ihn widerlegt, ein andächtiger Christ,
488 2467 2235 2550 Rede des Toms an die presbyterianische Versamm= stere scheint mir haben zu wollen, daß man die Selbst¬
495 2502 2229 2582 lung — S. 60. Die Spielsucht der Tante Marga= mörder nicht schlechterdings verdamme. Das wollen
495 2554 2226 2619 rethe, S. 175. die Abhandlung über die verschiedne wir endlich noch zu geben, weil mit solchen Verdam¬¬
493 2589 2231 2671 Arten der Kopfbewegungen, und S. 178. von der mungen nichts gebessert wird, und täglich diel tausend
493 2634 2231 2760 Habsicht sid auch wohl noch der Aufmerksankeit Menchen auf einem weichen Betre, natiurschen do,
1356 1395 2218 1493 werth, und se würden, manchen leren Raum in ei¬
1361 1467 2222 1539 ner deutschen gähnenden Wochenschrift, dergleichen
1361 1510 2218 1573 nun wieder Mode werden, sehr gut ausfüllen. Wir
1361 1545 2218 1606 verbitten nur bey unsern und auch zum Theil bey Eng¬
523 1586 2224 1662 Der V. als Schriftsteller betrachtet, steht ohngefähr lands witzig seynwollenden Köpfen, alle fernere Nach¬
1365 1675 2220 1738 an Gellerts Fabel; die Lerche und die Nachtigall,
1365 1723 2224 1779 Aber wie wenig achtet man auf solche Exinnerungen:
1404 1888 2224 1986 Gedanken eines bekehrten Türken über den Selbste
1406 2012 2226 2111 In irgend einer Stadt hatte sich ein Mann in der
493 2085 2226 2166 man hie und da eine gute Anlage zur Satyre, einige, wohl Kirche erhängt. Die Eiferer verdammten ihn, und
493 2124 2229 2207 alltägliche, doch gutgewandte moralische Sentimens, einer seiner Freunde, unter dem, — ganz, ohne alle
1361 2174 2229 2242 Absicht, angenommenen Namen eines Türken über¬
493 2415 2231 2498 lesen mögen. Ein paar andre Stücke S. 92. Die wie er sich selbst nennt, verdient Mitleiden. Der er¬
