2799 3213
741 824 1595 883 49 sind krank, 19 ausser Landes, und 5 hatten noch
732 857 2471 922 keinen Sitz genommen, weil sie erst neulich gewählt aus Armuth nicht gerichtlich untersuchen könnte. Er
732 898 2476 988 waren. Den 14ten wurden die Spanischen Affairen verwieß sie an einen Juristen, und es fand sich, daß
734 950 1597 1007 (wie wir in unserer vorigen Zeitung bereits gemeldet
734 990 1591 1053 haben) untersucht. Das Unterhaus saß von 9 Uhr,
741 1029 1595 1095 Morgens, bis um 5 Uhr des andern Morgens; und
736 1062 2471 1143 das Oberhaus von 9 Uhr, Morgens, bis 12 Uhr in nig erhalten, sich zu Wiederherstellung seiner Gesund¬
736 1103 2473 1176 der Nacht. Ausser den Punkten, die den Inhalt der heit nach Paris zu begeben; auch glaubt man, daß
734 1154 2478 1226 dem Könige zu übergebenden Addresse ausmachen sol= die Disgrace des Herzogs von Choiseul nicht von lan¬
743 1206 1595 1261 len, sind noch folgende dazu bestimmet, nämlich: "Sr.
741 1283 1790 1342 heget, daß die Maßigung sowol, als die Standhaftig= ken haben.
741 1326 1597 1394 keit, welche Dieselben bey dieser Gelegenheit bewiesen,
743 1359 1591 1429 um andere Mächte von Europa zu bewegen, mit Sr
745 1527 1586 1588 te eines anständigen Friedens genießen zu lassen.
741 1567 1604 1630 „Und endlich Se. Majestät zu versichern, daß Dero
749 1595 2369 1678 getreue Gemeinen bey aller Gelegenheit standhaft blei= ven zu dem Ende dem Großmeister überliefert.
743 1647 1606 1709 ben würden, um Sr. Majestät den eifrigsten und ge¬
1525 1689 1606 1744 Die
745 1689 1495 1761 neigtesten Beystand in der That zu verschaffen."
749 1731 1604 1803 Gegenparthey widersetzte sich diesem Vorschlage und
736 1765 2484 1835 besonders dem ersten Theil wegen der Declaration aufs der Nachricht von dem Tode des Königs von Schwe¬
743 1818 1606 1883 heftigste. Allein, die Antwort des Lords North war
749 1905 1602 1971 gieng. Im Oberhause ward eben eine solche Addresse,
749 1986 2371 2056 beschlossen. Das Oberhaus adjournirte bis auf den nigl. Majestät von Schweden zu überbringen.
749 2023 1597 2091 19ten, und das Unterhaus bis auf den 18ten. Man
749 2067 1602 2133 kann gar nicht beschreiben, mit welchen Zeichen des
752 2117 1597 2178 Mißvergnügens die Anhänger der Oppositionsparthey,
749 2150 1597 2233 gleich nach dem Votiren, das Haus verliessen. Die
743 2185 2484 2266 Admiralität hat Depeschen an die Seeofficiers zu Gi¬ rie bey Verlust ihres Rechts bis den 18ten März renovirt wer¬
752 2275 1604 2342 folg dieser Sache im Parlement Nachricht zu ertheilen.
752 2362 2248 2425 den, und unsere ausgerüstete Flotte besteht in folgenden ten, um billigen Preis bey ihm zu haben find.
747 2399 1604 2462 Schiffen:5 von 90 Kanonen; 1 von 84; 1 von 80;
745 2441 1606 2504 21 von 74; 6 von 70; 11 von 64; 9 von 60; in al=
754 2480 1613 2556 len 54. Ausser diesen sind noch 12 bis 15 Schiffe von
752 2524 1602 2587 50 und 40 Kanonen, und noch viele Fregatten, Scha=
747 2578 1099 2639 luppen und Cutters.
793 2591 1604 2672 Den 10ten hielte der König ein Capitel des Ritter¬
752 2650 1604 2718 ordens vom blauen Bande zu St. James, und der
756 2698 1615 2764 Graf von Gøwer erhielt das durch den Tod des Her¬
758 2740 1613 2808 zogs von Bedford erledigte Band, und ward in den
754 2775 1613 2845 Orden aufgenommen. Den Seeleuten wird nunmeh
741 2819 1619 2906 ro kein Handgeld mehr gegeben; auch haben die sonn=
728 618 2476 728 Linie und einigen Fregatten bestehen. Die Admirals täglichen Arbeiten auf den Schifswerften aufgehöret.
736 695 2476 754 Harland und Rodney sollen dieselbe commandiren. Eine arme Frau sprach neulich einen jungen Menschen
736 730 2473 802 In dem Unterhause waren bey der letzten Versamm= auf der Gasse um Allmosen an, und erzählte ihm, daß
734 773 2476 841 lung 474 Glieder gegenwärtig, 11 waren abwesend, einer ihrer Anverwandten gestorben, und ihr eine an¬
1623 811 2476 870 sehnliche Erbschaft hinterlassen hätte, daß sie es aber
1621 946 2078 1012 sie Erbin von 10000 L. war.
1779 953 2292 1031 Versailles, vom 19. Febr.
1652 1003 2478 1082 Der Herzog von Praslin hat die Erlaubniß vom Kö¬
1615 1189 2484 1245 ger Dauer seyn werde. Ersterer soll diese Erlaubniß
743 1228 2473 1296 Majestät die Hoffnung zu bezeugen, welche das Haus seinem Freund, dem Herzog von Nievernos, zu dan¬
1811 1285 2286 1366 Neapolis, vom 5. Febr.
1652 1331 2484 1403 Von Maltha hat man, daß daselbst eine Saique
745 1387 2484 1466 Majestät zur Aufrechthaltung der allgemeinen Ruhe mit Griechischer Equipage angekommen sey, welche der
749 1431 2482 1508 einzustimmen, zu einem Mittel dienen würde, dem Graf von Orlow mit 86 Sclaven von Algier und Sa¬
743 1481 2487 1551 Könige und dessen Unterthanen die beständigen Früch= lee, von Paros abgesandt um sie gegen so viel Chri¬
1623 1514 2478 1578 stensclaven in der Barbarey auszuwechseln. Der Rus¬
1630 1558 2484 1621 sische Minister, Herr von Cavalcabo, hat besagte Scla¬
1761 1639 2355 1693 Coppenhagen, vom 22. Febr.
1665 1652 2482 1731 Nachdem der Schwedische Kammerherr Oernschöldt
1628 1726 2484 1774 und der Schwedische Cabinets=Courier Hallen, mit
1628 1816 2480 1868 den, an die Königl. Schwedischen Prinzen nach Pa¬
741 1849 2493 1934 so bundig und überzeugend, daß der Vorschlag durch= ris hier durchgegangen waren, so ist nun auch der
1628 1890 2484 1938 Schwedische Generallieutenant, Baron Scheffer, da¬
747 1927 2487 2010 die fast wörtlich mit der im Unterhause übereinstimmt, hin gefolgt, um die Huldigungsacte an Sr. itzigen Kö¬
1873 2030 2202 2106 AVERTISSEMENT
1641 2069 2487 2133 Der Lotterie=Einnehner Herz Levi wohnhaft in der Kneiphö¬
1617 2126 2482 2170 sischen Langgasse im Müllerschen Hinterhause, zeiget an daß die
1621 2152 2484 2198 Looße zur 5ten und letzten Classe der 4ten Berliner Classenlotte¬
1621 2209 2482 2253 den mussen; auch sind noch bey ihm zu haben Ganze, Halbe,
749 2237 2487 2303 braltar und Port=Mahon abgesendet, ihnen von dem Er= Viertel=Kauf= und Miethslooße, das Kauf=Looß zu 34 fl. das
1628 2268 2491 2307 Miethlooß zu 18 fl. Courank; auch zeiget er an, daß er alle Ar¬
1628 2292 2484 2336 ten von Jouwelen kauft und verkauft, und daß gefaßte Ringe,
758 2316 2487 2386 Bis zu Ende dieses Monats wird noch gepresset wer= Ohrroßen, und Halsstücke, sowohl von Rosen=Stein, als Brillian¬
1888 2384 2218 2460 Einpaßirte Fremde,
1816 2438 2296 2511 vom 7ten bis 8ten März.
1665 2480 2487 2548 Herr Capitain von Herzberg, und Herr Lieutenant
1623 2526 2489 2578 von Hirsch, kommen aus Bartenstein, log. bey Schenck
1626 2574 2491 2637 in der Junkergasse. Herr Toussaint, Kaufmann kommt
1623 2615 2495 2677 von Berlin, und Herr Garkowitz, Kaufmann, kommt
1630 2661 2312 2731 von Libau, log. bey Remus im Kneiphof.
1632 2707 2500 2810 Diese Gelehrte und Politische Zeitung wird des Montag
1680 2777 2445 2843 und des Freytags Vormittags um 10 Uhr in dem
1785 2819 2345 2897 Kanterschen Buchladen ausgegeben.
