2679 3213
493 542 1361 603 von Heß, durch den Reichsrath Grafen von Scheffer,
495 597 1356 658 eine goldene sehr reich mit Brillanten besetzte Taba¬
499 762 779 833 händigen lassen.
671 777 1194 848 Donaustrom, vom 6. Jan.
536 835 1354 892 Briefe von Constantinopel bekräftigen, daß die
497 1011 1343 1061 garn wieder nach Polen zu gelangen. Zu Venedig
493 1050 1341 1098 will man aus der Levante die Nachricht haben, das
488 1089 1343 1141 die Russen die Insel und die Forteresse Lemnos wieder
488 1209 1452 1269 nach Belgrad gesendet. Die Stelle eines Großveziers sind.
493 1254 1352 1304 hat der Pascha von Bosnien erhalten. Diesen Mann
488 1300 1350 1350 hält man für einen unternehmenden, klugen und in der
488 1497 1343 1556 Gouvernement von Bosnien hat der Pascha von Bel¬
486 1543 1337 1593 grad bekommen. Der Achmet Effendi, welcher von
493 1586 1328 1638 den Russen zum Kriegsgefangenen gemacht worden
486 1623 1332 1673 aber seine Freyheit erhalten, und vor drey Monaten
484 1669 1335 1719 zu Constantinopel zurückgekommen, ist zum Statthal=
484 1753 2203 1803 Subjecta sind schon nach ihren Posten abgereiset. Die Admiral Elphinston nach Petersburg rappelliret, und
486 1792 2203 1840 Rußische Escadre soll bey dem Eiland Patros überwin= der Contreadmiral Arf mit seiner Escadre nach dem
484 1831 1332 1881 tern, bis auf 2 Schiffe von der Linie und fünf Fregat=
477 1875 2203 1942 ten, welche an dem Eilande von Lemnos und Imbres vorno hat die Commißion die Rußische Prisen zu
480 1912 1519 1962 hin und wieder kreuzen. In der Stückgießerey zu verkaufen.
486 1957 1332 2005 Constantinopel ist man unter Aufsicht des Ritter Totts
477 1999 1335 2053 beschäftiget, 1500 sowohl großer als kleiner Kanonen
477 2075 998 2153 Gießerey in Dienste genommen.
640 2118 1180 2192 Ober=Rhein, vom 10. Jan,
510 2159 1328 2235 Die Anzahl der Findelkinder zu Paris im verflosse
471 2220 1039 2296 nen Jahre, belauft sich auf 6918.
686 2270 1128 2328 Ancona, vom 28. Dec.
471 2413 2200 2465 ros, Thasa, Samondrachi und Porto=Cavollo im nie und 5 Fregatten aber von Zeit zu Zeit vor den In¬
473 2454 2200 2509 Besitze, so, daß sie in diesen Meeren wieder Meister seln Lemnos und Imbros sich sehen lassen, und hin und
477 2543 2192 2600 Spiritow ist mit einigen Kriegsschiffen noch wirklich einer Algierischen Escadre von einer Fregatte und 3 Sche
473 2574 1328 2626 in den dasigen Gewassern, und wird auch den Winter
471 2619 2200 2669 über daselbst verbleiben; hingegen ist der Admiral El= zutreffen. An das Auslaufen einer Ottomannischen
477 2704 608 2775 worden.
1619 525 2007 608 Mez, vom 28. Dec.
1406 584 2229 649 Man versichert, daß der Herzog von Broglio zum
495 638 2231 688 tiere, als ein Geschenk, mit der allergnädigsten Er= Generalißimus der Französischen Truppen ernannt
495 679 2231 731 klärung, daß er solche als eine Marque der Distinction worden. Der Graf von St. Germain, der sich ge¬
488 729 2233 799 und vorzüglichen Königl. Gnade ansehen möchte, ein= genwärtig in der Franche Comte aufhält, wird gleich¬
1367 766 1973 833 falls einen der ersten Posten erhalten.
1573 801 2025 861 Neapel, vom 27. Dec.
1413 825 2235 894 Den 22sten hatten wir ein überaus heftiges Don=
499 881 2229 937 Chefs der Barer Conföderirten, in Gesellschaft eines nerwetter, wobey das Meer so ungestüm war, daß
499 931 2224 976 Französischen Herrn, mit Namen von Valeroissant, die Wellen in der sogenannten neuen Gasse bis an die
495 970 2229 1024 die Türkischen Lande verlassen haben, um durch Un= ersten Stockwerke der Häuser schlugen. Dabey tobte
1358 1011 2216 1061 ein heftiger Sturm, der die größten Bäume aus der
1365 1048 2218 1105 Erde gerissen, und an Gärten und Gebäuden vielen
1365 1089 2216 1148 Schaden verursachet hat. Der Platzregen, der zu¬
493 1135 2216 1180 erobert hätten. Der Großsultan hat den Großvezier, gleich siel, hat die benachbarten Felder so überschwem¬
493 1176 2218 1230 Hallil Pascha, abgesetzt, und in der Würde als Pascha met, daß viele Menschen und Vieh umgekommen
1526 1233 2062 1313 Aus Italien, vom 6. Januar.
1406 1276 2213 1350 Der Graf von Orlow hat seine Quarantaine geen
495 1345 2218 1391 Kriegskunst erfahrnen Feldherrn, der bey dem Sultan diget. Er wird entweder zu Livorno oder Pisa bleiben,
488 1380 2216 1432 in großem Ansehen stehet, weil er Zeit seines Aufent= um die Rußische Flotte mit allem Nöthigen zu versehen.
493 1426 2216 1476 halts in Bosnien, durch seine Klugheit und Wachsam= An letztem Orte hat gedachter Graf bereits dem Groß¬
493 1467 2209 1515 keit die Montenegriner im Zaum gehalten hat. Das herzoge vor Toscana die Cour gemacht, der ihn mit be¬
1365 1508 2213 1556 sonderer Distinction empfangen. Der Ritter Man,
1358 1549 2209 1601 Gesandter des Englischen Hofes, hat ihn dahin beglei¬
1358 1588 2213 1641 tet. In Livorno verbat er sich alle Ehrenbezeugungen,
1352 1636 2218 1675 und trat bey dem Englischen Consul ab. Die Staats=
1354 1671 2216 1719 liverey, welche dieser Herr giebt, ist Scharlach mit gol
488 1716 2207 1760 ter des Großveziers bestellet worden. Alle diese vier denen Galonen. Das Gerücht ist allgemein, daß der
1350 1829 2207 1888 Archipelago gesegelt sey. Herr Rutterfurth in Li¬
1486 1940 2066 2007 Constantinopel, vom 3. Dec.
1391 1996 2216 2051 Es ist in keinem Stücke so richtig, als man gedacht
486 2044 2209 2090 zu gießen, weswegen man einige Ausländer in der und ausgestreuet hatte, daß die Russen nicht allein den
1345 2083 2203 2140 Hellespont, sondern auch den Archipelag, verlassen hät¬
1348 2131 2207 2192 ten, und keine bequeme Häfen zur Ueberwinterung fin¬
1343 2170 2209 2220 den könnten. Denn mit verschiedenen Schiffern, die
1345 2209 2207 2257 seit einiger Zeit aus verschiedenen Häfen der Levante
1350 2250 2209 2298 hier angekommen sind, vernimmt man: "Daß beynahe
1345 2289 2203 2337 die ganze Rußische Flotte gegenwärtig in dem Hafen
523 2313 2207 2383 Obgleich die Russen die Insel Lemnos wieder ver= der Insel Paros liegt, und, wie es scheint, daselbst
473 2348 2203 2424 lassen müssen, so haben sie doch noch die Inseln Pa= überwintern soll, zwey von ihren Schiffen von der Li¬
480 2496 2203 2550 seyn können, sobald als sie nur wollen. Der Admiral wieder kreuzen." Gleichwol ist es, wie man versichert,
1350 2580 2200 2628 becken geglückt, wohlbehalten in den Dardanellen ein=
473 2665 2200 2715 phingston, wie man sagt, nach Petersburg abgerufen Escadre ist noch so bald nicht zu gedenken. Unerdessen
1350 2704 2209 2782 haben die Russen von verschiedenen Jnsel des Archipe=
