2799 3213
646 554 1511 646 so wohl beobachtet, pflegt auch desto reifer zu denken,
643 637 1511 680 Das finden wir aber an dem V. nicht. Denn um nur
652 676 1511 724 eins zu sagen, finden wir nicht ohne Erstaunen, daß
650 711 1509 767 er die ganze Lehre von der dritten Person in der Gott¬
650 759 1506 813 heit ausgelassen hat. Wir wollen seine Absicht dabey
648 870 1511 937 sen, daß Christus Gott heiße, den, aus 1 Joh. 5,20.
652 1006 1511 1059 Gott und seinen Eigenschaften, imgleichen vom Sün
650 1037 1513 1100 denfall, und die Sittenlehre hat der V. ziemlich gut
652 1119 976 1193 der. Kostet 24 gr.
859 1411 1313 1493 Berlin, vom 2. März.
685 1472 1511 1541 Bey dem Seelhorstschen Cüraßierregimente, ist der
652 1504 1519 1585 Lieutenant, Herr von Schiebelstein, zum Staabsritt¬
659 1611 1509 1661 Königl. Hoheit, der Prinz Heinrich, an Ihro Maje
656 1661 1511 1709 stät, die Königin, und an das hiesige Königl. Haus,
652 1730 1128 1806 schlechts, ein großes Soupee.
826 1776 1350 1848 Petersburg, vom 8. Febr.
698 1832 1511 1891 Ihro Majestät, die Kaiserin, haben Sr. Excellenz,
656 1878 1509 1932 dem Staatsminister, Herrn von Saldern, zu Dero
659 1922 1509 1974 Abreise nach Warschau, ein Geschenk von 20000 Ru¬
650 1961 1511 2015 beln zu machen, geruhet; so wie Höchstdieselben 40000
659 2006 1504 2078 Rubein zum jährlichen Apointement dieses Minister
656 2045 948 2119 bestimmt haben.
839 2082 1319 2163 Wien, vom 16. Februar.
689 2124 1513 2204 Alle Stabsofficiers, die sich noch hier befanden, sind
654 2178 1509 2241 nun, zur Befolgung des an sie gelangten Befehls, zu
659 2239 1504 2282 ihren Regimentern abgegangen. Zwanzig Schneider
652 2276 1504 2324 arbeiten an der Feld=Equipage und an den Zelten für
652 2319 1504 2363 Se. Majestät, den Kaiser, und Dero Gefolge; und
665 2406 2352 2482 schaften werden täglich aus Italien erwartet. Alle den Ragusanern geschehen, für ihre Feinde erkläret.
656 2443 1509 2495 Kaiserl. Cüraßier- und Carabinier=Regimenter wer¬
656 2485 1502 2532 den gegenwärtig in allen Exercitien und Evolutionen
656 2528 1509 2574 des Fußvolks unterrichtet; und sind beregte Regimen¬
656 2654 1496 2702 den. Es sind auch seit kurzem, wie man von Brünn
656 2698 1502 2765 in Mähren vernimmt, von dem dortigen Schlosse
659 2743 1400 2815 Spielberg viele Rüstwagen abgeführet worden.
1806 556 2122 656 Brandenburg.
1572 622 2389 728 Zwote Sammlung der besten geistlichen Lieder neuer
1528 696 2235 770 Dichter von S. F. Schulze Pred. zu Sido.
1569 750 2382 813 Die mehresten dieser Lieder sind gut gewählt, und
652 804 2385 856 nicht errathen, bitten ihn aber, künftig bey ähnlichen der V. hat solche, die zu leicht oder zu schwer waren,
652 830 2391 893 Arbeiten noch weniger zu eilen, auch bey den Bewei= und nicht nach bekannten Melodien gesungen werden
1537 883 2389 933 konnten, weggelassen. Ein Urtheil über Klopstock
656 922 2389 980 nicht mehr auszulassen, da wohl wider ihn nichts er=, Lieder, daß sie mehr für den Tempel zu Jerusalem,
659 961 2391 1019 hebliches eingewandt werden kann. Die Lehren von als für unsere Kirchen sind, und Klopstock sich oft zu
1535 1017 2391 1059 sehr verstiegen hat, können wir nicht ganz misbilligen,
1539 1059 2385 1102 aber wir würden bey sorgfältigem Suchen doch noch
648 1085 2391 1176 gefaßt; doch mehr für erwachsne Leute, als für Kin- mehrere gute Lieder aus neueren Dichtern zusammen¬
1537 1139 2393 1191 gebracht haben. Aber Herrn S. Geschmack ist nicht
1543 1183 2391 1233 ganz der unsrige, daher wir ihm die Gründe zur Aus¬
1535 1219 2391 1269 wahl seiner Lieder nicht durch Critik schmalern wollen.
1535 1259 2398 1326 Die meisten sind aus Gellert, Kramer, Schlegel,
1528 1298 1952 1374 Neander. Kostet 15 gr.
1735 1422 2185 1509 Venedig, vom 7. Febr.
1567 1467 2389 1546 Wir haben Briefe von Constantinopel und Corfu,
1539 1522 2391 1589 welche obwohl mit von einander abweichenden Umstän=
652 1576 2391 1628 meister avancirt. Gestern des Abends, gaben Se. den einer im Archipel zwischen den Russen und Türken
1535 1619 2393 1676 vorgefallnen Affaire Meldung thun. Eine türkische
1532 1650 2391 1719 Escadre, unter Commando des Giaffer Bey, 3 Cara¬
650 1700 2391 1763 wie auch verschiedene Standespersonen beyderley Ge= vellen und 5 bis 6 Dulcignotischen Schiffen stark, soll
1537 1746 2391 1804 bey Cap Giannizzari 3 Fregatten und einige Fahrzeu¬
1537 1791 2389 1832 ge, theils Rußische, theils unter Rußischer Flagge an¬
1535 1832 2391 1898 getroffen, und sich mit selbigen geschlagen haben. Die
1537 1859 2393 1926 Russen hätten 2 Caravellen erobert, worunter des
1535 1913 2382 1963 Giaffer Bey seine, den sie gefangen bekommen; die
1537 1941 2391 2002 Dulcignottischen Schiffe waren theils verbrannt, theils
1537 1996 2389 2041 versenkt. Ungeachtet diese Nachricht von glaubwurdi¬
1537 2039 2389 2089 gen Leuten herkömmt, so leidet sie doch einigen Zwei¬
1537 2082 2398 2135 fel, indem die Sache bereits vorigen November vorge¬
1539 2122 2389 2169 fallen seyn soll, daher wir sie wohl etwas früher hätten
1535 2165 2389 2217 haben müssen, ungeachtet das Meer seit einiger Zeit
1537 2206 2385 2282 wegen der starken Stürme wenig befahren und sehr
1537 2239 1719 2304 unsicher ist.
1728 2256 2193 2343 Genua, vom 6. Februar.
1565 2302 2385 2380 Ihre Rußischkaiserl. Majestät, haben nunmehro
656 2369 2382 2437 die nöthigen Maulthiere zum Transport dieser Geräth- auch die Algierer, so wie es schon bekanntermaßen mit
1713 2443 2206 2509 Stockholm, vom 13. Febr.
1569 2469 2382 2543 Gestern, als den 12ten dieses, ohngefähr um halb
1535 2519 2380 2582 9 Uhr Abends, wurden der Hof und das ganze Land,
659 2574 2385 2632 ter sowohl als die Dragoner, kürzlich mit einer großen durch das plötzlich erfolgte Absterben unsers Allergnä¬
652 2613 2385 2672 Anzahl Remonta=Pferde aus Böhmen versehen wor= digsten Königs, in die tiefste und schmerzhafteste Trauer
1535 2658 2385 2713 versetzet. Se. Majestat hatten sich den ganzen Tag
1535 2702 2391 2748 über sehr wohl befunden, und besonders aufgeräumt
1522 2748 2385 2815 zu seyn geschienen, wurden aber auf einmal als wie
2315 2789 2398 2845 vom
