2679 3213
856 1353 1812 1437 11tes Stück. Freytag, den 8. Februar 1771.
774 1435 1024 1528 Heilbronn.
519 1504 1317 1580 Allgemeine Geschichte der bekannten Staaten, 10 Th
476 1562 1261 1623 oder die Geschichte der Deutschen. Erster Band.
474 1683 2198 1765 Aufmerksamkeit an sich, da es sich eigentlich auf Deutsch= lich, als wir es gewünscht haben. Vom zwoten Punkt
474 1724 2194 1799 land zu beziehen anfangt. Man weiß, mit wie viel empfehlen wir die Zeichnung des Charakters Ludwigs
472 1761 2192 1843 Dunkelheit die deutsche Geschichte bearbeitet ist, und des Frommen. Man hat diesen wahrhaftig rechtschaft
476 1802 2189 1881 der Recensent glaubt zuverlaßig, daß die Ursache, wo= nen Prinzen immer verkannt, und sein gutes Herr
476 1965 2189 2045 in den Compendien meist nur chronologisch berührt, der ersten Größe bey einem schlechten Herzen sehen
472 2008 2196 2097 und ohne Charakter der Helden derselben, ohne prag= Kostet in der Kanterschen Buchhandlung 4 fl.
474 2060 1672 2136 matische Anmerkungen erzählt wird. Hier wird man alle 10 Theile 40 fl.
472 2114 1334 2170 diesen Mangel ersetzt finden. Der V. geht bis auf die
481 2151 1323 2213 erste Quelle und Triebfedern der Geschichte zurück
476 2196 1325 2243 Er analysirt den Charakter der Deutschen überhaupt,
481 2237 1330 2289 bis auf die Stiftung der Fränkischen Monarchie. So¬
481 2276 1330 2330 dann theilt er die Geschichte dieses Theils in vier Pe¬
474 2314 1323 2377 rioden, deren letzte von der Regierung der Fränkischen
481 2355 1330 2414 Kaiser von Conrad des 2ten an bis auf Heinrich den
487 2401 1332 2463 5ten geht. Der V. bemüht sich, so wohl gewisse strei¬
481 2541 2196 2616 Was den ersten Punkt betrift, geben wir zum Beispiel erbärmlich übersetzt wird. Seine Briefe mögen alse
478 2582 2192 2655 an S. 382, wo er seine Meinung von der in der drit- wohl im Original nicht die schlechtesten seyn; ob wir
478 2648 1334 2724 ten Periode angefangnen Gewalt der deutschen Her=
1336 1416 2198 1506 zoge, wider Gundling, und Ludwig sagt. Diese
1351 1474 2198 1545 schränkten die Königl. Gewalt zu sehr ein, und behaupte=
1340 1519 2194 1584 ten, daß der Ursprung der Landeshoheit der Herzoge
1343 1558 2194 1618 in diesem Periode zu setzen sey; und jener erweiterte
517 1599 2194 1674 Dies Werk, dessen ersten Bände das Publikum mit die Königl. Gewalt zum Nachtheil der Herzoge. Der
474 1638 2205 1707 Geifall aufgenommen hat, zieht jetzt noch mehr unsre V. wählt die Mittelstraße, und wir finden ihn so gründ¬
481 1840 2194 1924 her die meiste junge Leute so wenig von den altesten übersehen, weil es keinen glänzenden Verstand zum
483 1892 2200 1963 Staatsbegebenheiten ihres Vaterlandes unterrichtet Gesellschafter hatte. Aber wie gerne wollen wir zu
483 1929 2200 2006 sind, bloß daher rühre, weil die Geschichte derselben unsern Zeiten lauter gute Prinzen und wenig Geister
1653 2207 1879 2297 Augspurg.
1379 2256 2192 2338 Ergötzende und moralische Briefe über die Sitten
1347 2323 1939 2394 unsrer Zeit, 4 Theile von Caraccioli.
1379 2364 2200 2446 Als wir nur das Wort Augspurg auf dem Titel sae
476 2418 2202 2491 tige historische Punkte aufzuhellen, als auch dem bis- hen, konnten wir uns schon auf eine neue wunderschö¬
487 2461 2196 2545 her unrecht beurtheilten Charakter mancher Könige ne Uebersetzung bereit halten. Der Marquis sollte
483 2498 2196 2577 und Kaiser mehr Gerechtigkeit widerfahren zu lassen, bloß deshalb aushören zu schreiben, weil er allemal so
1355 2620 2200 2717 sie gleich an Realitäten und Ausführlichkeit guter Ge¬
2088 2664 2207 2730 danken
