2799 3213
655 532 1291 618 Benennungen, 8, Nürnb. 770 4 fl.
1354 523 1517 610 Winkleri
664 577 2402 660 Beweiß, daß der gegenwärtigen sichtbaren Welt am de france par M. Rossel, Tome IV. V. & VIme gr. Z,
671 636 1526 699 jüngsten Tage keine gänzliche Vernichtung, sondern
671 675 1526 740 nur eine zufällige Verwandlung bevorstehe, 8. Weim.
937 720 1523 777 Zimmermanns Reise nach Ost= und
703 727 896 781 71, 24 gr.
1330 764 1526 816 les Amours
679 757 1263 818 West=Jndien, 8. Hamb. 771, 9 gr.
671 790 2407 855 d'Ismene & d'Ismenias, 8, à la Haye, 1 fl 15 gr. à uue Princesse d'Allemagne sur divers sujets de
675 842 1530 911 les Amours de Carite &. Polydore, 12, à Paris 1 fl.
840 875 1810 950 Amusement des compagnies, ou nouveau tau 770, 6 fl.
671 896 781 955 9 gr.
671 924 1528 992 recueil de chansons choisis II. Tomes, à la Haye 8 fl.
675 966 1530 1022 Apologie d'un franc-maçon contre ses detracteurs, 8
671 1018 1534 1065 à Lond. 24 gr. l'Art de peindre poëme avec des
675 1033 2417 1115 reflexions sur les differentes parties de la peinture d'Alexis Piron 11 Tomes, gr. 12. à Amsterd. 4 fl.
684 1092 1541 1163 par Mr. Wattelet. avec fig. gr. 12. à Amsterd, 4 fl.
684 1133 1541 1196 Ariste, ou les charmes de l'honneteté, par le Sr. de
684 1180 1213 1239 St. Brisson, gr. 12. à Paris 1 fl.
677 1215 1545 1287 Chevalier de Rosecroix, gr. 8, Lond. 770, 15 gr.
684 1256 1547 1319 Avis charitables à Mr. le Docteur Barth Professeur à
686 1293 2424 1363 Erfort 8 Berl. 770, 6 gr. le Bacha de Bude, gr. 8. lantes, critiques, latines & françoises, 2 Parties 8,
684 1343 1827 1397 à Yverd. 24 gr. Bibliotheque des Dames, conte- à Lond. 3 fl.
677 1365 2424 1443 nant des regles generales pour leur couduite dans & la reconnoissance, histoire angloise, par l'auteur
688 1421 1549 1489 toutes les circonstances de la vie par M. le Chevalier
1326 1465 1552 1521 du Bonheur,
686 1469 1276 1545 R. Steele 3 Tomes 8. à Amst. 9 fl.
694 1506 2177 1575 par M. Deserres de la Tour gr. 8, à Lond. 2 fl. 15 gr. des corps 2 Parties 8, Lond. 3 fl.
694 1549 1549 1625 Beverley, tragédie vourgeoise, imité de l'anglois.
694 1593 1276 1664 par M. Saurin 8, à Francf. 15gr.
690 1634 1554 1701 ou le triomphe des loix, tragedie, gr. 8. à Vienne,
859 1675 1552 1727 Fayel, tragedie, par M. d'Arnaud, gr. 8.
690 1690 827 1747 1 fl.
692 1712 1547 1788 Yverd 770, 1 fl. Encyclopedie, ou Dictionnaire
699 1756 1556 1829 universel raisonné des connoissances humaines, mis en
694 1782 2439 1862 ordre par M. de Felice, T. I. gr. 4. Yverd. 770, 12 fl. leurs pieces fugitives du Tems Tome II. 8, Erlang
699 1840 1556 1910 Eucyciopedie œeconomique, ou systéme général d'œeco-
701 1879 1558 1955 nomie rustique d'œconomie domestique, & d'œcono-
701 1923 1558 1992 mie politique, 3 Tomes, gr. 8. Yverd. 770, 9 fl.
699 1944 2430 2031 Essai sur les Dogmes de la Metempsychore & du Nicolas Klimius dans le monde louterrain, conte-
699 1999 2439 2068 Purgatoire, enseignes par les Bramins de l'Indostan, nant une nouvelle theorie de la terre & l'histoire
1122 2046 1556 2107 Essai fur l'homme, poëie
705 2062 1089 2129 8, Berne 771, 2 fl.
714 2092 1560 2168 philosophique, par Pope, en cinqlangues savoir, an-
707 2127 1558 2203 glois, latiu, italien, françois & allemand. gr. 8,
703 2187 948 2248 Strasb. 3 fl.
703 2213 1565 2285 les paysans cultivateurs de leurs propres terres, tra¬
703 2242 2446 2324 duit de l'italien par M. Vignoli, gr. 8. Laus. 770, 1 fl. Dresda di G. Casanovia 4; in Lipsia 770, 27 gr.
707 2278 2443 2363 le Genie de la langue, extrait du dictionnaire de Lettre scritte al principe reale di Suezia dal conte
714 2322 2450 2407 l'acadeniie françoise, 2 Tomes, 8. à Austerd. 6 fl. di Tessin, ajo del medesimo principe, 2 Part. 8 maj.
714 2374 1575 2454 Histoire de l'esprit & du cœur par Mr. le Marquis
714 2426 1573 2496 d'Argens & par Mselle Cochois, gr. 12. à la Haye
718 2461 1575 2535 2 fl. 15 gr. Histoire des diables modernes par le
710 2515 1580 2574 feu M. Adolphus, juifanglois, 8, Cleve 771. 1 fl. 15 gr.
714 2545 1582 2615 Histoire du cœur par Mdsle de Milly, 8, à Londr.
723 2589 1575 2658 21 gr.  Histoire de Miss Indiana Danby, trad. de
1207 2634 1578 2697 Histoire du Tom Jones
710 2641 1185 2708 l'anglois 8, a Lond. 2 fl.
725 2669 1582 2741 ou l'enfant trouvé, traduction de l'anglois de Mr.
716 2717 1584 2793 Fielding IV Tomes gr. 12. à Lond. 7 fl. 15 gr.
1549 495 2400 597 Histoire du Patriotifime françois, ou nouvelle histoire
1790 618 2407 671 les Jeux de la fortune, gr. 12, à Amst.
1584 631 1734 692 70, 7 fl.
1838 662 2402 727 Lettres d'un officier hanovrien à
1556 675 1762 733 1 fl. 15 gr.
2270 701 2404 753 Lettres
1545 701 2198 757 son ami a la Haye, 8, a Hanov. 9 gr.
1552 742 2409 794 de la marquise de Villars 12, à Francf. 1 fl. Lettres
1556 822 2409 903 Physique & de Philosophie, 2 Tomes, gr. 8, Mie-
1890 866 2413 920 Maladies des enfans, traduit de
1560 909 2415 970 l'anglois du Docteur Cooke gr. 8. Yverd. 770, 15 gr.
1558 953 2417 1016 Memoires de Henri Charles de la Tremoille prince
1558 992 2424 1052 de Tarente gr. 12. à Liege 3 fl. 15 gr. Oeuvres
1560 1087 2424 1135 la nouvelle Pamela, ou les veritables memoires de
2025 1118 2424 1172 le Philosophe ignorant
1565 1126 1953 1185 Maria, 8, à Lond. 3 fl.
1970 1159 2424 1217 la veritable Politique des
1313 1167 1879 1235 Art royal du gr. 8. 1 fl. 15 gr.
1575 1200 2424 1265 personnes de qualité, en françois & en italien 12, à
1853 1239 2422 1293 Recueil de nouvelles Poesies ga¬
1573 1254 1821 1302 Strasb. 1 fl.
1877 1324 2422 1380 Sidney & Silli, ou la Bienfaisance
2127 1406 2426 1463 le Sisteme des an¬
1575 1417 2051 1473 de Fanny, 8, à Leips. 24 gr.
1582 1450 2437 1506 ciens & des modernes sur l'Etat des ames separées
2231 1491 2428 1545 Systeme de
1573 1534 2430 1617 Philosophie morale, de Hutcheson, traduit de l'anglois
1328 1575 2287 1636 Charlemagne, 2 Tomes gr. 12, Lyon 770, 7 fl. 15 gr.
1584 1610 2439 1671 Theriacade ou l'orvietan de Leodon, poeme heroi
1584 1654 2433 1714 comique 2 tomes gr. 12. Francf. 769, 4 fl. Traité
1580 1699 2435 1760 des causes physiques & morales du rire, 8, à Franef.
1766 1740 2430 1801 Variétés litteraires, ou recueil des meil-
1582 1751 1669 1810 1 fl.
1992 1827 2435 1888 les Vies des poëtes grecs,
1604 1834 1888 1892 170. 2 fl. 15 gr.
1582 1866 2433 1923 en abregé par M. le Fevre avec les remarques de
1582 1914 2439 1966 M. Reland 8, à Basle 1 fl 9 gr. Voyages de
1580 2042 2433 2096 d'une 5e. monarchie inconnuë jusqu'ici trad. du latiu
1584 2072 2443 2148 8. à Copenh. 2 fl. Zambeddin, histoire orientale,
2194 2114 2441 2168 Discorso sopra
1584 2124 2094 2183 gr. 12, à Amst. 1 fl. 24 gr.
976 2166 2441 2233 la Félicité publique considerée dans Gl'Antichi e vari monumenti loro per uso deg
1586 2198 2446 2261 l'alunni dell Electorall' Academia delle bell arti di
1853 2372 2450 2424 Poesie del Abare Pietro Metastasio
1597 2380 1825 2435 Berna 8 fl.
1604 2417 2452 2478 giusta le correzioni del Autore coll'aggiunta della
1597 2454 2443 2509 Nitteti & del Sogno, 9 Tomi in Torino 757, 21 fl.
1606 2491 2446 2554 Othello the moor of Venice à tragedy written by
1604 2528 2450 2600 Mr. W. Skakespear, gr. 8. Gœtting. 766. The
1597 2582 2454 2634 Seasons by James Thomson, 8. Lond. 2 fl. the
1608 2611 2459 2682 best Tragedie's and Comedies selected from the
1612 2658 2463 2756 Works ot Addisson, Rowe, Thomson IV. Vol. 8,
1606 2710 1827 2782 Lond. 24 fl.
