2799 3213
738 561 1267 658 Berlin, vom 29. Decemben.
577 684 1424 742 Premierlieutenant, Herr von Uchteritz, zum Staabs=
572 731 1431 783 capitain avancirt. Ihro Königl. Hoheit, die verwitt¬
572 777 1433 817 wete Prinzeßin von Preussen, haben den Kammerherrn
577 817 1424 867 Sr. Hochfürstl. Durchl. des Prinzen Erbstatthalters,
572 860 1420 899 Herrn Grafen von Heyden, welcher die angenehm
574 897 1422 949 Nachricht von der glücklichen Entbindung Jhrer Königl.
583 940 1422 983 Hoheit, der Gemahlin gedachter Sr. Hochfürstlicher
585 979 1422 1026 Durchlaucht, überbracht, mit einer kostbaren mit Bril
579 1020 1428 1071 lanten besetzten Tabatiere beschenkt. Am Donnerstage,
583 1058 1431 1106 des Vormittags, erhoben sich Se. Majestät, der Kö¬
583 1101 1437 1151 nig, in einer mit 8 Pferden bespannten Staatscarosse
579 1144 1428 1196 nach der Friedrichsstadt, wo Höchstdieselben abermalen
579 1185 1431 1235 einige Wachtparaden in Augenschein nahmen. Des
583 1222 1437 1269 Abends war bey Ihrer Königl. Hoheit, der verwitt¬
583 1267 1437 1317 weten Prinzeßin von Preussen, Cour und Soupee,
583 1306 1431 1351 wobey sich Jhro Majestät, die Königin, das hier be=
587 1347 1428 1398 findliche Königl. Haus, und verschiedene Standesper
587 1392 1437 1437 sonen beyderley Geschlechts befanden. Gestern des
587 1426 1435 1478 Abends wurde im Opernhause das Singespiel: Il Re
585 1467 1433 1525 Pastore, wiederholt. Der an dem hiesigen Königl.
587 1512 1435 1564 Hofe ernannte Kaiserl. Königl. Gesandte, der Kam¬
587 1551 1428 1596 merherr Freyherr van Schwieten, ist aus Wien hier an
585 1596 1428 1650 gekommen. Se. Majestät, der König, haben in Gna
592 1641 1428 1680 den geruhet, Se. Excellenz, den Generallieutenan
592 1680 1439 1723 von der Infanterie, und Gouverneur hiesiger Residen
592 1719 1443 1770 zien, Herrn von Ramin, mit zwey kostbaren Türki¬
598 1764 1439 1811 schen Flinten, reich mit Gold, Silber und Diamanten
598 1803 1439 1869 ausgelegt, und mit verschiedenen Sorten Weinen, zu
598 1848 770 1908 beschenken.
779 1900 1274 1994 Warschau, vom 15. Dec.
630 1966 1579 2059 Man sagt für gewiß, daß die Höfe, welche an dem wüstet.
598 2022 1446 2072 Schicksale Polens Theil nehmen, gewisse zum Besten
592 2067 1443 2110 dieses Landes gethane Vorschläge genehmiget haben, und
594 2108 1441 2156 daß man naͤchstens einen Pacificationsreichstag ausschrei¬
607 2351 1822 2418 seritz mit Waaren hieher gehn wollen, haben in Groß= Schrecken verbreitete.
598 2399 1203 2476 polen das nemliche Schicksal gehabt.
740 2442 1319 2532 Stralsund, vom 20. December.
594 2556 2315 2616 witter, welches in die durch das neuliche Unglück be= gegangen, welche man längst vorhergesehen hat, näch¬
600 2603 1448 2663 reits ziemlich beschädigte Marienkirche einschlug, doch
594 2635 2317 2706 aber gleich wieder gelöschet war. Eben dasselbe hat mittiret werden. Dem Herrn Grafen von der Osten,
1433 559 2298 648 es gedämpft werden können. Die Kirche liegt
617 626 2300 721 Bey dem Mitzlaffschen Dragonerregimente, ist der zwar nicht ganz in der Asche, ist aber ziemlich be¬
1446 669 1585 734 schädigt.
1564 706 2177 802 Strasburg, vom 15. December.
1484 774 2313 852 Der Herr Marschall von Contade, die Herren Ge¬
1452 837 2302 888 nerallieutenants, die vornehmsten Magistratspersonen,
1452 882 2310 934 und die angesehensten Einwohner dieser Stadt, haben
1452 923 2302 972 100000 Livres zusammen gebracht, die dazu sollen an¬
1454 959 2308 1009 gewendet werden, daß Künstler die in schlechten Um¬
1452 1005 2302 1052 ständen sind, und Arme, die sich zu betteln schämen,
1446 1048 2306 1086 diesen Winter mit Brodt können versorget werden.
1456 1084 2304 1160 Ein nachahmungswürdiges Beyspiel der Menschen=
1454 1121 1551 1181 liebe!
1592 1157 2179 1256 Potsdam, vom 20. December.
1495 1231 2302 1312 Ob wir wol anfänglich glaubten, daß das letztge¬
1454 1269 2302 1342 dachte Unglück vom 17ten dieses abgewendet sey, so
1454 1327 2302 1379 muͤßten wir doch Nachmittags zu unserm gröͤßten Schre¬
1452 1370 2313 1426 cken gewahr werden, daß alsdann erst die Flamme in
1454 1413 2315 1459 dem von dem Donnerstral entzündeten Thurme über¬
1461 1450 2313 1499 hand nehmen wolte, auch solches unter beständigem
1456 1493 2315 1540 Löschen, bis des andern Tages Morgens fortgedauert
1461 1532 2308 1588 hat; da dann endlich das Feuer nachließ. Unterdessen
1452 1573 2300 1624 müssen noch jetzt Wachten dabey gehalten werden,
1452 1620 2304 1691 und solchergestalt hoffen wir, daß der Gefahr völlig
1452 1654 1891 1723 werde vorgebeuget werden.
1691 1693 2097 1781 Maynz, vom 6. Dec.
1493 1749 2308 1835 Der Rheinstrohm ist ausgetreten, so, daß von
1461 1822 2308 1872 Strasburg bis nach Bonn alles wieder unter Wasser
1456 1865 2300 1910 steht. Auch der Mayn hat seine Ufer überschwemmet,
1454 1908 2306 1953 zwischen hier und Frankfurt einige Brücken weggeris¬
1461 1947 2313 2018 sen, und einen Theil der neuen Landstraße völlig ver¬
1676 2014 2097 2115 Gotha, vom 18. Dec.
1497 2082 2313 2156 Gestern Abend hatten wir hier einen der heftigsten
598 2143 2308 2201 ben werde. Eine Bande Strassenräuber haben neulich, Sturmwinde, welcher mit einer Menge Regen, Schnee
598 2192 2313 2237 unter dem Namen Conföderirte, ohnweit Blonie, ei- und Hagel begleitet war. Gegen 1 auf 10 Uhr be¬
600 2222 2319 2287 nen Kaufmann aus Fraustadt, welcher mit einer Sum= merkte man einen hellleuchtenden Blitz, und hörte ein
594 2272 2317 2326 me Geldes von hier nach Hause reisen wollen, rein aus- lang anhaltendes Donnern; eine Erscheinung, welche
600 2317 2313 2371 geplündert. Einige andre Kaufleute, welche von Me= bei, dieser so späten Jahreszeit Bewunderung und
1603 2388 2181 2480 Coppenhagen, vom 14. Dec.
1504 2452 2313 2526 Gleich nach der Abreise der Königl. Schwedischen
639 2483 2315 2564 Am 17ten dieses hatten wir hier ein schweres Ge=Prinzen ist die große Veränderung im Ministerio vor¬
1471 2605 2315 2655 stens dürften auch vier der Herren Conferenzräthe di¬
600 2674 2315 2739 auch zu Barth in die Stadtkirche eingeschlagen und ge= wird, wie verlautet, das Departement der auswärti¬
598 2715 2323 2799 zündet, so, daß das Feuer 4 Stunden gebrannt, ehe gen Affairen anvertrauet werden. Die neuen Herren
2214 2767 2330 2837 gehei¬
