2679 3213
468 570 1319 650 geheimen Räthe und Staatsminister sind folgende:
462 766 1315 810 Osten. Das Generalpostamt ist eingegangen, es soll
464 846 2185 892 mer stehen. Die Garde zu Pferde ist reducirt. An lich bezahlet wird, erstrecket sich jedoch nur auf Co¬
462 930 2180 1002 wig garnisonirt hat, ist schon Ordre ergangen nach obgedachter Stiftung zahlen wollen, davon gänzlich
471 969 1479 1032 Copenhagen zu kommen, und die Dienste der Garde befreyet.
466 1006 1261 1066 zu thun, doch ohne den Rang derselben zu haben.
602 1051 1168 1136 Constántinopel, vom 3. Nov.
471 1166 2180 1222 richt von der Einnahme und Verbrennung der Festung pfindliche Stöße erlitten, als es in dem gegenwärtigen
464 1213 1185 1254 Bender zum grossen Schrecken der Türken.
468 1246 2185 1313 Truppen befinden sich noch in der Wallachey, und su= in selbigem in kurzem die größten Revolutionen von
471 1334 2185 1388 Man fürchtet, daß da Ibrahilow übergegangen ist, giern vereiniget, und sind auf der Seite von Astrachan
471 1371 2180 1425 die Reihe an diesen Platz komme, der fast in gar keinen über die Wolga gegangen. Sie sind bis Cars vorge¬
471 1416 2180 1474 Vertheidigungsstande ist. Unterdessen befinden sich drungen, und breiten sich bis auf 2 Meilen von Er¬
464 1459 2189 1507 10000 Mann darin, und man ist willens, dieselben zerum aus. Diese Stadt liegt nicht weit vom Euphrat
468 1541 1179 1585 Berathschlagungen in dem Divan gehalten.
473 1582 2182 1638 hat, wie man sagt, dem Großherrn Vorschläge gethan, Niederlage aller Indischen Waaren für die Türkey.
471 1623 2185 1671 die Wallachey und Servien, in welchem letztern das Gewöhnlich bestehet die Besatzung derselben aus 18000
464 1654 2185 1714 berühmte Belgrad liegt, ehe dieselbe, gleich andern Mann, mehrentheils Janitscharen. Jetzt aber, da
475 1705 1319 1755 Provinzen, von den Russen erobert würden, freywil¬
464 1742 2182 1792 lig an ihre ehemaligen Beherrscher abzutreten, um da- blößt, ist das Schrecken daselbst allgemein. Die Ca¬
464 1785 1319 1839 durch dieser hohen Macht Freundschaft und viel vermö¬
464 1824 2180 1889 gende Vermittelung zu einem annehmlichen Frieden zu bung befürchtet, und dadurch lieget die Handlung
464 1861 2189 1917 gewinnen. Der erste bey der Armee des Großviziers gänzlich darnieder. Die Briefe mit welchen wir die¬
477 1893 2180 1958 sich befindende Dragomann, hat bereits diesen Vor= se Nachrichten erhalten haben, sind zu Mardin oder
471 1941 2185 2001 schlag mit so vielem Eifer unterstützt, daß er dieserwe= Merdin geschrieben worden, einer Stadt des alten
468 1986 2182 2049 gen, wie bekannt, seine Stelle verloren. Demohnge= Mesopotamiens, (heut zu Tage Diarbeck oder Diar¬
475 2025 2185 2092 achtet ist doch diese Sache, dem Vernehmen nach, von bekir) welche an dem Ufer des Tigris bey einem hohen
475 2068 1559 2126 den vornehmsten Gliedern des Divans schicklich, und den Berge lieget.
468 2113 1056 2182 Umständen gemaß befunden worden.
591 2154 1209 2243 Schlesische Gränze, vom 15. Dec.
471 2271 1321 2325 Oesterreichischer Truppen sowohl Infanterie als Ca¬
471 2318 2185 2362 vällerie durch Teschen marschiret, welches einige Ka= In Spitkawica hatten sie die Holzflösse angehalten
475 2360 2182 2422 nonen bey sich gehabt, und sich nach der polnischen und eine Brucke daraus gemacht; nun sind sie aber
471 2396 1537 2448 Gränze gezogen hat. Es soll auch ein Magazin da= wieder weg.
475 2439 838 2511 selbst errichtet werden¬
585 2485 1209 2571 Aus Dännemark, vom 15. Des.
464 2573 2189 2655 Kinder errichtet, das mit der Stiftung für St. James an; man sagt, er habe die Nachricht über¬
477 2644 2185 2701 schwangere Weiber in Verbindung stehet, und in wel= bracht, daß der Spanische Hof eingewilliget, die Ma¬
475 2683 2185 2744 chem die Kinder bis zu einem gewissen Alter versorget nillischen Ranzionsgelder zu bezahlen. Von den Amer
471 2724 2189 2800 werden sollen. Zur Bestreitung der Kosten dieser rikanischen Colonien hat man in dieser Woche sehr an¬
1336 570 2198 648 Stiftung ist unter andern eine jährliche Abgabe von
460 645 2191 697 Der Herr Generallieutenant von Gähler, der Herr 2 Rthlr. für jedes Dänische Pferd, das zur Pracht,
468 682 2193 732 Generallieutenant Graf Ranzow, der Herr Admiral Bequemlichkeit, oder zum Vergnügen gehalten wird,
464 723 2189 771 Römeling und der Herr geheime Rath Graf von der und 1 Rthlr. für jegliches Miethkutscherpferd, 10
1334 766 2191 818 Rthlr. aber durchgängig für ein fremdes Pferd verord¬
462 810 2191 857 künftig nur ein Comptoir seyn, und unter der Kam= net worden. Diese Abgabe, die in 2 Terminen jähr¬
464 881 2191 935 das Leibeüraßierregiment, welches bisher zu Schles= penhägen, auch sind alle, die 20 Rthlr. jährlich zu
1513 1004 2001 1094 Marseille, vom 13. Dec.
1373 1082 2191 1142 Aus der Levante haben wir hier die Nachricht er¬
499 1131 2182 1185 Beym Abgang der Post verbreitet sich hier die Nach- halten, daß das Ottomannische Reich nie solche em¬
1207 1220 2189 1265 Unsere Kriege wider Rußland erfahren muß. Man erwartes
464 1295 2191 1347 chen Buckarest in guten Vertheidigungsstand zu stellen. allen Seiten. Die Russen haben sich mit den Geor¬
475 1502 2189 1552 noch zu vermehren. Seit einigen Tagen wurden viele in einer Ebene, hat 2 Italiänische Meilen im Um¬
1230 1544 2185 1593 Man kreise, auch ein Castel und einen Graben, und ist die
1347 1710 2189 1759 selbige sowohl als das ganze Land von Truppen ent¬
1336 1785 2187 1831 ravanen gehen nicht mehr, weil man deren Aufhe¬
1513 2107 2018 2198 Krakau, vom 1. December.
1379 2170 2180 2247 Heute rückte der Herr Obriste Drewitz wiederum
505 2230 2180 2282 Nach Briefen von guter Hand ist ein neues Korps hier ein. Die Conföderirten waren seit ein Paar Ta¬
1341 2271 2182 2327 gen in unser Nachbarschaft, in Kemty und Wieliczka.
1496 2437 2034 2526 London, vom 11. December.
1375 2496 2182 2575 Am 7ten des Abends kam ein Expresser von unserm
509 2560 2180 2612 Der König hat ein neges Erziehungshaus für 100 Ambassadeur in Paris, dem Graf von Harcour, zu
2042 2768 2187 2843 genehm=
