2679 3213
840 1295 1787 1374 13tes Stück. Freytag, den 15. Februar 1771.
765 1374 984 1467 Augspurg.
483 1432 1304 1518 P. Rudolph Grasers Benedict. Ord. praktische Be¬
447 1499 1295 1563 redsamkeit der christlichen Canzel, in Regeln, Exem
451 1544 762 1626 peln und Mustern.
451 1639 1636 1737 Der V. hatte schon ehemals ein besonders Werk, wel= Buchhandlung 5 fl.
449 1684 1299 1750 ches die Regeln der Canzelberedsamkeit enthielte, her¬
451 1727 1299 1785 ausgegeben. Itzt liefert er den praktischen Theil. Er
447 1765 1299 1825 theilt die Reden ziemlich Klosterhaft in erweisende,
447 1810 1295 1875 Lob=Trauer=Schimpf= und Strafreden — glat=
447 1855 1297 1909 te Moralreden u. s. w. ein. Was wir an ihm loben
447 1894 1231 1959 können, sind ziemliche Anlagen zum Rührenden
451 1931 1295 2001 Deutlichkeit und populaire Vortragsart — endlich fast
449 1974 1299 2038 durchgehends gute deutsche Sprache. Diese letzte ist
447 2090 2165 2158 oder auch dem gemeinen Mann nicht verständlichen pfindungen eines Christen — und so manche Nachah¬
447 2128 2165 2210 Ausdrücken einer mehr philosophischen Terminologie, mungen der Frau Rowe bekannt waren, hätten sie ihr
964 2354 1076 2409 — —
453 2360 913 2425 stocker ihre Zuhörer wären.
447 2420 2165 2500 die Fehler des Gebets haben uns am meisten gefallen. Die Begierde sonderbar und witzig reden zu wollen,
1316 1353 2167 1437 Eine Predigt von der letzten Oelung ist uns ein trau¬
1319 1419 2171 1482 riger Beweiß gewesen, wie man in der römischen Kir¬
1323 1462 2171 1527 che sich krümmen muß, um übelausgesonnene Lehrsatze
1325 1510 2173 1568 zu vertheidigen. Hie und da kommen auch Muster
1319 1546 2167 1621 von Reden aus den Kirchenvätern, besonders dem
483 1585 2171 1664 Vor einen deutschen Mönch ein ziemlich gutes Büch. Chrysostomus vor. Kostet in der Kanterschen
1636 1776 1862 1864 Hamburg.
1349 1849 2167 1939 Der Christ in der Nacht, von M. A. Dannell,
1319 1909 1488 1980 3 Stücke.
1357 1933 2171 2025 Man verliert nicht viel, wenn man diese Nachtbe¬
445 2001 2173 2077 vermuthlich eine Frucht der jetzigen Verbesserung des trachtungen nicht lieset. Vor funfzehn Jahren, ehe
453 2042 2163 2128 Geschmacks in Oesterreich. Er hütet sich vor poetischen Wielands (des ehemaligen christlichen Wielands) Em¬
453 2180 2165 2242 Wir bitten die Leser einen launischen Brief in der Vor= Glück gemacht. Gedehnte — in eine poetisch-pro¬
453 2210 2171 2287 rede über die verständliche Sprache nachzulesen, und saisch weinerliche Sprache, wie in eine sauberge¬
455 2253 2165 2334 schließen in diese Bitte viele unsrer Candidaten mit ein, stickte Nachtmütze eingehüllte, alltägliche Gedanken, Mo¬
455 2296 2165 2375 die auf den Canzeln so reden, als wenn lauter Klop= ralien über die böse Welt, und christliche Sentenzen
1095 2339 2167 2388 Die Lobrede sind ihr Inhalt. Hie und da merkt man es, daß dem
451 2379 2165 2452 auf die Genesung der Kaiserin, und eine Predigt über V. der Schlaf nöthiger, als das Nachtwachen wäre.
455 2472 2163 2545 Irthümer der Kirche kommen nicht funfzig vor. Ein verleitet den Mann zu Absurditäten, wohin wir rech¬
455 2508 2165 2583 paarmal bittet der V. um die Vermittelung der Heil. nen, wenn er S. 16. den Menschen einen wirkli¬
447 2543 2167 2624 Jungfrau vor Gott. Nach seiner Vernunft zu urthei= chen Geheimdenrath des göttlichen Wohlgefal¬
451 2594 2173 2682 len, hat er wohl bey diesem Compliment nichts gedacht. lens nennt. Wundershalben schlage man die Stelle
2079 2631 2167 2695 nach,
