2799 3213
705 525 1569 617 er die Ursache unserer Kriegsrüftungen zu wissen ver¬
714 604 1563 659 langt. Ihm nard aberzur Antwort: es geschähe erst.
703 650 1558 705 lich, um unsere Rechte zu vertheidigen, und zweytens
707 766 1561 827 nischen America genau kennen, in Rücksicht auf die
705 812 1565 862 widrige Begegnung, die ihnen das Haus Bourbon
700 856 1558 902 wiederfahren lassen, einen Plan vorgelegt haben, die
705 889 1558 954 Spanier mit so guter Wirkung in America anzugreifen
698 1053 2440 1138 10 in der Havana von dem besten Cedern= und Maho= dachter Herr Oberster trieb sie bis nach dem nahe anlie¬
709 1099 1558 1153 ganiholz, durch englische Hände, und ganz nach dem
709 1143 1556 1193 Model unserer neuverbesserten Schiffe von 74 Kano
700 1188 1554 1248 nenen gebauet sind. Die, welche sie gesehen haben,
698 1267 1558 1315 macht in Europa hat. Dagegen sind die Klagen über
698 1427 1469 1495 im Parlamente nach den Feyertagen entgegen.
696 1556 1550 1604 Hyde=Park, weil letzterer erstern wegen seines be¬
696 1580 1543 1646 kannten Betragens in dem vorigen Kriege in dem Par¬
696 1637 1543 1688 lamente auf eine anzügliche Art angegriffen hatte. Von
703 1672 1547 1731 jedem wurden zwey Pistolen abgeschossen, ohne daß
692 1723 1552 1769 einer von ihnen getroffen wurde; worauf es den Se¬
694 1751 1550 1814 cundanten gelang, die Sache gütlich beyzulegen. Ge¬
698 1795 1550 1849 dachter Herr Johnston that den letzten Schuß, und
692 1834 1543 1911 traf den Hahn der Pistole in der Hand seines Gegners
696 1867 1307 1937 wodurch dieser seine Pistole fallen ließ.
854 1915 1388 1972 Donaustrom, vom 26. Dec.
738 1933 1541 2016 Zu Venedig sind wieder 4 Klöster eingezogen wor
696 1990 1539 2055 den, deren Einkünfte sich jährlich auf 84000 Rthlr
683 2036 1537 2103 belaufen haben. Die Russen nehmen nunmehro die
689 2075 1543 2143 der Republik Ragusa zugehörige Schiffe weg, welches
689 2121 1543 2184 Verfahren die Republik Venedig, wie es heißt, nicht
687 2176 1547 2230 gleichgültig ansehen soll. Die Türkische Armee ziehet
694 2211 1537 2270 sich zurück, und die Häupter derselben haben sich nach
685 2246 1532 2303 Constantinopel begeben, einem großen Kriegesratl
685 2285 1528 2357 beyzuwohnen, nach dessen Ausgang sich ein mehrere
683 2324 956 2397 aufklären dürste.
913 2342 1361 2438 Mitau, vom 7. Jan.
720 2386 1552 2473 Jn dem abgewichenen 1770sten Jahr, sind in dieser
679 2423 1528 2519 Hochfürstlichen Residenzstadt, 197 Paar copuliret, 57.
676 2526 830 2591 worden.
889 2550 1329 2644 Thorn, den 4. Januar.
722 2605 1543 2675 Gestern als den 3ten Januar, des Morgens um
674 2646 1537 2747 4 Uhr, attaquirten in drey Colonnen die Conföderirten,
1591 556 2445 639 gegen 1100 Mann stark, unter dem Marschall von Sa¬
1582 635 2456 679 nock, Herrn Radziminski, dem Sochaczewischen Mar¬
1591 663 2454 724 schall, Herrn Stempkowski, und einem Marschall
705 687 2449 764 weil wir ein Recht hätten, zu thun, was wir wolten. aus Litthauen, das zur Bedeckung der von der Stadt
705 729 2447 812 Einige Jesuiteu sollen, weil sie die Schwäche vom Spa- his nach dem andern Ufer der Weichsel gehenden Brücke
1591 797 2445 847 postirte Rußische Piquet, legten auch sogleich an dreyen
1589 838 2445 893 Orten, zunächst dem gegenseitigen Ufer und der Salz¬
1580 869 2445 926 niederlage, Feuer an. Der Oberste von Udam, vom
1582 915 2443 974 Rascheburgischen Regiment, rückte sogleich mit seinem
696 928 2454 1016 daß der folgende Spanische Krieg von keiner langen kleinen Commando aus, und delogirte sie von denen
705 967 2445 1062 Dauer seyn soll. Man hat hier Nachricht, daß von Anhöhen. Sie suchten zwar wiederholte Angriffe zu
703 1013 2445 1099 den zu Ferrol segelfertigen 18 Schiffen von der Linie, thun, wurden aber nicht nur repoußiret, sondern ge¬
1585 1118 2440 1178 genden Walde, machte hierauf eine verstellte Retraite,
1576 1169 2443 1224 nachdem er ein Detaschement Grenadiers in einer Bucht
1576 1206 2449 1263 verstecket gelassen, bis er sie heraus lockte, worauf er
709 1219 2440 1302 halten sie für so schöne Schiffe, als irgend eine See= wieder attaquirte und da die gedachten Grenadiers in
1578 1285 2445 1361 die Flanken feuerten, so retirirten sie sich in aller Eil
698 1296 2443 1385 den schlechten Zustand, in welchen unsere Schiffe durch in den Wald, ohne weiter sich heraus zu wagen. Sie
700 1350 2436 1420 Vernachläßigung wahrend des Friedens gerathen sind, haben an 55 Todte gehabt, unter welchen ein Oberster
707 1383 2440 1462 sehr groß. Man sieht grossen Bewegungen darüber und ein Rittmeister, und über 80 Bleßirten, worun¬
1574 1451 2430 1504 ter ein Marschall und ein Rittmeister seyn sollen, wel¬
740 1471 2430 1550 Neulich duellirten sich Lord Germain, ehemaliger che sie mitgeschleppet. Rußischer Seits sind 1 Mann
698 1493 2436 1589 Lord Sackville, und der Gouverneur Johnstone, in todt, und 3 Mann nebst einigen Pferden bleßiret wor¬
1572 1574 2436 1650 den. Dieses alles hat von 4 Uhr bis 11 Uhr Vormit¬
1578 1611 1806 1674 ags gedauret.
1830 1786 2165 1858 Einpaßirte Fremde,
1742 1825 2257 1933 vom 5ten bis 11ten Januar.
1598 1889 2421 1981 Der Herr von Rio, Königl. Spanischer Charge
1567 1946 2421 2011 d'Affaires, und Herr Bronfert, Kaufmann, kom¬
1565 1998 2423 2060 men von Petersburg, log. bey Schenk in der Junker¬
1565 2038 2421 2103 gasse. Die Herren Grafen von Kracitzky und von
1565 2082 2419 2145 Sczinsky, Herr von Czetner, Polnischer Senateur,
1565 2119 2419 2184 kommen von Heilsberg, log. bey Knollin in der Vor¬
1567 2156 2425 2219 stadt. Der Herr von Folckenshold, Rußischkaiserl.
1563 2208 2427 2268 Oberster, kommt von Petersburg, gehet als Courier
1565 2248 2423 2303 nach Berlin; und der Herr von Hellmers, kommt
1558 2292 2419 2351 von Revall. Der Herr Haneiser und Herr Brunet,
1561 2318 2419 2408 Kaufleute, kommen von Paris, gehen nach Peters¬
1558 2368 2165 2451 burg, log. bey Jüllich in der Altstadt.
685 2486 2410 2587 Kinder getaufet, und 280 als Todte angegeben Diese Gelehrte und Politische Zeitung wird des Montag
1607 2546 2362 2655 und des Freytags Vormittags um 10 Uhr in dem
1707 2611 2257 2725 Kanterschen Buchladen ausgegeben.
