2799 3213
635 467 1502 546 nach, wenn man uns nicht glauben sollte, daß es mög¬
641 533 2380 593 lich sey, so aberwitzig zu schreiben. Und doch findet geht dahin, die Schwachheiten der Menschen nach den
639 574 1498 630 dieser Mann, Danneil, wie wir zuverläßig wissen,
648 620 1504 685 Leser und schmeichelnde Critiker. Ein schlechtes Omen
643 663 1152 730 schlechter Zeiten! Kostet 24 gr.
1013 798 1135 883 Ulm.
674 874 1504 943 Die Menschen, wie sie sind, und wie sie seyn sollen.
635 939 1498 993 Dritte Auflage, aus dem Französischen übersetzt 1770.
689 985 1502 1043 Französischer Desert und Leckerbissen! Die Moral
641 1035 1498 1085 darinn ist ziemlich gesund, reiner, als sie von Paris
639 1080 1496 1128 zu kommen pflegt. Aber Gründlichkeit und Zusam
641 1163 2372 1213 gut zusammen, daß nach jedem geendigten Capitel ein mer noch stoisch oder vielmehr niederträchtig unempfind¬
635 1211 2372 1259 neues folgt, und keine Seite leer bleibt. Sonst spricht lich bleibt, ferner: eine Unterredung mit einem Ackers¬
633 1326 1496 1374 gende Gedanken über Nichts und über Alles! ohne
641 1369 1491 1413 daß die Leser dabey etwas verloren hätten. Denn
633 1406 2372 1469 über das zwote Stück: wie die Menschen seyn sollen, gereuen diese Schrift gelesen zu haben, wenn er nur
639 1454 1491 1506 hat der V. nicht ein Wort gesagt, und sein Vorredner
641 1496 1491 1567 vertheidigt ihn bloß damit, daß ein jeder vernünftiger
1526 472 2382 554 Mensch die Moral wisse. Die Hauptsache des V.
1522 587 2382 635 verschiednen Ständen zu beleuchten. Seine Laune
1530 617 2382 683 ist nicht satyrisch, aber menschenfreundlich und munter.
1526 667 2382 715 Er redet über die Völker, die Könige, die Gesetzge¬
1526 700 2382 761 bung. Dies letzte Stück beschließt er mit dem, viel¬
1528 746 2380 796 leicht wahren Gedanken: "Wegen der zu vielen Ge¬
1530 793 2382 846 setze, werden zuletzt keine Gesetze mehr, sondern nur
1530 837 2380 883 Mißbräuche seyn." Besonders vertheidigt er den Ehe¬
1537 874 2376 922 stand gegen den parisischen Epikurismus, und misch
1528 911 2374 965 kleine Historietten unter, die doch einigemal alltäglich
1522 959 2376 1002 werden. Ein Kapitel unter der Aufschrift: demüthigste
1528 1000 2374 1054 Bitte an die Mannspersonen, wegen ihrer Auffuh¬
1526 1039 2372 1091 rung gegen das Frauenzimmer: imgleichen das: von
1526 1085 2374 1130 Stoicismus, wo ein junger Etourdi, der bey aller
641 1126 2374 1180 menhang suche man ja nicht. In so fern hänget alles Dreistigkeit, und dadurch erlittnen Beschimpfung im¬
639 1243 2376 1293 der V. von seinem Gegenstande, was er will. Wir mann, worinn das Elend des französischen Bauers
637 1287 2376 1339 hätten seinem Buch auch den Titel geben können: Flie= lebhaft beschrieben wird, endlich: ein Versuch einer
1517 1328 2372 1387 vernünftigen Metaphysick, und ein andrer über die
1515 1369 2374 1428 Selbstliebe haben uns wohlgefallen. Es wird keinem
1515 1456 2374 1515 so treu ist, Anmerkungen auf sich selbst dabey zu ma¬
1519 1496 1922 1574 chen. Kostet 1 fl. 9 gr.
806 1626 1343 1693 Königsberg, vom 15. Febr.
676 1663 1491 1732 Nachdem am Sonntage, als den 10ten dieses Sr.
633 1717 2372 1789 Königl. Hoheit der Prinz Heinrich das von der hiesi- sämtliche hohe Noblesse ihre Devotion für Ihro Kö¬
633 1778 2365 1832 gen Akademie bey der Abendmusik überreichte Carmen nigl. Hoheit zu bezeigen, sich äußerst angelegen seyn
633 1811 1485 1861 auf das gnädigste anzunehmen, auch den Redner und
635 1852 1487 1904 Generalanführer, Herrn Baron von Brünning mit ei=
633 1893 1485 1946 ner goldenen Uhr dagegen zu beschenken geruhet hatten
633 1943 2365 2000 verfügten sich Höchstdieselben in Ihr Apartement zur neurs des Hrn. Generallieutenant von Stutterheim Ex¬
635 2024 2361 2082 Wachtparade in höchsten Augenschein, und fuhren darüber Höchstdero besonderes Wohlgesallen, hierauf
633 2059 1485 2113 darauf zu Sr. Excellenz dem Rußischkaiserl. Geheim¬
635 2104 1491 2154 denrath, auch Ritter des weißen Adlerordens, Reichs¬
633 2145 2361 2202 grafen von Kaiserling zum Diné, bey welchem die an= merpräsidenten Domhardt, des dirigirenden Burger¬
633 2195 2365 2243 wesende hohe Generalität, die hiesige Königl. Herren meisters Herrn Kriegsrath Hindersin, und einiger aus
635 2274 1487 2324 gegen waren, nach der aufgehobenen Tafel, welche auf
635 2356 2361 2417 die Aufführung eines Schauspieles le Deserteur ver= speiseten Höchstdieselben auf dem Königl. Schlosse,
630 2400 2359 2459 anstaltet, welches auf dem dazu aptirten Theater nach Um 6 Uhr gieng ein Ball en Masque an, wozu Sr.
635 2487 2361 2537 gerichteten Prologue, von einigen der vornehmsten des Noblesse und die Kaufmannschaft einladen, und die
635 2522 1491 2576 hiesigen Adels mit dem höchsten Beyfall Sr. Königl.
635 2606 2361 2667 Ball, und Sr. Königl. Hoheit geruheten bis nach 1 Uhr alle Anwesende, so gerührt worden, daß bey. Höchst¬
626 2639 2363 2730 Mitternacht zu verweilen, und den Eifer sich gnädigst dero so gnädigen Abschied, welcher um halb zwey Uhr
1513 1617 2372 1706 gefallen zu kassen, welchen Sr. Excellenz der Herr
1522 1691 2367 1743 Graf von Kaiserling, und die dabey gegenwärtige
1506 1813 1624 1869 ließen.
1554 1822 2367 1913 Dienstags geruheten Höchstdieselben die Wachtpara=
1511 1902 2367 1954 de des Regiments unsers verehrungswürdigsten Gouver¬
633 1989 2376 2037 Ruhe. Den 11ten nahmen Ihro Königl. Hoheit die cellenz anzusehen, und bezeigten gegen Sr. Excellenz
1517 2065 2365 2126 fuhren Sr. Königl. Hoheit in Begleitung des Hrn.
1515 2113 2367 2165 Gouverneur, der Herren Generals, des Herrn Kam¬
639 2235 2372 2289 Ministers, und die vornehmsten Standespersonen zu= dem Magistrate, die unglücklichen Brandtstädten zu
1513 2272 2365 2330 besehen, und waren sehr erfreut selbige so geschwind
635 2319 2372 2376 das prächtigste serviret worden, hatten Se. Excellenz und so schön wieder bebaut zu finden. Des Mittags
633 2441 2372 2498 einem vorhergegangenen und an Sr. Königl. Hoheit Excellenz, unser Herr Gouverneur die hier befindliche
1515 2524 2361 2582 Billets dazu austheilen lassen. Jedermann ist durch
635 2569 2367 2619 Hoheit / vorgestellet wurde; nach dessen Endigung war das höchstgnädige Bezeigen Sr. Königl. Hoheit gegen
