2679 3213
489 746 2217 800 Heute, um Mittagszeit, haben Ihro Excellenzen, die elastischen Federn besteht, welche Locken, Zierrath, Blu¬
493 923 1341 975 geleistet, und gleich darauf ist dessen Gelangung au
493 956 2217 1014 den Schwedischen Thron von einem Herold auf allen ren liebsten Hälften auf die Frisirung des Kopfes ge¬
493 1088 1341 1140 in verwichener Nacht als Courier nach Paris abgefer
482 1131 1349 1183 tiget worden, um Se. Königl. Majestät auf diese Nach=
493 1174 1349 1224 richt von dem gedachten schmerzhaften Todesfall vorzu¬
493 1259 1347 1304 mit der förmlichen Notification dahin abgeschickt wor
493 1300 1345 1352 den. Bey der an Maria Reinigung in der deutschen
497 1384 1313 1451 Collecte sind 720 Thlr Kupfermünze eingekommen.
675 1427 1150 1503 München, vom 19. Febr.
489 1522 2219 1574 zen schlagen lassen, auf deren einen Seite das Auge der der Spanischen, von dem Prinzen von Masserano
489 1563 2210 1628 Vorsehung mit der Umscheift: Nahrung für die Ar= unterzeichneten Declaration, und der Annehmung der
489 1613 1343 1659 men, und auf der andern, auf einen Tag gultig, 1771,
489 1646 2217 1702 steht. Ein Geistlicher hat den Auftrag, diese Mün= ferner „Denenselben das Vergnügen des Hauses zu er¬
489 1689 2219 1743 zen täglich unter die Armen zu vortheilen. Derjenige, kennen zu geben, daß der Katholische König, auf das
487 1812 2219 1873 selbst, welche dem besagten Geistlichen wieder überlie= ben, dasselbe in den Zustand zu restituiren, in welchem
487 1892 2217 1955 andre Münzen geschlagen, welche auf 3 bis 4 Tage Vorschlag ward durch die Mehrheit der von 275 Stim=
489 1940 2219 1992 gelten. So mildreich sucht unser Landesvater die in men wider 157 gebilliget. Im Oberhause gieng er den
497 2072 988 2141 sterben müßten, durchzuhelfen.
722 2111 1120 2186 Paris, vom 8. Febr.
541 2154 1352 2223 Mit den Parlementssachen steht es noch, wie vor¬
497 2212 1349 2268 hin. So lang auch die andern Parlementer des Kö¬
493 2255 1356 2307 nigreichs mit ihren Vorstellungen und Beschwerden
489 2299 1343 2344 wegen der Verbannung des Pariser Parlements be¬
489 2420 2219 2463 ben, wie bey den Partementern von Rennes und Rouen Nachricht, daß der Capitain Pacha jetzt in den Darda¬
489 2539 1343 2597 auch noch wahrzunehmen, daß der Hof noch viele Ach¬
493 2589 2212 2636 tung für verschiedene verwieene Glieder blicken lasse, gen, die Russen hatten 19 Dulcignottische Fahrzeuge,
489 2627 2212 2697 So hat der Präsident von Ormesson die Erlaubniß, die von Paros gekommen, gänzlich zernichtet. Nun¬
489 2662 2212 2727 alle Woche seinen kranken Sohn besuchen zu dürfen, mehro aber hat die Rußische Florte Befehl erhalten, mit
489 2707 1341 2759 und Herr Pelletier von Rosenbaum, Prasident a Mor¬
482 2751 1341 2826 tier, darf ebenfalls hier herkommen, um bey der Nieder¬
487 551 2221 636 vom Schlage befallen, welcher, wie man glaubt, das kunft seiner Gemahlin gegenwärtig zu seyn. Ein hie¬
493 621 2221 677 Geblüt aufwärts und bis ins Haupt getrieben hat. siger Haarhändler hat eine neue mechanische Coeffüre
495 666 2227 722 Noch ehe 10 Minuten verflossen waren, endigte dieser für Dames erfunden, die sie sich selbst in einem Augen¬
493 705 2221 757 überall geliebte und verehrte Fürst sein theures Leben. blick ohne Peruquier aufsetzen können, und die aus
493 789 2217 841 Hrn. Reichsräthe, dem Allerdurchlauchtigsten Herrn, men, kurz alles, was zu der neuesten Art eines wohl
489 830 2227 887 Herrn GVSTAV, als nunmehrigem Könige der eingerichteten Kopfputzes gehöret, in der besten Ord¬
493 869 2223 923 Schweden, Gothen und Wenden rc. rc. die Huldigung nung halten. Vielen Ehemannern soll diese Erfindung,
1360 917 2223 982 wegen der Ersparung der Zeit und Kosten, die von ih¬
493 1001 2221 1057 öffentlichen Plätzen in dieser Stadt kund gemacht wandt worden, ungemein angenehm gewesen seyn;
489 1040 2221 1096 worden. Der Kammerherr, Baron Oernfeld, ist noch noch mehrere Friseurs aber sollen im Begrif stehen, sich
1360 1088 1704 1155 deshalb zu erhenken.
1466 1120 2113 1196 London, vom 12 und 15. Februar.
1406 1161 2227 1261 Den 13ten nahmen die Gemeinen die Sache wegen
495 1222 2217 1269 bereiten; und heute ist der Cabinets=Courier Hallen Spanien in Ueberlegung. Nachdem alle Papiere,
1367 1269 2221 1326 welche sich auf die Verhandlung zwischen dem Englischen
1365 1315 2219 1371 und dem Hofe zu Madrid beziehen, und die ihnen wa¬
493 1345 2225 1401 Kirche für das Findelhaus der Freymaurer angestellten ren vorgeleget worden, untersuchtwaren; so wurde vor¬
1365 1395 2221 1458 geschlagen, "man sollte Sr. Majestat, dem Könige,
1365 1436 2221 1492 eine unterthänige Addresse überreichen, um Denensel=
525 1462 2217 1542 Se. Churfurstl. Durchl. haben kleine kupferne Mün= ben die Dankbarkeit des Hauses für die Mittheilung
1365 1605 2221 1659 selben von Seiten Sr. Majestät, zu bezeugen," und
493 1726 2221 1780 welcher eine empfängt, wird den Tag im Hospital St. billige Verlangen Sr. Majestat, die gewaltsame Unter¬
489 1769 2221 1825 Joseph gespeist und getränkt; er läßt seine Münze da= nehmung auf Falkland gemißbilliget, und Befehl gege¬
493 1853 2221 1912 fert wird, der sie von neuem ausgiebt. Es sind noch es sich vor dieser Unternehmung befunden." Dieser
489 1983 2219 2035 seinen Staaten herrschende Theurung seinen Untertha= 14ten ebenfalls, mit 107 gegen 38 Stimmen,
495 2022 2219 2072 nen zu erleichtern, und denen, welche sonst Hungers durch. Man kann leicht denken, daß die Opposi¬
1360 2061 2217 2130 tionsparthey nichts unversucht gelassen, diesen Vor¬
1365 2108 2221 2171 schlag zu hintertreiben. Doch hievon kunftig ein
1367 2145 1553 2219 Mehreres.
1514 2186 2078 2281 Von der Türkischen Gränze,
1637 2251 1951 2310 vom 20. Januar.
1406 2271 2214 2346 Es scheint sehr wahrscheinlich zu seyn, daß der Groß¬
495 2336 2219 2387 schäftiget sind, und erwarten mussen, was der König sultan nach Adrianopel gehen werde, woselbst nunmehro
495 2377 2219 2433 darauf antworten oder beschließen wird, werden diesel= der neue Großvezier muß eingetroffen seyn. Man hat
493 2461 2217 2506 bereits festgestellt worden ist, ihre Geschafte mit aller nellen eingeschlossen sey, so daß er auch nicht einmalden
493 2504 2221 2563 möglichen Sorgfalt wahrnehmen. Sonst glaubt man gewöhnlichen Tribut von den benachbarten Jnseln ein=
1365 2545 2212 2601 fordern kann. Briefe von Smirna und Salonichi sa=
1371 2712 2212 2762 ihren Operationen inne zu halten, um die Friedensvor=
1371 2753 2217 2826 schläge, welche auf dem Tapet sind, zu erleichtern.
2115 2792 2221 2863 Man
