2679 3213
490 601 1346 646 zu verweisen, wohin Ihr Euch in 24 Stunden bege¬
490 638 1346 691 ben sollet. Ich würde Euch viel weiter geschickt haben,
492 685 1344 747 wenn ich nicht Hochachtung für die Frau Herzogin von
498 726 1346 775 Choiseul hätte, deren Gesundheit mir sehr lieb ist.
492 762 2203 831 Nehmet Euch in acht, daß Eure Aufführung nicht ma= kommen, und mit dem Fürst Wolkonski und dem Pri
492 810 1334 855 che, daß ich anders verfahre. Uebrigens bitte ich Gott
492 848 1331 896 daß er Euch in seiner heiligen Obhut erhalte." Da
490 885 1340 936 Schreiben an den Herzog von Praslin lautete also
498 926 1334 977 Ich habe Eure Dienste nicht mehr nöthig, und verwei
492 975 1338 1020 se Euch nach Praslin, wohin Jhr Euch in 24 Stun
490 1016 1336 1069 verfügen sollt." Die Herzogin von Grammont hat ih
492 1052 1338 1104 ren Vorsatz, sich zu ihrem Herrn Bruder nach Chante
492 1093 1334 1140 loup zu verfügen, nicht ins Werk setzen können; inden
485 1177 1334 1226 Cambray zu nehmen, und zwar, wie es heißt, aus Ach
490 1218 1331 1265 tung für die Herzogin von Choiseul, als welcher ihr
483 1263 1344 1327 Gegenwart in Chanteloup leicht verdrießlich hätte seyn
481 1297 625 1359 können.
676 1312 1153 1396 Stockholm, vom 8. Jan.
528 1353 1334 1435 Die Ausfuhr des Getraides aus diesem Königreiche
485 1424 1334 1480 ist nunmehro auch verboten. Die Lebensmittel stei¬
483 1465 1340 1518 gen indessen mehr, als daß sie im Preise fallen sollten;
492 1508 1263 1566 auch will der Cours noch nicht niedriger werden.
674 1553 1149 1613 Riga, vom 25. December.
526 1604 1340 1662 Hier erwarten wir mit nächsten die Ankunft Sr.
481 1645 1329 1699 Königl. Hoheit, des Prinzen Heinrichs von Preußen
481 1692 1329 1735 wozu auf Specialen Befehl unserer Monarchin alles
483 1735 1325 1780 in Bereitschaft ist. Das hiesige Kaiserliche Pallais
485 1774 1321 1815 ist ganz neu tapezirt, und aufs prächtigste meublirt
483 1806 1319 1858 Der ganze Lieflandische Adel ist hieher verschrieben
483 1851 1319 1898 Sr. Hoheit die Cour zu machen. Die hiesigen bestän
483 1896 1329 1948 dige beyde Bürgergarden zu Pferde sind beordert, Se.
481 1937 1323 1986 Königl. Hoheit von der letzten Postirung einzuführen,
483 1982 2096 2032 und die ganze Garnison wird von dem Rathhause ihre im Accouchementhause zur Welt gekommen sind.
485 2014 1331 2064 Ehrerbietung bezeigen, wenn der Prinz vorbey fahret.
481 2064 1331 2107 Vor dem Pallais ist eine Esplanade von Brettern mit
483 2111 2190 2178 200 Micken, Fahnen und Trommelgestell, zu einer herausgestrichen wird, so wenig Nutzen scheint ihnen
483 2150 2193 2231 Ehrenwache vom Ladogaischen Grenadierregiment. der Besitz dieser Insel zu verschaffen, da sie keine Schif¬
485 2188 1314 2238 Ueberhaupt ist eine Ukase hier sowohl an das Gouver
481 2223 1316 2272 nement, als an dem Magistrat ergangen, und alle¬
483 2272 2190 2352 pünktlich beschrieben; welchergestalt man sich hier zu Truppen nach dem Archipelago gehen, werden auch
481 2321 2188 2388 verhalten, bey der Ankunft, und etwanigem Ausent, alsdann gewiß den Meister daselbst spielen. Sie sind
477 2349 1276 2416 halt eines so vornehmen, und angenehmen Gastes.
621 2390 1188 2467 Von der Donau, vom 5. Jan.
475 2480 1323 2543 fen hier täglich die kläglichsten Nachrichten ein. Alle
475 2540 2182 2609 Reisende, die aus diesen Gegenden kommen, bringen theilen lassen, belaufen sich bloß an baarem Gelde auf
477 2575 1619 2629 zum Andenken ein Stückchen von dem dasigen Brode 350000 Rubeln.
481 2616 1323 2669 mit. Die Stadt Augspurg läßt ihre Getraide auf der
477 2656 1329 2708 Achse aus Italien holen. Die Chur=Bayerische Hof
470 2676 2182 2764 hat von dem Wirnerischen Erlaubniß erhalten, einige sen es nicht verhindert haben, daß die Türken auf Leun
490 526 2212 606 mir verursachen, nöthiget mich, Euch nach Chanteloup und 90000 Scheffel Korn in den Oesterreichischen
1368 601 2216 655 Erblanden aufkaufen zu dürfen; dagegen Churbayern
1364 642 2042 717 eine gewisse Quantität Holz abfolgen lässet.
1531 689 2047 752 Warschau, vom 2. Januar.
1394 715 2208 795 Der Bischof von Wilna ist vor kurzem hier ange¬
1364 829 2210 893 mas fast täglich in Conferenz gewesen, eine Conföde¬
1362 868 2208 921 ration in Litthauen zu errichten. Der Plan dazu ist
1362 904 2208 956 auch bereits entworfen, und morgen wird gedachter
1364 953 2210 1018 Bischof nach Litthauen zurückgehen, denselben ins
1368 992 2210 1039 Werk zu setzen. Diese Conföderation wird den Na=
1357 1035 2208 1080 men die patriotische Parthie führen; ein Commando
1364 1074 2203 1117 mit einigen Kanonen ist voraus gegangen, dieselbe zu
1364 1115 2210 1164 unterstützen. Der König sowohl als der Fürst Wol¬
498 1138 2212 1205 sie unterwegens befehliget worden, ihren Aufenthaltin kanski haben bisher sehr eiftig in den Staatsangele¬
1362 1198 2197 1252 genheiten gearbeitet, und letzterer hat am 29ten Dec.
1355 1241 2190 1286 einen Courier nach Petersburg abgeschickt. Der König
1362 1282 2201 1336 hat auch den Graf Branicki an den Rußischen Hof ge=
1357 1325 2197 1370 sendet, um alles daselbst in Richtigkeit zu bringen.
1357 1370 2203 1437 Man verspricht sich von allen diesen Dingen viel Gu=
1561 1432 1991 1505 Neapel, vom 24. Dec.
1389 1467 2195 1546 In den Häfen von Sicilien sind verschiedne Rußi¬
1351 1520 2092 1604 sche Kriegsschiffe aus dem Archipel eingelaufen.
1523 1574 2019 1647 Dünkirchen, vom 7. Jan.
1387 1611 2197 1686 Mit Briefen von St. Domingo will man Nachricht
1349 1660 2195 1724 haben, als ob eine ansehnliche spanische Escadre vor
1342 1707 2195 1765 Jamaica geankert habe, und man ist hier in Sorgen,
1342 1759 2197 1815 daß die Schiffarth in dasigen Gewässern dadurch leicht
1336 1793 1782 1866 unterbrochen werden dürfte.
1480 1830 2062 1911 Coppenhagen, vom 12. Jan.
1383 1892 2180 1950 Unter den im vorigen Jahr hier Gebornen 297.
1346 1924 2193 1997 Kindern befinden sich 316 unehliche, welche sämmtlich
1535 2025 1989 2098 Venedig, vom 31. Dec.
1372 2068 2186 2132 So sehr Türkischer Seits die Landung auf Lemnos
1346 2203 2195 2268 fe haben, selbige zu beschützen. Die Russen, welche
1344 2248 2193 2304 in kommendem Frühjahr mit noch mehr Schiffen und
1338 2375 2188 2431 noch immer voller Muth, und die Belohnungen, wel¬
1336 2425 2188 2480 che sie zu erwarten haben, feuren ihre Tapferkeit noch
513 2457 2188 2519 Von der Theurung in Bayern und Schwaben lau= immer stärker an. Die Geschenke, welche die Kaiserin,
1342 2504 2188 2556 wegen der Verbrennung der Türkischen Flotte hat aus¬
1477 2590 2055 2678 Aus Italien, vom 2. Januar.
1381 2639 2180 2723 Man giebt allerhand Ursachen an, warum die Rus=
