2799 3213
650 591 2054 681 Theils der Nation nicht allerdings mehr weit von sei= einer kleinen Fahne aufgehoben."
650 648 963 716 nem Falle zu seyn.
846 655 1320 747 Lüneburg, vom 24. Jan.
668 972 1521 1042 sollten. Am 18ten Januar, als am Geburtstage der
657 1014 1516 1082 Königin von England, ward nämlich am angeführten
668 1058 1518 1113 Orte mit Trau, schau, wem, von Herrn Brandes ein
670 1181 1816 1247 Unterhaltung verschaft hatte. Die angesehnsten Her= Reine regnante.
670 1223 1523 1294 ren und Damen der Stadt spielten auf demselben, und
670 1258 1523 1335 es waren unter ihnen verschiedne, welche den besten
674 1340 1516 1410 chen zu werden, verdienten. Vorher hatte man Hrn
668 1380 1523 1457 Weißens Richard, Leßings Minna, Brandes der
677 1421 2182 1499 Schein betrügt, den Herzog Michel und den Schatz zu melden, allwo auch die Pians zu bekommen.
668 1465 1532 1532 auf dieser Buhne vorgestellt. Wir können hinzusetzen,
670 1514 1529 1573 daß es in Stade und Harburg eben solche gesellschaft¬
677 1554 1529 1626 liche Belustigungen giebt, welche von den vornehmsten
683 1589 1532 1659 Standespersonen zur Ehre des guten Geschmacks und
683 1633 1369 1697 des Menschenverstandes unterstutzt werden.
868 1677 1331 1734 Lublin, vom 3. Februar.
716 1690 1532 1778 Bey dem in unsrer Woywodschaft das Commando
681 1756 1532 1829 führenden Herrn Generalmajor und Ritter von Su¬
683 1807 1527 1869 worow sind, von einigen unter desselben Befehlen ste
683 1884 1534 1955 eingegangen: "Der Hauptmann von Dittmar, wel¬
679 2005 1527 2076 mier so tapfer abgeschlagen hatte, machte mit seinen
683 2045 1525 2124 Lieutenant Suworow eine Patroulle gegen Opaton
681 2091 1532 2166 50 Pferde stark, von denen die Hälfte Kosaken aus
674 2133 1534 2199 machten. Er traf in Opatow selbst auf ohngefähr
683 2182 1538 2241 200 Pferde der Czerskischen Conföderation, attaquir¬
681 2217 1532 2290 te sie sogleich und zerstreuete sie mit einem Verluste vor
681 2254 1534 2323 30 Todten und 20 Gesangenen. — Desgleichen fiel
683 2303 1534 2367 der Lieutenant Rozliainow 5 Meilen von Kazimier in
690 2340 1540 2413 dem Städtgen Senno, eine Migeinskische Parthey,
690 2378 1529 2455 die aus 80 Pferden bestand, mit sehr weniger Mann
681 2429 1534 2499 schaft an. Er nahm 10 Mann davon gefangen, und
690 2459 1794 2539 hieb fast diese ganze Parthey nieder." Von dem Ober= Alberrs Taler
694 2523 1675 2578 sten von Gersdorf ist einberichtet:" Daß der Cornet Ruhel
685 2545 1534 2627 Patkul ohnweit Siedletz eine Parthey Conföderirt¬
681 2592 1536 2673 gegen 20 Pferde stark mit 10 Kosaken angefallen, da
681 2673 1543 2761 zewski und Susczynski, nebst einem Fähndrich und
683 2713 1543 2836 4 Mann, gefangen nach Biala eingebracht habe. Der
643 522 2413 624 heraus gebracht. Kurz es scheint, dieser Abgott eines Cornet Schlichting hat in Nachow 6 Mann, nebst
1677 604 2252 681 Coppenhagen, vom 9. Feb.
1573 648 2404 723 Als der König an seinem Geburtstage einen Fall
694 707 2402 776 Von hier aus können wir eine Nachricht mittheilen, that, den man anfänglich von Bedeutung zu seyn be¬
657 754 2402 829 die denen angenehm seyn wird, welche so sehr auf die furchtete, sprang der Kammerjunker Bülow, von der
659 796 2398 870 Einführung vernünftiger, den Geist erhebender und Hofstatt des Erbprinzen Friedrichs, geschwind hinzu,
659 835 2400 919 der Gesundheit dienlicher Zeitvertreibe dringen, und hob den König von der Erde auf, und trug ihn aufs
659 882 2404 963 zu eigensinnig sind, als daß sie dem stadt= und landbe. Bett, zerriß aber dabey ein paar Spitzenmanschetten.
666 928 2409 998 liebten Kartenspiele einen Platz darunter einraumen Die Königin, der das hinterbracht wurde, ließ ein
1543 961 2400 1018 paar der schönsten Spitzenmanschetten, die in der
1540 1001 2409 1060 Stadt zu finden waren, kaufen, in eine goldne To¬
1543 1047 2406 1097 backsdose legen, und sie dem Kammerjunker Bülow
666 1091 2406 1164 Privattheater geschlossen, welches bisher von Zeit zu zustellen. Auf dem Papier, in welchem die Man¬
661 1131 2406 1210 Zeit den Freunden des Geschmacks eine gesellschaftliche schetten eingewickelt waren, stand: De la Part de la
1809 1219 2144 1287 AVERTISSEMENT.
1565 1258 2400 1313 Der hiesige Schutzjude Bernhard Friedländer, machet hierdurch
668 1313 2409 1375 Schauspielern in der Declamation und Action verglie= bekannt, wie bey ihm Loose zur Königlichen Hannövrischen 3ten
1549 1338 2409 1373 Classenlotterie zu haben sind, die respective Herrn Liebhabre be¬
1540 1364 2409 1404 lieben sich bey demselben in der Behausung der Herren Joächim
1549 1395 2406 1443 Moses Friedländer und Söhne in der Magistergasse sub No. 175.
1811 1459 2140 1532 Einpaßirte Fremde,
1708 1488 2248 1558 vom 23ten bis 26ten Februar.
1589 1543 2404 1600 Herr Admiral Knowels, kommt von England, geht
1551 1591 2409 1642 nach Petersburg, und Herr Generalmajor von Cocceij,
1554 1631 2409 1684 kommt von Danzig, log. bey Felgenhauern auf dem
1556 1673 2409 1723 Roßgarten. Herr Capitain von Bergen, kommt von
1551 1710 2415 1774 polnisch Litthauen, log. bey Bram in der Vorstadt.
1556 1761 2411 1811 Herr von Howen, Rußischkaiserl. Rittmeister, kommt
1556 1796 2418 1849 von Danzig, log. bey Guttowsky in der Vorstadt.
681 1847 2411 1917 henden kleinern Detaschements, nachfolgende Berichte Herr Schröder, kommt von London, und Herr Usterey,
1551 1880 2420 1926 kommt von Zürch, Kaufleute, log. bey Mattuschge in
683 1919 2413 1992 cher vor nicht gar zu langer Zeit mit einer Handvoll der Licentstraße. Herr Doct. Med. Kunst, und Herr
683 1964 2415 2041 Volks einige 1000 Mann Conföderirter von Sendo= Studiosus Gowinius, kommen von Riga, log. bey
1554 2008 1968 2080 Lehmann in der Vorstadt.
1556 2098 1988 2160 Wechsel-Cours & Species.
1565 2142 1983 2195 den 28. Februar 1770.
1551 2180 2422 2246 Amsterd. 41Tage 300½ gr. Weitzen der beste 144gr.
1624 2228 1986 2285 dito 71 Tage 308 gr.
1551 2257 1986 2338 Hamburg 3W. 136½/r.
1589 2310 1807 2365 dito 6 W.
1842 2310 1986 2371 136 gr.
1838 2354 1986 2411 p.C. dn
1558 2356 1703 2411 Dantzig
1556 2395 1785 2464 Ducaten neue
1820 2393 1986 2457 9fl. 9 gr.
1633 2435 1803 2490 dito oude
1827 2440 1986 2495 9 fl. 1 gr.
1842 2477 1983 2534 13528
1845 2523 1992 2576 1082gr.
1558 2554 1739 2629 Oude
1829 2561 2005 2629 pr. C. ag.
2016 2094 2409 2155 Getreyde Preise.
2012 2135 2406 2193 vom 21 bis 27 Febr. 1771.
2105 2210 2400 2261 der geringere 135-
2003 2235 2411 2301 Roggen der beste 105-
2102 2285 2409 2345 der geringere 103-
2010 2329 2409 2391 Gerste die beste 72-
2012 2371 2265 2433 — die geringere
2010 2411 2153 2462 Haaber
2010 2444 2420 2521 Erbsen große graue 99-
2038 2490 2415 2539 — kleine graue 90—
2043 2525 2305 2576 — große weiße
2321 2561 2411 2622 84-
2038 2561 2285 2622 — kleine weiße
685 2605 2424 2713 von zween gespießt, und die beyden Marschälle Karc= Diese Ge lehrte und Politische Zeitung wird des Montag
1615 2675 2367 2739 und des Freytags Vormittags um 10 Uhr in dem
1712 2711 2263 2792 Kanterschen Buchladen ausgegeben.
2248 2739 2431 2819 Beylage.
