2799 3213
633 576 1495 648 lich auszuführen seyn würde. Dagegen fürchtet man
635 764 777 827 dürften.
827 777 1307 867 Genua, vom 14. Februar.
630 932 1491 987 schrecklichen Seesturm verunglückt; ein andres Schif,
626 1059 770 1114 worden.
836 1070 1283 1149 Leiden, vom 26. Febr.
633 1178 1491 1230 sind vor einigen Tagen in dieser Stadt angekommen,
635 1302 1416 1366 Gefolge ein Haus auf 3 Jahre gemiethet haben.
821 1342 1311 1388 Marseille, vom 15. Febr.
637 1429 1484 1477 Seemacht der barbarischen Staaten zu ihrem Befehl.
635 1469 1491 1517 Dieselben sollen das Geheimniß gefunden haben, christ¬
626 1506 2364 1567 liche Fahrzeuge zu kaufen, und sie zum Kriege auszu¬ sischen Langgasse im Müllerschen Hinterhause, zeiget an, daß die
633 1593 1491 1648 welche aus 6 Schiffen von der Linie, 2 Fregatten und
633 1631 1484 1690 2 Bombardiergallioten bestehet, in kurzem wieder vor
635 1670 1355 1749 Algier gehen, und diese Stadt bombardiren.
856 1714 1272 1771 Paris, vom 29. Febr.
674 1736 1484 1808 Vorigen Freytag hat ein junger Mensch, nachdem
626 1797 1491 1863 dessen Vater und Mutter ihm abgeschlagen hatten, ihm
633 1843 1491 1893 eine gewisse Summe Geldes zu geben, nicht allein die¬
635 1882 1486 1933 se seine Aeltern, sondern auch eine von seinen Schwe¬
624 2007 1436 2064 in demselben Augenblick in einen Brunnen gestürzt.
790 2046 1346 2097 Warschau, vom 24. Februar.
622 2213 2064 2261 Das Carmeliterkloster hier auf der Krakauer log. bey Moorkerk auf dem Anger.
622 2257 1486 2305 Vorstadt ist einen ganzen Tag von den Rus¬
626 2289 2349 2351 sen besetzt gehalten worden, wozu nachstehendes Gele= Wechsel-Cours & Species., Getreyde Preise.
630 2340 1488 2401 genheit gegeben hat. In einem Seitengebäude dieses
633 2425 1484 2480 sich, der nach der Zeit zu der Conföderation gegangen,
622 2454 1928 2519 vor nicht gar zu langer Zeit aber wieder anhero gekom= Hamburg 3W. 136 kr
622 2517 1480 2563 men war. Unter der Zeit hatte der Pförtner einen
630 2541 1668 2607 jungen Burschen zu sich genommen; der Pole blieb Dantzig
615 2585 1920 2637 aber doch von Zeit zu Zeit bey diesem Manne. Vor Ducaten neue 9fl 1Igr
615 2622 1480 2686 ein paar Tagen kommt dieser Pole zu den Rußischen
622 2659 1926 2725 Kaufleuten, die hier auf der Krakauer Vorstadt mit Alberts Taler 1372gr.
617 2716 1600 2769 Rauchwerk, Stiefeln und dergleichen Sachen handeln, Rubel
613 2751 1666 2837 besieht und bedinget vieles, und verlangt, daß man Oude
1521 591 2394 676 ihm Nachmittags um 2 Uhr diese Sachen zu den Car¬
635 639 2394 707 daß die Russen Landungen in Kleinasien, und auch melitern bringen sollte, wo er alles bezahlen würde.
635 683 2386 751 wieder auf Morea, vornehmen, und dabey die Re= Zween von den Russen gehen, wie verlangt war, hin;
633 729 2381 810 bellen in Syrien und andern Provinzen unterstutzen einer aber davon geht nur mit den Sachen die Treppe
1517 770 2386 825 hinauf, der andere bleibt vor der Thure stehen. Als
1510 819 2379 876 diesem sein Camerad nach Verlauf einer starken Stun¬
681 836 2386 913 Wie man vernimmt, so sind neulich verschiedne de nicht wieder kommt, geht er zurück, und holt Ver¬
635 884 2373 950 Rußische und andre Schiffe im Archipel durch einen stärkung. Es wird im Kloster dieserwegen Larm ge¬
1517 946 2370 996 macht; man sucht nach, und findet den Russen mit ei
633 985 2384 1040 welches zu Capo di Maina gelandet, ist von den Ein= nem gräßlichen Hieb in den Kopf und vielen Stichen
630 1024 2384 1101 wohnern geplündert, und sodann in Brand gesteckt ermordet. Der Thäter hatte sich unterdessen hinten
1508 1066 2373 1121 durchgeschlichen, und war mit den auf diese Art erkauf=
1510 1116 2375 1164 ten Sachen nach Prag über die Weichsel, woselbst er
674 1127 2370 1202 Die beyden jungen Rußischen Prinzen Wolkonsky, ein Haus hat, gegangen. Die Carmeliter kamen in
1517 1188 2370 1248 starken Verdacht; zum Glück aber hatte der junge
633 1230 2370 1285 in der Absicht, ihre Studien auf der hiesigen Univer= Bursche den Polen mit den Russen ins Haus gehen
643 1269 2373 1326 sität fortzusetzen, zu welchem Ende sie für sich und ihr gesehen, und wußte, wo er wohnte. Man schickte
1512 1315 2377 1370 sogleich nach Prag, und fand den Mörder, nebst sei¬
1508 1357 2373 1407 ner Frau, auch die gestohlnen Sachen; und gestern
676 1359 2351 1447 Die Ottomannische Pforte hat nunmehro die ganze brachte man ihn hier in die Kronmarschalls=Wache.
1766 1438 2106 1506 AVERTISSEMENT,
1528 1471 2370 1537 Der Lotterie=Einnehmer Herz Levi wohnhaft in der Kneiphö¬
1508 1556 2373 1593 Looße zur 5ten und letzten Classe der 4ten Berliner Classenlotte=
633 1545 2373 1628 rüsten. Von Portomahon wird die Danische Escadre, rie bey Verlust ihres Rechts bis den 18ten Marz renovirt wer¬
1512 1609 2368 1646 den mussen; auch sind noch bey ihm zu haben Ganze, Halbe,
1504 1639 2373 1677 Viertel=Kauf= und Miethslooße, das Kauf=Looß zu 34 fl. das
1501 1659 2368 1709 Miethlooß zu 18 fl. Courant; auch zeiget er an, daß er alle Ar=
1504 1694 2368 1738 ten von Jouwelen käuet und verkauft, und daß gefaßte Ringe,
1504 1718 2368 1775 Ohrrosen, und Halsstücke, sowohl von Rosen=Stein, als Brillian¬
1501 1740 2132 1793 ten, um billigen Preis bey ihm zu haben sind.
1760 1775 2106 1852 Einpaßirte Fremde,
1705 1832 2189 1902 vom 9ten bis 13ten März.
1563 1878 2362 1939 Herr von Rumel, und Herr von Elerdt,
635 1915 2373 1981 stern, die ihnen zu Hülfe kommen wolte, ermordet, kommen von Curland, bleiben auf der hiesigen Akade¬
633 1963 2364 2018 darauf sich selbst mit einem Messer durchstochen, und mie, log. bey Remus im Kneiphof. Herr von Rip¬
1512 2005 2366 2064 schinsky, poln. Edelmann, kommt aus Polen, log.
1504 2046 2370 2099 bey Bährnt auf der Lastadie. Herr Lieutenant von
668 2068 2364 2147 Vorige Woche ist ein ansehnlicher Transport ge= Werner, und Herr Jacobi, Kaufmann, kommen aus
626 2132 2364 2189 fangner Conföderirten von Prag unter einer Rus= Curland, log. bey Großmann auf dem Roßgarten.
626 2180 2364 2235 sischen Bedeckung nach Kiow gebracht worden. Herr Commercienrath Tietz, kommt von Insterburg,
1963 2340 2338 2394 vom 7 bis 13. März 1771.
1543 2338 1902 2392 den 14. März 1770.
622 2368 2359 2432 Klosters hatte der Pförtner desselben einen Polen bey Amsterd. 41Tage 311 gr. Weitzen der beste 144gr.
2051 2412 2351 2462 der geringere 135-
1569 2416 1930 2491 dito 71 Tage 3094gr.
1952 2438 2355 2517 Roggen der beste 105—
2044 2489 2355 2550 der geringere 102-
1558 2504 1935 2565 dito 6 W. 1355 gr.
1946 2513 2222 2589 Gerste die beste
2270 2539 2357 2589 72—
1692 2541 1924 2607 261 p. C. dn
1987 2574 2204 2640 die geringere
1948 2609 2090 2657 Haaber
1574 2627 1917 2697 dito oude 9 fl. 1 g.
1952 2648 2351 2712 Erbsen große graue 110-
1972 2690 2235 2738 — kleine graue
2270 2690 2353 2740 96—
1779 2718 1926 2769 108 gr.
2001 2727 2226 2771 — große weiße
2263 2725 2355 2778 99—
1970 2756 2222 2817 — kleine weiße
2263 2762 2362 2819 90—
1733 2758 1946 2837 9 pr. C. ag.
2123 2791 2355 2887 Beylage.
