2799 3213
621 550 2358 643 Königin, die sich dagegen sträubte, zu haben," (gerade der V. fort, hatte diese Furcht doch den Dresdner Hof
621 628 2360 678 als wenn hier der Ort war, Galanterie und Höflich= noch zu keinen Kriegsrüstungen vermocht, so daß er
624 669 1472 721 keit zu beweisen.) "Der König von Preußen suchte
628 710 1472 758 Beweise von den Anschlägen Sachsens gegen ihn, und
630 751 1466 805 er fand Zeugnisse der Furcht, die man vor ihm hatte.
628 777 2358 847 (Nichts mehr? Ich dächte, auch Beleidigungen wiet be, hingeschrieben, als man im vorigen Kriege in den
630 872 1483 922 der sächsischen Minister — alle mögliche Anerbietun¬
628 914 1459 970 gen zum Umsturz des Königs alles beizutragen -
630 948 2362 1028 und noch überdem Forderungen, an den eroberten Län= Kostet in der Kanterschen Buchhandlung 1 fl. Alle
632 989 1875 1065 dern des Königes, Theil zu nehmen.) Indeß fährt acht Theile kosten 8 fl.
1500 660 2360 710 das Opfer eines mächtigen Nachbars werden mußte.
1500 704 2356 751 Das ist gerade so ohne Menschensinn, ohne Kenntniß
1505 736 2358 795 der Gesetze der Selbstwehr, und ohne Wahrheitslie¬
628 825 2362 879 der die höchste Person des Königs in den Ausdrücken öffentlichen Reichszeitungen, die wider Preußen wa¬
1507 868 2362 918 ren, nur immer schreiben konnte. Doch Voltaire
1505 909 2358 966 schreibt so, wen wird das erschrecken, der ihn kennt!
818 1130 1314 1204 Berlin, vom 12. Januar.
680 1152 1663 1249 Am Dienstage des Abends wurde im Opernhause errichten.
639 1221 1485 1303 Redoute gehalten, und der Hof soupirte an fünf Ta¬
647 1262 1492 1329 feln. Gestern Vormittags, wurde auf dem Berlin¬
639 1303 1492 1377 schen Rathhause die Ziehung der dritten Classe der Kö¬
641 1344 1490 1403 nigl. vierten Classenlotterie geendiget. Drey Loose
639 1394 1487 1442 von 200 Rthlr. fielen auf No. 7876. in die Kinder
643 1429 1500 1498 sche Collecte nach Königsberg in Preußen; auf No.
639 1470 1490 1528 2813. nach Oberglogau in die Dionysiussche, und auf
645 1513 1490 1576 No. 26711. nach Nienburg. Von den Loosen zu 100
647 1559 1487 1615 Rthlrn. siel eines nach Königsberg in Preußen, bey
645 1600 1496 1658 Hertz Levi auf No. 13077. Die Ziehung der vierten
650 1632 1494 1693 Classe dieser Lotterie ist auf den 18ten Februarii a. c.
654 1676 1503 1738 festgesetzet worden. Am 8ten dieses Monats, des
650 1719 1505 1775 Morgens um 10 Uhr, ist hier der weiland Hochwürdi¬
645 1754 1505 1825 ge und Hochwohlgebohrne Herr, Herr Friederich Carl
645 1799 1500 1862 von Börstell, Königl. Geheimerrath, Domdechant des
650 1836 1500 1901 hohen Stifts Brandenburg, nach einem dreytägigen
654 1881 1503 1953 Krankenlager, an einem Schlag= und Steckfluß im
652 1927 1487 2016 41sten Jahre Seines Alters, mit Tode abgegangen.
790 1961 1370 2061 Versailles, vom 26. December.
684 2016 1507 2115 Vorgestern kündigte der Staatsminister und Se¬
656 2096 1505 2154 kretair Herzog de la Vrilliere auf Königl. Befehl dem
652 2124 1503 2191 Staatsminister und Sekretair vom Kriegs= und aus¬
650 2169 1503 2228 wärtigen Departement, Herzoge von Choiseul, die
658 2215 1505 2271 Entlassung dieser Chärgen, wie auch der als General
658 2258 1496 2317 Oberaufseher der Posten an. Letztgedachter Herzog
654 2293 1503 2358 von Choiseul ist nach seinem Gute Chanteloux in Tou¬
662 2338 1507 2403 raine abgereist. Hierauf meldete besagter Herzog de
658 2377 1498 2440 la Vrilliere dem Staatsminister und Sekretair von der
658 2414 1507 2481 Marine und Chef des Finanzen Conseil, Herzöge von
658 2464 1509 2533 Praslin, ebenfalls die Entlassung seiner Chargen, die¬
665 2505 1513 2600 ser wird sich in wenig Tagen auf sein Gut Praslin
658 2559 803 2628 begeben.
764 2572 1414 2676 Aus den Niederlanden, vom 1. Jan.
697 2656 1516 2728 Der Hof zu Versailles hat, so bald der Herzog von
662 2706 1513 2804 Choiseul in Ungnade gefallen, Befehl ertheilet, 25
1507 1111 2360 1204 neue Regimenter, und 30 Bataillons Landmilitz zu
1669 1195 2213 1277 Hamburg, vom 7. December.
1546 1251 2371 1338 Der Herr General von Luckner ist auf erhaltnen
1516 1318 2228 1383 Befehl von Paris, schleunigst dahin abgereist.
1680 1377 2197 1446 Petersburg, vom 21. Dec.
1552 1435 2373 1496 Ihro Kaiserl. Majestät haben dem General en
1522 1485 2371 1535 Chef, Fürst Wasilii Michailtisch Dolgorucki, das Com=
1516 1531 2371 1578 mando über Dero Armee, welches der Graf Panin
1513 1574 2371 1624 zeithero gehabt, nachdem dieser dasselbe niedergelegt,
1520 1615 2373 1665 ertheilt, und den Generallieutenant Graf Bruce zu
1524 1654 2068 1721 Dero Generaladjutanten ernannt.
1697 1693 2206 1780 Amsterdam, vom 1. Jan.
1567 1747 2373 1825 In dem zurückgelegten 1770sten Jahre sind in die
1531 1808 2373 1866 ser Stadt 4932 Kinder geboren, und 7402 Personen
1528 1851 1689 1912 gestorben.
1710 1862 2379 1903 Copulirt sind, in den Reformirten Kir¬
1531 1881 2379 1979 chen der Stadt 1460. und auf dem Rathhause 674.
1524 1933 1873 2011 in allem 2134 Paar.
1717 1970 2195 2061 Brest, vom 20. December.
1559 2037 2384 2111 Zu den kriegerischen Anstalten, welche hier gemacht
1528 2098 2384 2154 werden, gehört auch diese, daß seit einigen Wochen
1531 2143 2384 2191 Tag und Nacht in 45 Oefen Zwieback zum Dienst des
1531 2187 2379 2236 Seewesens gebacken wird. Die Arbeiten im Hafen
1531 2230 2384 2278 werden noch mit gleichem Eifer fortgesetzt, und ein
1535 2267 2379 2317 hier durchgegangener Courier hat die Nachricht über¬
1537 2312 2386 2379 bracht, daß man von allen diesen Dingen bald Ge=
1531 2347 1881 2420 brauch machen werde.
1710 2397 2210 2462 Rheinstrom, vom 2. Jan.
1576 2457 2386 2507 Die letztern Nachrichten aus Madrid lauten so, daß
1537 2490 2386 2546 man daselbst alle Hofnung, daß es Friede bleiben wer¬
1535 2540 2384 2594 de, aufgegeben hat. Der Marquis von Grimaldi
1535 2576 2388 2628 soll seine Dimißion erhalten haben, und der bisherige
1539 2622 2392 2672 Spanische Ambassadeur am Französischen Hofe, Graf
1537 2665 2394 2721 von Fuentes, an dessen Stelle erster Minister gewor¬
1544 2704 1693 2780 fen seyn.
2278 2728 2397 2827 Lölln,
