<?xml version="1.0" encoding="UTF-8" standalone="yes"?>
<PcGts xmlns="http://schema.primaresearch.org/PAGE/gts/pagecontent/2013-07-15" xmlns:xsi="http://www.w3.org/2001/XMLSchema-instance" xsi:schemaLocation="http://schema.primaresearch.org/PAGE/gts/pagecontent/2013-07-15 http://schema.primaresearch.org/PAGE/gts/pagecontent/2013-07-15/pagecontent.xsd">
    <Metadata>
        <Creator>prov=READ-COOP:name=PyLaia@TranskribusPlatform:version=2.15.0:model_id=39995:lm=none:date=27_07_2024_19:37</Creator>
        <Created>2024-07-27T19:32:22.881+02:00</Created>
        <LastChange>2024-07-27T19:37:30.194+02:00</LastChange>
        <TranskribusMetadata docId="3454911" pageId="75691298" pageNr="2" tsid="179742020" status="IN_PROGRESS" userId="222699" imgUrl="https://files.transkribus.eu/Get?id=YAKEOTSNFVJCAECOCWYUSNXE&amp;fileType=view" xmlUrl="https://files.transkribus.eu/Get?id=WQOTLYCGRUEJCOIBDXTRZDIO" imageId="61425855"/>
    </Metadata>
    <Page imageFilename="75691298.jpg" imageWidth="2799" imageHeight="3213">
        <ReadingOrder>
            <OrderedGroup id="ro_1722101850194" caption="Regions reading order">
                <RegionRefIndexed index="0" regionRef="r_46"/>
                <RegionRefIndexed index="1" regionRef="r_55"/>
                <RegionRefIndexed index="2" regionRef="r_26"/>
                <RegionRefIndexed index="3" regionRef="r_35"/>
            </OrderedGroup>
        </ReadingOrder>
        <TextRegion id="r_46" custom="readingOrder {index:0;}">
            <Coords points="698,635 1597,638 1596,964 698,964"/>
            <TextLine id="r_46_tl_1" custom="readingOrder {index:0;}">
                <Coords points="717,704 933,704 964,688 1023,706 1267,704 1267,660 1186,634 1147,656 1075,638 1012,658 808,638 717,649"/>
                <Baseline points="728,686 773,686 818,689 862,686 907,689 952,689 997,689 1042,692 1086,692 1131,689 1176,692 1221,692 1266,695 1272,695"/>
                <TextEquiv>
                    <Unicode>Stück ist aber doch lesenswürdig.</Unicode>
                </TextEquiv>
            </TextLine>
            <TextLine id="r_46_tl_2" custom="readingOrder {index:1;}">
                <Coords points="717,741 2445,754 2395,706 717,701"/>
                <Baseline points="728,731 773,728 818,728 862,728 907,731 952,731 997,731 1042,731 1086,731 1131,734 1176,734 1221,731 1266,734 1310,731 1355,731 1400,734 1445,734 1490,737 1534,737 1579,737 1594,737 1612,737 1657,737 1702,737 1746,737 1791,740 1836,737 1881,740 1926,740 1970,740 2015,737 2060,737 2105,737 2149,740 2194,740 2239,743 2284,743 2329,743 2373,746 2418,746 2451,740"/>
                <TextEquiv>
                    <Unicode>wird in einer Abhandlung (die aus den Braunschweig= ein Mährchen vom Schwanengesang gedichtet. -</Unicode>
                </TextEquiv>
            </TextLine>
            <TextLine id="r_46_tl_3" custom="readingOrder {index:2;}">
                <Coords points="719,822 1580,837 1580,793 1540,784 719,787"/>
                <Baseline points="731,812 776,815 821,812 865,815 910,815 955,815 1000,815 1045,818 1089,818 1134,818 1179,818 1224,818 1269,818 1313,818 1358,818 1403,818 1448,818 1493,821 1537,821 1582,821 1585,821"/>
                <TextEquiv>
                    <Unicode>ne geredet. Man glaubt, daß die Nachricht davon</Unicode>
                </TextEquiv>
            </TextLine>
            <TextLine id="r_46_tl_4" custom="readingOrder {index:3;}">
                <Coords points="719,863 1582,870 1582,835 1488,819 719,824"/>
                <Baseline points="731,854 776,854 821,854 865,856 910,856 955,856 1000,856 1045,856 1089,859 1134,859 1179,859 1224,856 1269,859 1313,859 1358,859 1403,859 1448,862 1493,862 1537,862 1582,862 1588,862"/>
                <TextEquiv>
                    <Unicode>bloß eine Ueberlieferung aus dem Alterthum ist; der</Unicode>
                </TextEquiv>
            </TextLine>
            <TextLine id="r_46_tl_5" custom="readingOrder {index:4;}">
                <Coords points="719,937 867,977 964,942 1735,972 1733,924 1650,907 719,900"/>
                <Baseline points="731,937 776,940 821,940 865,940 910,940 955,940 1000,943 1045,940 1089,943 1134,943 1179,946 1224,946 1269,943 1313,946 1358,946 1403,946 1448,946 1493,946 1537,949 1582,946 1591,946 1612,949 1657,952 1702,952 1740,955"/>
                <TextEquiv>
                    <Unicode>der Weißager. Die Weißager brachten ihre Prophe= 24 gr.</Unicode>
                </TextEquiv>
            </TextLine>
            <TextEquiv>
                <Unicode></Unicode>
            </TextEquiv>
        </TextRegion>
        <TextRegion id="r_55" custom="readingOrder {index:1;}">
            <Coords points="1596,1040 1587,2974 698,2974 698,1040"/>
            <TextLine id="r_55_tl_1" custom="readingOrder {index:0;}">
                <Coords points="920,1095 1016,1101 1053,1125 1119,1097 1200,1125 1278,1101 1383,1130 1383,1053 1339,1029 1204,1062 920,1040"/>
                <Baseline points="931,1092 976,1092 1021,1092 1066,1095 1110,1095 1155,1095 1200,1095 1245,1095 1289,1092 1334,1095 1379,1098 1388,1098"/>
                <TextEquiv>
                    <Unicode>Berlin, vom 5. März.</Unicode>
                </TextEquiv>
            </TextLine>
            <TextLine id="r_55_tl_2" custom="readingOrder {index:1;}">
                <Coords points="765,1165 1586,1165 1586,1119 1477,1106 1370,1130 1272,1101 1202,1127 1123,1097 1012,1130 765,1110"/>
                <Baseline points="776,1155 821,1155 865,1155 910,1155 955,1155 1000,1155 1045,1155 1089,1155 1134,1155 1179,1155 1224,1158 1269,1158 1313,1155 1358,1158 1403,1155 1448,1155 1493,1155 1537,1155 1582,1155 1591,1155"/>
                <TextEquiv>
                    <Unicode>Am Sonntage hat der Hof die Trauer wegen des</Unicode>
                </TextEquiv>
            </TextLine>
            <TextLine id="r_55_tl_3" custom="readingOrder {index:2;}">
                <Coords points="717,1208 1580,1210 1554,1160 832,1169 717,1145"/>
                <Baseline points="728,1200 773,1200 818,1197 862,1197 907,1197 952,1197 997,1197 1042,1197 1086,1200 1131,1200 1176,1200 1221,1200 1266,1197 1310,1197 1355,1197 1400,1197 1445,1197 1490,1197 1534,1197 1579,1200 1585,1200"/>
                <TextEquiv>
                    <Unicode>Absterbens Sr. Königl. Majestät von Schweden, auf</Unicode>
                </TextEquiv>
            </TextLine>
            <TextLine id="r_55_tl_4" custom="readingOrder {index:3;}">
                <Coords points="719,1324 1586,1331 1586,1285 719,1289"/>
                <Baseline points="731,1319 740,1319 785,1322 830,1322 874,1319 919,1319 964,1319 1009,1319 1054,1322 1098,1319 1143,1322 1188,1322 1233,1322 1278,1319 1322,1322 1367,1322 1412,1319 1457,1319 1501,1319 1546,1316 1591,1316"/>
                <TextEquiv>
                    <Unicode>terie auf dem grossen Audienzsaale des Berlinschen</Unicode>
                </TextEquiv>
            </TextLine>
            <TextLine id="r_55_tl_5" custom="readingOrder {index:4;}">
                <Coords points="712,1370 1580,1377 1580,1326 712,1337"/>
                <Baseline points="725,1364 734,1364 779,1364 824,1364 868,1364 913,1364 958,1361 1003,1361 1048,1364 1092,1361 1137,1364 1182,1364 1227,1364 1272,1364 1316,1361 1361,1361 1406,1361 1451,1361 1496,1361 1540,1361 1585,1361"/>
                <TextEquiv>
                    <Unicode>Rathhauses. Die gezogenen Zahlen waren: 21. 27</Unicode>
                </TextEquiv>
            </TextLine>
            <TextLine id="r_55_tl_6" custom="readingOrder {index:5;}">
                <Coords points="719,1477 1573,1462 1573,1414 1532,1409 719,1405"/>
                <Baseline points="731,1454 773,1451 818,1454 862,1454 907,1454 952,1451 997,1451 1042,1451 1086,1451 1131,1451 1176,1451 1221,1451 1266,1451 1310,1451 1355,1451 1400,1451 1445,1451 1490,1448 1534,1448 1579,1448"/>
                <TextEquiv>
                    <Unicode>Lotterie, ist auf den 25sten dieses anberamet worden.</Unicode>
                </TextEquiv>
            </TextLine>
            <TextLine id="r_55_tl_7" custom="readingOrder {index:6;}">
                <Coords points="913,1514 972,1530 1385,1521 1385,1457 1261,1455 1210,1486 1049,1495 1023,1473 1009,1486 950,1468 913,1477"/>
                <Baseline points="925,1513 970,1513 1015,1513 1060,1516 1104,1513 1149,1513 1194,1513 1239,1513 1284,1513 1328,1513 1373,1513 1391,1513"/>
                <TextEquiv>
                    <Unicode>Wien, vom 20. Februar.</Unicode>
                </TextEquiv>
            </TextLine>
            <TextLine id="r_55_tl_8" custom="readingOrder {index:7;}">
                <Coords points="758,1554 1005,1580 1580,1567 1567,1503 1034,1534 758,1514"/>
                <Baseline points="770,1549 815,1552 859,1555 904,1555 949,1555 994,1555 1039,1558 1083,1555 1128,1555 1173,1555 1218,1555 1263,1555 1307,1555 1352,1555 1397,1555 1442,1555 1487,1555 1531,1555 1576,1555 1585,1555"/>
                <TextEquiv>
                    <Unicode>Vorigen Montag soll der hier befindliche Rußisch¬</Unicode>
                </TextEquiv>
            </TextLine>
            <TextLine id="r_55_tl_9" custom="readingOrder {index:8;}">
                <Coords points="717,1602 1588,1602 1588,1562 1020,1580 717,1545"/>
                <Baseline points="728,1594 773,1597 818,1597 862,1597 907,1597 952,1597 997,1600 1042,1597 1086,1597 1131,1594 1176,1594 1221,1594 1266,1594 1310,1597 1355,1597 1400,1597 1445,1594 1490,1594 1534,1594 1579,1597 1591,1597"/>
                <TextEquiv>
                    <Unicode>kaiserl. Minister, Fürst von Galliczin, bey beyden</Unicode>
                </TextEquiv>
            </TextLine>
            <TextLine id="r_55_tl_10" custom="readingOrder {index:9;}">
                <Coords points="717,1647 1578,1641 1562,1599 717,1602"/>
                <Baseline points="728,1639 731,1639 776,1639 821,1636 865,1639 910,1639 955,1636 1000,1636 1045,1636 1089,1636 1134,1636 1179,1636 1224,1636 1269,1636 1313,1636 1358,1639 1403,1636 1448,1636 1493,1636 1537,1636 1582,1636"/>
                <TextEquiv>
                    <Unicode>Kaiserl. Majestäten eine lange Conferenz gehabt haben.</Unicode>
                </TextEquiv>
            </TextLine>
            <TextLine id="r_55_tl_11" custom="readingOrder {index:10;}">
                <Coords points="719,1682 1580,1685 1580,1639 719,1647"/>
                <Baseline points="731,1678 734,1678 779,1678 824,1678 868,1678 913,1678 958,1678 1003,1678 1048,1678 1092,1678 1137,1678 1182,1678 1227,1678 1272,1678 1316,1678 1361,1678 1406,1678 1451,1678 1496,1678 1540,1675 1585,1675"/>
                <TextEquiv>
                    <Unicode>Man will auch wissen, daß derselbe eine wichtige schrift</Unicode>
                </TextEquiv>
            </TextLine>
            <TextLine id="r_55_tl_12" custom="readingOrder {index:11;}">
                <Coords points="717,1724 1580,1737 1580,1685 1543,1678 1414,1700 717,1678"/>
                <Baseline points="728,1722 734,1722 779,1722 824,1722 868,1722 913,1722 958,1719 1003,1722 1048,1722 1092,1719 1137,1719 1182,1719 1227,1719 1272,1719 1316,1719 1361,1719 1406,1719 1451,1719 1496,1719 1540,1722 1585,1716"/>
                <TextEquiv>
                    <Unicode>liche Erklärung seines Hofes übergeben habe, von dessen</Unicode>
                </TextEquiv>
            </TextLine>
            <TextLine id="r_55_tl_13" custom="readingOrder {index:12;}">
                <Coords points="719,1776 1580,1770 1580,1737 1495,1720 719,1724"/>
                <Baseline points="731,1770 776,1764 821,1764 865,1764 910,1764 955,1764 1000,1764 1045,1764 1089,1764 1134,1764 1179,1764 1224,1764 1269,1764 1313,1764 1358,1764 1403,1764 1448,1764 1493,1761 1537,1761 1582,1761"/>
                <TextEquiv>
                    <Unicode>Inhalte sich nichts gewisses angeben läßt; obgleich einige</Unicode>
                </TextEquiv>
            </TextLine>
            <TextLine id="r_55_tl_14" custom="readingOrder {index:13;}">
                <Coords points="719,1809 1580,1814 1580,1770 1538,1768 719,1774"/>
                <Baseline points="731,1809 734,1806 779,1806 824,1806 868,1806 913,1806 958,1806 1003,1806 1048,1806 1092,1806 1137,1806 1182,1803 1227,1806 1272,1806 1316,1809 1361,1806 1406,1806 1451,1803 1496,1806 1540,1806 1585,1806"/>
                <TextEquiv>
                    <Unicode>behaupten, daß nebst dieser Erklärung gedachter Mini¬</Unicode>
                </TextEquiv>
            </TextLine>
            <TextLine id="r_55_tl_15" custom="readingOrder {index:14;}">
                <Coords points="721,1859 1582,1853 1582,1814 1481,1805 721,1809"/>
                <Baseline points="734,1851 737,1851 782,1848 827,1851 871,1851 916,1851 961,1848 1006,1848 1051,1851 1095,1848 1140,1848 1185,1848 1230,1848 1275,1848 1319,1851 1364,1848 1409,1848 1454,1848 1499,1848 1543,1845 1588,1848"/>
                <TextEquiv>
                    <Unicode>ster auch zu gleicher Zeit im Namen Ihrer Rußischkai¬</Unicode>
                </TextEquiv>
            </TextLine>
            <TextLine id="r_55_tl_16" custom="readingOrder {index:15;}">
                <Coords points="719,1905 1580,1897 1580,1855 1545,1851 719,1859"/>
                <Baseline points="731,1896 776,1893 821,1890 865,1890 910,1890 955,1890 1000,1890 1045,1890 1089,1887 1134,1890 1179,1890 1224,1890 1269,1890 1313,1890 1358,1890 1403,1890 1448,1890 1493,1890 1537,1890 1582,1887"/>
                <TextEquiv>
                    <Unicode>serl. Majestät um den Durchmarsch einer grossen An¬</Unicode>
                </TextEquiv>
            </TextLine>
            <TextLine id="r_55_tl_17" custom="readingOrder {index:16;}">
                <Coords points="712,1947 1578,1936 1578,1897 1523,1890 712,1903"/>
                <Baseline points="725,1937 731,1937 776,1931 821,1931 865,1931 910,1934 955,1931 1000,1931 1045,1931 1089,1928 1134,1928 1179,1931 1224,1928 1269,1931 1313,1931 1358,1931 1403,1931 1448,1931 1493,1931 1537,1931 1582,1928"/>
                <TextEquiv>
                    <Unicode>zahl Rußischer Truppen durch Ungarn Ansuchung ge¬</Unicode>
                </TextEquiv>
            </TextLine>
            <TextLine id="r_55_tl_18" custom="readingOrder {index:17;}">
                <Coords points="719,1977 1580,1986 1580,1938 719,1945"/>
                <Baseline points="731,1973 776,1973 821,1973 865,1973 910,1973 955,1976 1000,1973 1045,1973 1089,1973 1134,1973 1179,1973 1224,1970 1269,1970 1313,1973 1358,1970 1403,1973 1448,1970 1493,1970 1537,1973 1582,1970"/>
                <TextEquiv>
                    <Unicode>than habe. Man versichert auch mit vieler Gewiß¬</Unicode>
                </TextEquiv>
            </TextLine>
            <TextLine id="r_55_tl_19" custom="readingOrder {index:18;}">
                <Coords points="719,2034 1582,2030 1582,1986 1464,1973 719,1977"/>
                <Baseline points="731,2018 737,2015 782,2015 827,2015 871,2015 916,2015 961,2015 1006,2015 1051,2012 1095,2012 1140,2015 1185,2012 1230,2015 1275,2015 1319,2015 1364,2015 1409,2015 1454,2015 1499,2015 1543,2012 1588,2015"/>
                <TextEquiv>
                    <Unicode>heit, daß von Sr. Majestät, dem Kaiser, der Antrag</Unicode>
                </TextEquiv>
            </TextLine>
            <TextLine id="r_55_tl_20" custom="readingOrder {index:19;}">
                <Coords points="717,2076 1580,2065 1580,2028 1547,2019 717,2034"/>
                <Baseline points="728,2063 734,2063 779,2060 824,2057 868,2057 913,2057 958,2057 1003,2057 1048,2057 1092,2057 1137,2057 1182,2054 1227,2057 1272,2057 1316,2057 1361,2057 1406,2057 1451,2057 1496,2057 1540,2057 1585,2054"/>
                <TextEquiv>
                    <Unicode>gemacht worden, auf kuͤnftigen Monat April ein Lager</Unicode>
                </TextEquiv>
            </TextLine>
            <TextLine id="r_55_tl_21" custom="readingOrder {index:20;}">
                <Coords points="712,2109 1578,2106 1578,2069 1508,2063 712,2078"/>
                <Baseline points="725,2102 731,2102 776,2099 821,2099 865,2099 910,2096 955,2099 1000,2096 1045,2096 1089,2096 1134,2096 1179,2096 1224,2096 1269,2099 1313,2099 1358,2099 1403,2099 1448,2096 1493,2099 1537,2099 1582,2099"/>
                <TextEquiv>
                    <Unicode>von 60000 Mann in der Gegend Pest zusammen zu</Unicode>
                </TextEquiv>
            </TextLine>
            <TextLine id="r_55_tl_22" custom="readingOrder {index:21;}">
                <Coords points="710,2152 1573,2154 1573,2111 1536,2104 710,2111"/>
                <Baseline points="722,2146 728,2146 773,2143 818,2141 862,2141 907,2138 952,2138 997,2138 1042,2138 1086,2138 1131,2138 1176,2141 1221,2138 1266,2141 1310,2141 1355,2141 1400,2141 1445,2141 1490,2141 1534,2141 1579,2143"/>
                <TextEquiv>
                    <Unicode>ziehen, und daß Dieselben entschlossen seyn sollen, gleich</Unicode>
                </TextEquiv>
            </TextLine>
            <TextLine id="r_55_tl_23" custom="readingOrder {index:22;}">
                <Coords points="717,2200 1580,2196 1580,2154 1534,2146 717,2159"/>
                <Baseline points="728,2188 734,2188 779,2182 824,2182 868,2182 913,2179 958,2179 1003,2179 1048,2179 1092,2179 1137,2182 1182,2182 1227,2182 1272,2182 1316,2182 1361,2179 1406,2179 1451,2182 1496,2182 1540,2182 1585,2185"/>
                <TextEquiv>
                    <Unicode>zu Anfange dieses Monats von hier dahin abzu¬</Unicode>
                </TextEquiv>
            </TextLine>
            <TextLine id="r_55_tl_24" custom="readingOrder {index:23;}">
                <Coords points="710,2242 1573,2253 1573,2194 1492,2187 710,2196"/>
                <Baseline points="722,2224 767,2224 812,2224 856,2224 901,2224 946,2224 991,2224 1036,2224 1080,2224 1125,2227 1170,2227 1215,2227 1260,2227 1304,2227 1349,2224 1394,2227 1439,2224 1484,2224 1528,2230 1573,2227 1579,2230"/>
                <TextEquiv>
                    <Unicode>reisen, um selbiges in höchsten Augenschein zu</Unicode>
                </TextEquiv>
            </TextLine>
            <TextLine id="r_55_tl_25" custom="readingOrder {index:24;}">
                <Coords points="712,2286 725,2283 734,2290 760,2283 787,2299 791,2294 813,2305 863,2296 865,2224 843,2222 819,2240 789,2242 771,2231 756,2242 743,2235 714,2242"/>
                <Baseline points="725,2272 734,2269 779,2269 824,2266 868,2266"/>
                <TextEquiv>
                    <Unicode>nehmen.</Unicode>
                </TextEquiv>
            </TextLine>
            <TextLine id="r_55_tl_26" custom="readingOrder {index:25;}">
                <Coords points="848,2320 1451,2318 1451,2248 848,2251"/>
                <Baseline points="859,2305 904,2308 949,2305 994,2305 1039,2305 1083,2308 1128,2308 1173,2308 1218,2308 1263,2308 1307,2308 1352,2311 1397,2311 1442,2308 1457,2308"/>
                <TextEquiv>
                    <Unicode>Aus der Wallachey, vom 28. Jan.</Unicode>
                </TextEquiv>
            </TextLine>
            <TextLine id="r_55_tl_27" custom="readingOrder {index:26;}">
                <Coords points="756,2353 1580,2366 1580,2314 1516,2292 1425,2325 999,2307 846,2329 756,2305"/>
                <Baseline points="767,2350 812,2350 856,2350 901,2350 946,2347 991,2347 1036,2347 1080,2350 1125,2350 1170,2350 1215,2350 1260,2350 1304,2350 1349,2350 1394,2350 1439,2350 1484,2350 1528,2350 1573,2350 1585,2350"/>
                <TextEquiv>
                    <Unicode>Der neue Großvezier soll dem Grafen von Roman¬</Unicode>
                </TextEquiv>
            </TextLine>
            <TextLine id="r_55_tl_28" custom="readingOrder {index:27;}">
                <Coords points="710,2412 1573,2401 1549,2358 710,2347"/>
                <Baseline points="722,2397 767,2391 812,2391 856,2391 901,2391 946,2391 991,2391 1036,2388 1080,2391 1125,2391 1170,2394 1215,2391 1260,2391 1304,2391 1349,2391 1394,2394 1439,2394 1484,2391 1528,2394 1573,2394 1579,2397"/>
                <TextEquiv>
                    <Unicode>zow eine Zusammenkunft zu Ismail vorgeschlagen, die</Unicode>
                </TextEquiv>
            </TextLine>
            <TextLine id="r_55_tl_29" custom="readingOrder {index:28;}">
                <Coords points="710,2484 1571,2493 1545,2443 710,2447"/>
                <Baseline points="722,2478 767,2475 812,2478 856,2475 901,2475 946,2475 991,2472 1036,2472 1080,2472 1125,2475 1170,2475 1215,2475 1260,2478 1304,2478 1349,2478 1394,2478 1439,2478 1484,2478 1528,2478 1573,2481 1576,2481"/>
                <TextEquiv>
                    <Unicode>man sich Rußischer Seite in Unterhandlungen einlasser</Unicode>
                </TextEquiv>
            </TextLine>
            <TextLine id="r_55_tl_30" custom="readingOrder {index:29;}">
                <Coords points="712,2532 1567,2528 1567,2491 1527,2484 712,2487"/>
                <Baseline points="725,2520 770,2517 815,2517 859,2517 904,2517 949,2517 994,2517 1039,2514 1083,2514 1128,2517 1173,2517 1218,2517 1263,2520 1307,2520 1352,2520 1397,2520 1442,2517 1487,2520 1531,2520 1573,2520"/>
                <TextEquiv>
                    <Unicode>würde, der Herr von Obreskow, welcher beym An</Unicode>
                </TextEquiv>
            </TextLine>
            <TextLine id="r_55_tl_31" custom="readingOrder {index:30;}">
                <Coords points="712,2576 1573,2580 1573,2532 1536,2526 712,2532"/>
                <Baseline points="725,2562 770,2562 815,2559 859,2559 904,2559 949,2559 994,2559 1039,2559 1083,2559 1128,2559 1173,2559 1218,2559 1263,2562 1307,2559 1352,2565 1397,2562 1442,2562 1487,2565 1531,2562 1576,2565 1579,2565"/>
                <TextEquiv>
                    <Unicode>fange des Kriegs arretirt worden, in Freyheit gesetzt</Unicode>
                </TextEquiv>
            </TextLine>
            <TextLine id="r_55_tl_32" custom="readingOrder {index:31;}">
                <Coords points="712,2613 1573,2618 1573,2576 1519,2567 712,2576"/>
                <Baseline points="725,2603 770,2600 815,2600 859,2600 904,2600 949,2600 994,2600 1039,2600 1083,2600 1128,2600 1173,2600 1218,2603 1263,2600 1307,2603 1352,2603 1397,2603 1442,2603 1487,2603 1531,2606 1576,2606 1579,2606"/>
                <TextEquiv>
                    <Unicode>werden müste. Man glaubt inzwischen, daß der Frie¬</Unicode>
                </TextEquiv>
            </TextLine>
            <TextLine id="r_55_tl_33" custom="readingOrder {index:32;}">
                <Coords points="712,2655 1573,2653 1547,2611 712,2613"/>
                <Baseline points="725,2645 770,2642 815,2642 859,2642 904,2642 949,2642 994,2642 1039,2642 1083,2642 1128,2642 1173,2642 1218,2645 1263,2642 1307,2645 1352,2645 1397,2645 1442,2648 1487,2645 1531,2648 1576,2645"/>
                <TextEquiv>
                    <Unicode>de vielleicht durch die beyderseitigen Generals geschlossen</Unicode>
                </TextEquiv>
            </TextLine>
            <TextLine id="r_55_tl_34" custom="readingOrder {index:33;}">
                <Coords points="710,2690 1564,2703 1564,2655 710,2650"/>
                <Baseline points="722,2684 767,2684 812,2684 856,2684 901,2684 946,2684 991,2684 1036,2684 1080,2684 1125,2684 1170,2684 1215,2684 1260,2684 1304,2684 1349,2687 1394,2687 1439,2690 1484,2690 1528,2690 1570,2690"/>
                <TextEquiv>
                    <Unicode>werden könnte. Die Russen stehn nahe bey Ismai</Unicode>
                </TextEquiv>
            </TextLine>
            <TextLine id="r_55_tl_35" custom="readingOrder {index:34;}">
                <Coords points="704,2736 1575,2738 1575,2696 704,2701"/>
                <Baseline points="716,2729 761,2726 806,2726 851,2726 895,2726 940,2726 985,2726 1030,2726 1074,2726 1119,2726 1164,2726 1209,2726 1254,2726 1298,2729 1343,2729 1388,2729 1433,2726 1478,2729 1522,2729 1567,2732 1579,2732"/>
                <TextEquiv>
                    <Unicode>low, und die Kosacken streifen weit und breit um¬</Unicode>
                </TextEquiv>
            </TextLine>
            <TextLine id="r_55_tl_36" custom="readingOrder {index:35;}">
                <Coords points="710,2782 1562,2779 1562,2733 710,2733"/>
                <Baseline points="722,2771 767,2771 812,2771 856,2768 901,2768 946,2768 991,2768 1036,2768 1080,2768 1125,2768 1170,2768 1215,2768 1260,2768 1304,2771 1349,2771 1394,2771 1439,2771 1484,2771 1528,2771 1567,2774"/>
                <TextEquiv>
                    <Unicode>her, sogar bis Parna und Viddin, um den Türken</Unicode>
                </TextEquiv>
            </TextLine>
            <TextLine id="r_55_tl_37" custom="readingOrder {index:36;}">
                <Coords points="708,2830 1573,2834 1573,2782 1523,2777 708,2779"/>
                <Baseline points="719,2812 764,2809 809,2809 854,2812 898,2809 943,2815 988,2812 1033,2812 1077,2812 1122,2815 1167,2815 1212,2818 1257,2815 1301,2815 1346,2815 1391,2815 1436,2815 1481,2815 1525,2815 1570,2818 1579,2821"/>
                <TextEquiv>
                    <Unicode>welche noch zu Babadagh stehen, die Lebensmittel</Unicode>
                </TextEquiv>
            </TextLine>
            <TextLine id="r_55_tl_38" custom="readingOrder {index:37;}">
                <Coords points="697,2865 743,2860 784,2878 802,2873 819,2889 857,2886 883,2867 950,2884 950,2832 924,2821 867,2816 852,2825 819,2814 776,2825 749,2814 697,2834"/>
                <Baseline points="710,2857 755,2857 800,2854 845,2857 889,2857 934,2857 955,2857"/>
                <TextEquiv>
                    <Unicode>abzuschneiden.</Unicode>
                </TextEquiv>
            </TextLine>
            <TextEquiv>
                <Unicode></Unicode>
            </TextEquiv>
        </TextRegion>
        <TextRegion id="r_26" custom="readingOrder {index:2;}">
            <Coords points="1599,635 2532,635 2532,966 1597,966"/>
            <TextLine id="r_26_tl_1" custom="readingOrder {index:0;}">
                <Coords points="1298,693 2476,717 2476,627 2441,618 2305,666 1298,627"/>
                <Baseline points="1310,686 1355,686 1400,686 1439,689 1463,689 1507,692 1552,695 1591,698 1618,701 1663,695 1708,695 1752,695 1797,695 1842,698 1887,698 1931,698 1976,698 2021,695 2066,695 2111,695 2155,698 2200,698 2245,701 2290,701 2335,704 2379,704 2424,704 2469,707 2478,707"/>
                <TextEquiv>
                    <Unicode>— — Endlich zeihungen in Gesängen hervor, und hieraus hat man</Unicode>
                </TextEquiv>
            </TextLine>
            <TextLine id="r_26_tl_2" custom="readingOrder {index:1;}">
                <Coords points="725,787 2467,802 2467,749 725,736"/>
                <Baseline points="737,773 782,770 827,773 871,770 916,773 961,773 1006,773 1051,773 1095,776 1140,776 1185,776 1230,776 1275,773 1319,776 1364,776 1409,776 1454,776 1499,779 1543,779 1588,779 1615,779 1660,779 1705,779 1749,779 1794,779 1839,779 1884,782 1928,782 1973,782 2018,782 2063,782 2108,782 2152,782 2197,782 2242,782 2287,785 2332,785 2376,788 2421,788 2466,788 2472,788"/>
                <TextEquiv>
                    <Unicode>schen Anzeigen entlehnt ist) von dem Gesang der Schwa= Wir ermuntern die Sammler dieser Belustigungen</Unicode>
                </TextEquiv>
            </TextLine>
            <TextLine id="r_26_tl_3" custom="readingOrder {index:2;}">
                <Coords points="1604,832 2469,850 2445,793 1604,780"/>
                <Baseline points="1615,824 1660,821 1705,818 1749,821 1794,821 1839,824 1884,824 1928,824 1973,824 2018,824 2063,824 2108,824 2152,824 2197,827 2242,827 2287,827 2332,830 2376,830 2421,830 2466,833 2475,833"/>
                <TextEquiv>
                    <Unicode>zur Fortsetzung, und wünschen, daß sie uns mehr in¬</Unicode>
                </TextEquiv>
            </TextLine>
            <TextLine id="r_26_tl_4" custom="readingOrder {index:3;}">
                <Coords points="1606,872 2473,881 2473,848 2401,835 1606,832"/>
                <Baseline points="1618,862 1663,862 1708,862 1752,865 1797,862 1842,865 1887,865 1931,865 1976,865 2021,868 2066,868 2111,868 2155,865 2200,865 2245,865 2290,868 2335,868 2379,871 2424,871 2469,871 2478,871"/>
                <TextEquiv>
                    <Unicode>ländische, als ausländische Produkte liefern mögen.</Unicode>
                </TextEquiv>
            </TextLine>
            <TextLine id="r_26_tl_5" custom="readingOrder {index:4;}">
                <Coords points="721,900 2467,931 2467,881 2227,863 721,859"/>
                <Baseline points="734,895 779,898 824,895 868,898 913,898 958,898 1003,898 1048,898 1092,901 1137,901 1182,901 1227,901 1272,901 1316,901 1361,901 1406,901 1451,904 1496,904 1540,904 1585,904 1591,904 1612,904 1657,904 1702,904 1746,907 1791,907 1836,907 1881,910 1926,910 1970,910 2015,913 2060,913 2105,913 2149,913 2194,913 2239,910 2284,913 2329,913 2373,916 2418,916 2463,916 2472,916"/>
                <TextEquiv>
                    <Unicode>Schwan war ein Bild der Reinigkeit, und zugleich Kostet in der Kanterschen Buchhandlung 1 fl.</Unicode>
                </TextEquiv>
            </TextLine>
            <TextEquiv>
                <Unicode></Unicode>
            </TextEquiv>
        </TextRegion>
        <TextRegion id="r_35" custom="readingOrder {index:3;}">
            <Coords points="2532,1046 2532,2974 1587,2974 1597,1046"/>
            <TextLine id="r_35_tl_1" custom="readingOrder {index:0;}">
                <Coords points="1722,1130 1912,1110 1964,1134 2050,1108 2364,1127 2362,1071 2307,1051 2248,1075 2154,1029 2130,1047 1877,1025 1720,1040"/>
                <Baseline points="1731,1092 1776,1092 1821,1092 1866,1095 1911,1095 1955,1098 2000,1101 2045,1101 2090,1101 2135,1104 2179,1104 2224,1104 2269,1107 2314,1107 2358,1107 2367,1110"/>
                <TextEquiv>
                    <Unicode>Von der Weichsel, vom 19. Febr.</Unicode>
                </TextEquiv>
            </TextLine>
            <TextLine id="r_35_tl_2" custom="readingOrder {index:1;}">
                <Coords points="1654,1165 2467,1180 2465,1092 2417,1086 2318,1136 2050,1106 1787,1134 1720,1088 1654,1108"/>
                <Baseline points="1666,1152 1711,1155 1755,1155 1800,1155 1845,1155 1890,1155 1934,1158 1979,1158 2024,1161 2069,1164 2114,1164 2158,1164 2203,1164 2248,1167 2293,1167 2338,1167 2382,1173 2427,1173 2472,1173 2475,1170"/>
                <TextEquiv>
                    <Unicode>Briefen aus Petersburg zufolge, wird die grosse</Unicode>
                </TextEquiv>
            </TextLine>
            <TextLine id="r_35_tl_3" custom="readingOrder {index:2;}">
                <Coords points="1608,1208 2469,1221 2467,1180 2318,1169 1606,1165"/>
                <Baseline points="1621,1197 1666,1197 1711,1197 1755,1197 1800,1197 1845,1197 1890,1200 1934,1200 1979,1203 2024,1203 2069,1206 2114,1209 2158,1206 2203,1206 2248,1209 2293,1209 2338,1212 2382,1212 2427,1212 2472,1215 2475,1212"/>
                <TextEquiv>
                    <Unicode>Rußische Armee künftigen Feldzug aus 8340 Mann Ca=</Unicode>
                </TextEquiv>
            </TextLine>
            <TextLine id="r_35_tl_4" custom="readingOrder {index:3;}">
                <Coords points="717,1243 2443,1272 2465,1219 714,1200"/>
                <Baseline points="728,1239 773,1239 818,1239 862,1239 907,1239 952,1239 997,1239 1042,1239 1086,1242 1131,1242 1176,1239 1221,1239 1266,1239 1310,1239 1355,1239 1400,1239 1445,1239 1490,1239 1534,1239 1579,1239 1597,1239 1618,1236 1663,1236 1708,1239 1752,1242 1797,1239 1842,1239 1887,1245 1931,1242 1976,1242 2021,1242 2066,1245 2111,1245 2155,1245 2200,1248 2245,1248 2290,1251 2335,1254 2379,1257 2424,1257 2469,1257 2472,1257"/>
                <TextEquiv>
                    <Unicode>drey Monate angelegt. Gestern Vormittags gegen vallerie, 79000 Infanterie, 1500 Artillerie, 14000</Unicode>
                </TextEquiv>
            </TextLine>
            <TextLine id="r_35_tl_5" custom="readingOrder {index:4;}">
                <Coords points="717,1289 2469,1307 2469,1265 2170,1250 717,1245"/>
                <Baseline points="728,1284 743,1281 788,1281 833,1281 877,1281 922,1281 967,1281 1012,1281 1057,1281 1101,1281 1146,1281 1191,1281 1236,1281 1281,1281 1325,1281 1370,1281 1415,1281 1460,1281 1504,1281 1549,1278 1594,1275 1612,1278 1657,1278 1702,1278 1746,1281 1791,1281 1836,1281 1881,1281 1926,1281 1970,1284 2015,1284 2060,1286 2105,1286 2149,1286 2194,1289 2239,1289 2284,1289 2329,1292 2373,1295 2418,1298 2463,1298 2475,1295"/>
                <TextEquiv>
                    <Unicode>12 Uhr, geschahe die 120ste Ziehung der Königl. Lot= Kalmucken, 15000 Kosacken, und 15000 Tartarn, zu=</Unicode>
                </TextEquiv>
            </TextLine>
            <TextLine id="r_35_tl_6" custom="readingOrder {index:5;}">
                <Coords points="1615,1333 2401,1357 2469,1353 2469,1309 1613,1283"/>
                <Baseline points="1627,1322 1672,1316 1716,1316 1761,1319 1806,1322 1851,1322 1896,1322 1940,1322 1985,1322 2030,1325 2075,1325 2120,1325 2164,1328 2209,1331 2254,1331 2299,1334 2344,1334 2388,1337 2433,1340 2475,1340"/>
                <TextEquiv>
                    <Unicode>sammen 122840 Mann bestehen. Die Curlskischen</Unicode>
                </TextEquiv>
            </TextLine>
            <TextLine id="r_35_tl_7" custom="readingOrder {index:6;}">
                <Coords points="1608,1363 2360,1394 2473,1390 2478,1346 1606,1328"/>
                <Baseline points="1618,1358 1663,1358 1708,1358 1752,1361 1797,1361 1842,1364 1887,1364 1931,1364 1976,1364 2021,1367 2066,1370 2111,1370 2155,1370 2200,1373 2245,1373 2290,1376 2335,1379 2379,1382 2424,1382 2469,1382 2484,1382"/>
                <TextEquiv>
                    <Unicode>und Ritskischen Truppen, welche ein Korps von</Unicode>
                </TextEquiv>
            </TextLine>
            <TextLine id="r_35_tl_8" custom="readingOrder {index:7;}">
                <Coords points="717,1407 2467,1431 2447,1383 1905,1363 717,1372"/>
                <Baseline points="728,1400 773,1406 818,1406 862,1406 907,1409 952,1406 997,1406 1042,1406 1086,1406 1131,1406 1176,1406 1221,1406 1266,1406 1310,1406 1355,1406 1400,1406 1445,1403 1490,1403 1534,1403 1579,1403 1588,1403 1615,1403 1660,1400 1705,1400 1749,1406 1794,1406 1839,1406 1884,1409 1928,1409 1973,1409 2018,1412 2063,1412 2108,1412 2152,1415 2197,1418 2242,1418 2287,1418 2332,1421 2376,1424 2421,1424 2466,1424 2472,1424"/>
                <TextEquiv>
                    <Unicode>70. 20. 33. Die 121ste Ziehung dieser Königlichen 25000 Mann ausmachen, und wozu noch 2 Regi=</Unicode>
                </TextEquiv>
            </TextLine>
            <TextLine id="r_35_tl_9" custom="readingOrder {index:8;}">
                <Coords points="1608,1455 2467,1475 2465,1431 1608,1409"/>
                <Baseline points="1621,1448 1666,1445 1711,1448 1755,1448 1800,1448 1845,1451 1890,1451 1934,1454 1979,1454 2024,1454 2069,1454 2114,1457 2158,1460 2203,1460 2248,1460 2293,1463 2338,1466 2382,1466 2427,1466 2472,1466"/>
                <TextEquiv>
                    <Unicode>menter Dragoner, jedes 1600 Mann und 5 Regi=</Unicode>
                </TextEquiv>
            </TextLine>
            <TextLine id="r_35_tl_10" custom="readingOrder {index:9;}">
                <Coords points="1608,1499 2469,1521 2454,1473 1608,1455"/>
                <Baseline points="1621,1490 1666,1490 1711,1490 1755,1493 1800,1493 1845,1493 1890,1496 1934,1496 1979,1496 2024,1496 2069,1499 2114,1499 2158,1501 2203,1501 2248,1504 2293,1504 2338,1504 2382,1507 2427,1507 2472,1513 2475,1510"/>
                <TextEquiv>
                    <Unicode>menter Infanterie, jedes von 1150 Mann kommen,</Unicode>
                </TextEquiv>
            </TextLine>
            <TextLine id="r_35_tl_11" custom="readingOrder {index:10;}">
                <Coords points="1613,1543 2399,1562 2469,1556 2469,1521 1610,1499"/>
                <Baseline points="1624,1531 1669,1531 1713,1531 1758,1534 1803,1537 1848,1537 1893,1537 1937,1537 1982,1537 2027,1540 2072,1540 2117,1543 2161,1543 2206,1543 2251,1543 2296,1546 2341,1546 2385,1549 2430,1549 2475,1549"/>
                <TextEquiv>
                    <Unicode>sind befehlicht, die Krim, Oczakow und Kirnburn</Unicode>
                </TextEquiv>
            </TextLine>
            <TextLine id="r_35_tl_12" custom="readingOrder {index:11;}">
                <Coords points="1606,1580 2471,1602 2456,1556 1606,1540"/>
                <Baseline points="1618,1570 1663,1570 1708,1573 1752,1576 1797,1576 1842,1576 1887,1576 1931,1579 1976,1579 2021,1582 2066,1582 2111,1582 2155,1582 2200,1585 2245,1585 2290,1585 2335,1588 2379,1591 2424,1591 2469,1594 2475,1594"/>
                <TextEquiv>
                    <Unicode>in Besitz zu nehmen; zu dieser Unternehmung sind</Unicode>
                </TextEquiv>
            </TextLine>
            <TextLine id="r_35_tl_13" custom="readingOrder {index:12;}">
                <Coords points="1608,1617 2443,1645 2469,1602 1606,1582"/>
                <Baseline points="1621,1612 1666,1612 1711,1612 1755,1615 1800,1615 1845,1615 1890,1618 1934,1618 1979,1621 2024,1618 2069,1621 2114,1621 2158,1624 2203,1624 2248,1627 2293,1630 2338,1630 2382,1630 2427,1633 2472,1633 2475,1633"/>
                <TextEquiv>
                    <Unicode>auch noch 6000 Kosacken von der Dnieper bestimmt.</Unicode>
                </TextEquiv>
            </TextLine>
            <TextLine id="r_35_tl_14" custom="readingOrder {index:13;}">
                <Coords points="1602,1674 2428,1689 2467,1682 2465,1641 1599,1613"/>
                <Baseline points="1612,1657 1657,1654 1702,1657 1746,1654 1791,1657 1836,1657 1881,1660 1926,1660 1970,1663 2015,1663 2060,1663 2105,1666 2149,1666 2194,1666 2239,1669 2284,1672 2329,1675 2373,1678 2418,1678 2463,1678 2472,1681"/>
                <TextEquiv>
                    <Unicode>Zu Kinkermann liegt eine Flotte von 14 Schiffen</Unicode>
                </TextEquiv>
            </TextLine>
            <TextLine id="r_35_tl_15" custom="readingOrder {index:14;}">
                <Coords points="1610,1715 2467,1731 2452,1682 1608,1669"/>
                <Baseline points="1621,1705 1666,1699 1711,1696 1755,1699 1800,1699 1845,1702 1890,1702 1934,1702 1979,1705 2024,1705 2069,1708 2114,1708 2158,1711 2203,1713 2248,1713 2293,1713 2338,1716 2382,1716 2427,1719 2472,1719"/>
                <TextEquiv>
                    <Unicode>zu 20 Kanonen, 36 Transportschiffen, 9 Bombardier¬</Unicode>
                </TextEquiv>
            </TextLine>
            <TextLine id="r_35_tl_16" custom="readingOrder {index:15;}">
                <Coords points="1610,1755 2441,1774 2458,1731 1608,1717"/>
                <Baseline points="1621,1746 1666,1740 1711,1740 1755,1740 1800,1743 1845,1743 1890,1746 1934,1746 1979,1749 2024,1752 2069,1752 2114,1752 2158,1755 2203,1755 2248,1758 2293,1761 2338,1761 2382,1758 2427,1758 2466,1758"/>
                <TextEquiv>
                    <Unicode>gallioten und 3 Brander, welche die Herrschaft über</Unicode>
                </TextEquiv>
            </TextLine>
            <TextLine id="r_35_tl_17" custom="readingOrder {index:16;}">
                <Coords points="1606,1790 2410,1818 2467,1809 2467,1770 1604,1757"/>
                <Baseline points="1618,1782 1663,1782 1708,1782 1752,1785 1797,1785 1842,1788 1887,1788 1931,1791 1976,1791 2021,1791 2066,1794 2111,1794 2155,1797 2200,1797 2245,1803 2290,1800 2335,1800 2379,1800 2424,1803 2469,1803 2472,1803"/>
                <TextEquiv>
                    <Unicode>die schwarze See behaupten soll. Ausser obgedachten</Unicode>
                </TextEquiv>
            </TextLine>
            <TextLine id="r_35_tl_18" custom="readingOrder {index:17;}">
                <Coords points="1608,1831 2441,1859 2469,1814 1606,1790"/>
                <Baseline points="1618,1821 1663,1824 1708,1827 1752,1827 1797,1830 1842,1830 1887,1830 1931,1830 1976,1833 2021,1833 2066,1836 2111,1836 2155,1836 2200,1839 2245,1842 2290,1842 2335,1842 2379,1845 2424,1842 2469,1848 2475,1848"/>
                <TextEquiv>
                    <Unicode>Kosacken, sollen noch andere 30000 Mann aus der</Unicode>
                </TextEquiv>
            </TextLine>
            <TextLine id="r_35_tl_19" custom="readingOrder {index:18;}">
                <Coords points="1606,1877 1835,1910 2054,1886 2172,1918 2469,1894 2467,1853 1606,1831"/>
                <Baseline points="1618,1866 1663,1866 1708,1869 1752,1872 1797,1872 1842,1872 1887,1872 1931,1875 1976,1875 2021,1878 2066,1881 2111,1881 2155,1881 2200,1884 2245,1884 2290,1887 2335,1887 2379,1887 2424,1887 2469,1887 2472,1890"/>
                <TextEquiv>
                    <Unicode>Ukraine, den Vortrupp der grossen Rußischen Armee</Unicode>
                </TextEquiv>
            </TextLine>
            <TextLine id="r_35_tl_20" custom="readingOrder {index:19;}">
                <Coords points="1608,1925 1623,1929 1637,1923 1647,1929 1676,1918 1696,1923 1711,1916 1737,1932 1770,1936 1770,1897 1759,1897 1744,1881 1676,1875 1641,1883 1630,1873 1610,1875"/>
                <Baseline points="1621,1914 1666,1911 1711,1911 1755,1911 1773,1914"/>
                <TextEquiv>
                    <Unicode>formiren.</Unicode>
                </TextEquiv>
            </TextLine>
            <TextLine id="r_35_tl_21" custom="readingOrder {index:20;}">
                <Coords points="1715,2019 1953,1980 2347,2008 2345,1936 2268,1912 2205,1945 2133,1905 1999,1940 1866,1916 1713,1927"/>
                <Baseline points="1728,1976 1773,1976 1818,1979 1863,1979 1908,1979 1952,1979 1997,1979 2042,1982 2087,1982 2132,1982 2176,1982 2221,1985 2266,1985 2311,1988 2350,1994"/>
                <TextEquiv>
                    <Unicode>Auszug eines Schreibens aus Polen,</Unicode>
                </TextEquiv>
            </TextLine>
            <TextLine id="r_35_tl_22" custom="readingOrder {index:21;}">
                <Coords points="1908,2039 1936,2047 1984,2025 2039,2050 2058,2036 2080,2050 2095,2036 2104,2045 2130,2034 2168,2039 2168,1984 2091,1986 2065,2006 2008,1984 1991,1997 1960,1977 1945,1988 1908,1984"/>
                <Baseline points="1920,2021 1964,2021 2009,2024 2054,2024 2099,2027 2143,2024 2170,2024"/>
                <TextEquiv>
                    <Unicode>vom 20. Febr.</Unicode>
                </TextEquiv>
            </TextLine>
            <TextLine id="r_35_tl_23" custom="readingOrder {index:22;}">
                <Coords points="1637,2078 2467,2104 2467,2032 2423,2017 2222,2056 1938,2045 1859,2012 1833,2039 1637,2043"/>
                <Baseline points="1648,2075 1693,2078 1737,2078 1782,2078 1827,2081 1872,2081 1917,2081 1961,2081 2006,2081 2051,2087 2096,2087 2141,2087 2185,2090 2230,2090 2275,2093 2320,2093 2364,2096 2409,2096 2454,2096 2472,2096"/>
                <TextEquiv>
                    <Unicode>Die Winterquartiere der Rußischen Armee an der</Unicode>
                </TextEquiv>
            </TextLine>
            <TextLine id="r_35_tl_24" custom="readingOrder {index:23;}">
                <Coords points="1606,2133 2294,2154 2460,2146 2460,2109 1604,2076"/>
                <Baseline points="1615,2117 1660,2117 1705,2120 1749,2123 1794,2123 1839,2123 1884,2123 1928,2123 1973,2123 2018,2126 2063,2126 2108,2129 2152,2129 2197,2132 2242,2135 2287,2135 2332,2138 2376,2138 2421,2141 2466,2141 2469,2138"/>
                <TextEquiv>
                    <Unicode>Donau, sind jetzo sehr ruhig, und die Armee geniesset</Unicode>
                </TextEquiv>
            </TextLine>
            <TextLine id="r_35_tl_25" custom="readingOrder {index:24;}">
                <Coords points="1602,2168 2434,2194 2462,2187 2460,2143 1599,2135"/>
                <Baseline points="1612,2158 1657,2161 1702,2161 1746,2164 1791,2161 1836,2164 1881,2164 1926,2164 1970,2164 2015,2167 2060,2167 2105,2170 2149,2170 2194,2173 2239,2176 2284,2176 2329,2179 2373,2182 2418,2179 2463,2182 2466,2182"/>
                <TextEquiv>
                    <Unicode>alle mögliche Verpflegung; die Krankheiten in Podo¬</Unicode>
                </TextEquiv>
            </TextLine>
            <TextLine id="r_35_tl_26" custom="readingOrder {index:25;}">
                <Coords points="1604,2211 2441,2237 2460,2187 1602,2168"/>
                <Baseline points="1615,2203 1660,2203 1705,2203 1749,2203 1794,2203 1839,2206 1884,2206 1928,2206 1973,2206 2018,2209 2063,2209 2108,2215 2152,2218 2197,2218 2242,2218 2287,2218 2332,2221 2376,2221 2421,2224 2466,2224"/>
                <TextEquiv>
                    <Unicode>lien haben gänzlich nachgelassen. Zu Berdiczew sind</Unicode>
                </TextEquiv>
            </TextLine>
            <TextLine id="r_35_tl_27" custom="readingOrder {index:26;}">
                <Coords points="1604,2253 2460,2279 2443,2229 1604,2211"/>
                <Baseline points="1615,2245 1660,2245 1705,2245 1749,2248 1794,2248 1839,2245 1884,2248 1928,2248 1973,2248 2018,2251 2063,2254 2108,2257 2152,2257 2197,2257 2242,2260 2287,2260 2332,2263 2376,2263 2421,2263 2466,2269 2469,2266"/>
                <TextEquiv>
                    <Unicode>bereits Russen eingeruͤckt, und Nachrichten melden, daß</Unicode>
                </TextEquiv>
            </TextLine>
            <TextLine id="r_35_tl_28" custom="readingOrder {index:27;}">
                <Coords points="1599,2299 2447,2323 2473,2283 1597,2255"/>
                <Baseline points="1612,2287 1657,2287 1702,2287 1746,2290 1791,2287 1836,2287 1881,2290 1926,2290 1970,2290 2015,2293 2060,2296 2105,2299 2149,2299 2194,2302 2239,2302 2284,2305 2329,2302 2373,2305 2418,2308 2463,2311 2478,2311"/>
                <TextEquiv>
                    <Unicode>an 20000 Mann binnen 14 Tagen eintreffen werden,</Unicode>
                </TextEquiv>
            </TextLine>
            <TextLine id="r_35_tl_29" custom="readingOrder {index:28;}">
                <Coords points="1604,2336 2449,2371 2465,2318 1602,2294"/>
                <Baseline points="1615,2329 1660,2329 1705,2332 1749,2332 1794,2329 1839,2329 1884,2332 1928,2332 1973,2335 2018,2338 2063,2338 2108,2341 2152,2341 2197,2344 2242,2344 2287,2344 2332,2344 2376,2350 2421,2353 2466,2353 2469,2353"/>
                <TextEquiv>
                    <Unicode>welche zur grossen Armee gehen; alle Anstalten lassen</Unicode>
                </TextEquiv>
            </TextLine>
            <TextLine id="r_35_tl_30" custom="readingOrder {index:29;}">
                <Coords points="1599,2382 2428,2395 2428,2369 2334,2351 1599,2347"/>
                <Baseline points="1612,2370 1657,2370 1702,2373 1746,2373 1791,2370 1836,2373 1881,2373 1926,2376 1970,2376 2015,2379 2060,2379 2105,2382 2149,2382 2194,2382 2239,2382 2284,2385 2329,2385 2373,2391 2418,2388 2433,2388"/>
                <TextEquiv>
                    <Unicode>eine frühe Eröfnung der Campagne vermuthen.</Unicode>
                </TextEquiv>
            </TextLine>
            <TextLine id="r_35_tl_31" custom="readingOrder {index:30;}">
                <Coords points="1606,2423 2434,2447 2460,2441 2458,2395 1604,2382"/>
                <Baseline points="1615,2412 1660,2412 1705,2412 1749,2412 1794,2412 1839,2412 1884,2415 1928,2418 1973,2421 2018,2418 2063,2421 2108,2424 2152,2424 2197,2424 2242,2427 2287,2427 2332,2430 2376,2433 2421,2433 2466,2433"/>
                <TextEquiv>
                    <Unicode>Der Herr Branicki ist in Petersburg mit vieler</Unicode>
                </TextEquiv>
            </TextLine>
            <TextLine id="r_35_tl_32" custom="readingOrder {index:31;}">
                <Coords points="712,2447 2460,2482 2458,2438 2393,2434 712,2412"/>
                <Baseline points="725,2439 770,2433 815,2433 859,2433 904,2433 949,2433 994,2433 1039,2430 1083,2433 1128,2433 1173,2433 1218,2433 1263,2433 1307,2433 1352,2433 1397,2436 1442,2436 1487,2439 1531,2436 1576,2442 1582,2439 1606,2451 1651,2454 1696,2454 1740,2457 1785,2457 1830,2454 1875,2460 1920,2460 1964,2460 2009,2463 2054,2463 2099,2463 2143,2463 2188,2466 2233,2466 2278,2469 2323,2472 2367,2475 2412,2475 2457,2475 2463,2475"/>
                <TextEquiv>
                    <Unicode>ser aber darauf zur Antwort ertheilt haben, daß, ehe. Distinction empfangen worden, einige wollen diese Rei¬</Unicode>
                </TextEquiv>
            </TextLine>
            <TextLine id="r_35_tl_33" custom="readingOrder {index:32;}">
                <Coords points="1604,2515 2425,2528 2460,2526 2460,2482 1602,2460"/>
                <Baseline points="1615,2502 1660,2499 1705,2499 1749,2499 1794,2499 1839,2499 1884,2502 1928,2502 1973,2502 2018,2505 2063,2505 2108,2505 2152,2505 2197,2508 2242,2514 2287,2514 2332,2514 2376,2517 2421,2517 2466,2517"/>
                <TextEquiv>
                    <Unicode>se nicht gut heissen, andere billigen solche, und verspre¬</Unicode>
                </TextEquiv>
            </TextLine>
            <TextLine id="r_35_tl_34" custom="readingOrder {index:33;}">
                <Coords points="1604,2548 2395,2572 2454,2563 2454,2521 1602,2515"/>
                <Baseline points="1615,2541 1660,2538 1705,2541 1749,2538 1794,2541 1839,2541 1884,2544 1928,2544 1973,2544 2018,2547 2063,2550 2108,2547 2152,2547 2197,2553 2242,2553 2287,2556 2332,2556 2376,2559 2421,2556 2460,2559"/>
                <TextEquiv>
                    <Unicode>chen sich viel Gutes davon. In Litthauen ist die Con¬</Unicode>
                </TextEquiv>
            </TextLine>
            <TextLine id="r_35_tl_35" custom="readingOrder {index:34;}">
                <Coords points="1606,2596 2401,2613 2456,2607 2456,2563 1604,2548"/>
                <Baseline points="1618,2585 1663,2582 1708,2582 1752,2582 1797,2582 1842,2585 1887,2585 1931,2588 1976,2588 2021,2588 2066,2588 2111,2591 2155,2591 2200,2594 2245,2594 2290,2597 2335,2597 2379,2600 2424,2600 2460,2600"/>
                <TextEquiv>
                    <Unicode>föderation meist richtig, welche zum Vortheil des Kö¬</Unicode>
                </TextEquiv>
            </TextLine>
            <TextLine id="r_35_tl_36" custom="readingOrder {index:35;}">
                <Coords points="1602,2635 2454,2657 2452,2605 1599,2596"/>
                <Baseline points="1612,2621 1657,2624 1702,2624 1746,2624 1791,2627 1836,2627 1881,2627 1926,2630 1970,2630 2015,2630 2060,2630 2105,2630 2149,2633 2194,2636 2239,2639 2284,2639 2329,2639 2373,2642 2418,2642 2460,2639"/>
                <TextEquiv>
                    <Unicode>nigs gemacht wird. Zaremba hat sich hinter Posen</Unicode>
                </TextEquiv>
            </TextLine>
            <TextLine id="r_35_tl_37" custom="readingOrder {index:36;}">
                <Coords points="1595,2674 2449,2692 2447,2657 2395,2646 1595,2633"/>
                <Baseline points="1606,2666 1651,2666 1696,2669 1740,2666 1785,2666 1830,2669 1875,2669 1920,2672 1964,2672 2009,2669 2054,2672 2099,2675 2143,2675 2188,2678 2233,2681 2278,2681 2323,2684 2367,2684 2412,2681 2454,2681"/>
                <TextEquiv>
                    <Unicode>weggezogen, und Drewitz ist im Marsch ihn zu ver¬</Unicode>
                </TextEquiv>
            </TextLine>
            <TextLine id="r_35_tl_38" custom="readingOrder {index:37;}">
                <Coords points="1604,2716 2452,2738 2449,2690 2390,2685 1604,2672"/>
                <Baseline points="1615,2708 1660,2708 1705,2708 1749,2708 1794,2711 1839,2711 1884,2711 1928,2711 1973,2711 2018,2711 2063,2714 2108,2717 2152,2720 2197,2720 2242,2720 2287,2723 2332,2723 2376,2726 2421,2726 2457,2729"/>
                <TextEquiv>
                    <Unicode>folgen. Man sagt, daß ein Türkischer Minister durch</Unicode>
                </TextEquiv>
            </TextLine>
            <TextLine id="r_35_tl_39" custom="readingOrder {index:38;}">
                <Coords points="1595,2757 2445,2779 2445,2736 1593,2714"/>
                <Baseline points="1606,2750 1651,2750 1696,2750 1740,2750 1785,2750 1830,2753 1875,2753 1920,2753 1964,2753 2009,2753 2054,2756 2099,2759 2143,2762 2188,2762 2233,2765 2278,2765 2323,2768 2367,2765 2412,2765 2448,2771"/>
                <TextEquiv>
                    <Unicode>Bender und Kiow nach Petersburg gegangen sey; wenn</Unicode>
                </TextEquiv>
            </TextLine>
            <TextLine id="r_35_tl_40" custom="readingOrder {index:39;}">
                <Coords points="1597,2801 2443,2840 2417,2771 1597,2760"/>
                <Baseline points="1609,2794 1654,2791 1699,2791 1743,2791 1788,2794 1833,2794 1878,2794 1923,2794 1967,2794 2012,2797 2057,2800 2102,2800 2146,2803 2191,2806 2236,2806 2281,2809 2326,2809 2370,2809 2415,2809 2448,2812"/>
                <TextEquiv>
                    <Unicode>dieses ist- so könnte man ihn, als den ersten Vorboten</Unicode>
                </TextEquiv>
            </TextLine>
            <TextLine id="r_35_tl_41" custom="readingOrder {index:40;}">
                <Coords points="1597,2882 1877,2882 1918,2851 1938,2867 2050,2847 2141,2869 2141,2814 1597,2799"/>
                <Baseline points="1609,2836 1654,2836 1699,2836 1743,2839 1788,2839 1833,2839 1878,2839 1923,2839 1967,2839 2012,2842 2057,2842 2102,2845 2146,2848 2149,2845"/>
                <TextEquiv>
                    <Unicode>des künftigen Friedens betrachten.</Unicode>
                </TextEquiv>
            </TextLine>
            <TextLine id="r_35_tl_42" custom="readingOrder {index:41;}">
                <Coords points="2312,2950 2323,2950 2342,2934 2364,2928 2379,2934 2421,2928 2430,2937 2452,2930 2447,2849 2434,2849 2421,2865 2395,2860 2375,2871 2349,2856 2336,2867 2327,2860 2310,2860"/>
                <Baseline points="2323,2914 2367,2914 2412,2917 2457,2920"/>
                <TextEquiv>
                    <Unicode>Donau</Unicode>
                </TextEquiv>
            </TextLine>
            <TextEquiv>
                <Unicode></Unicode>
            </TextEquiv>
        </TextRegion>
    </Page>
</PcGts>
