2799 3213
729 553 1581 629 ter als die Protestanten. Der nemliche Unterschied
732 590 1592 658 könnte sich 1778. und 1798. wieder zutragen. Allein da
732 621 1590 699 alsdenn das Osterfest nach der astronomischen Rechnung
725 658 1577 732 mit den Juden müßte gefeyert werden, welches der Ni
725 690 2101 834 zänischen Kirchenversammlung zuwider wäre, so haben erste Tag auf den 14. Februar.
729 732 1579 808 die protestantischen Stände durch einen Schluß vom 30.
729 769 1585 845 Jan. 1733. festgesetzt, daß in beyden Jahren Ostern 8.
727 808 1592 884 Tage nach der Juden Ostern sollte gefeyrt werden, nem¬
723 843 1579 912 lich 1778. den 19 April statt des 12ten, und 1798. den 8.
714 880 2293 954 April statt des isten. Und da nach der Zickischen Rech. Frrsterne, und in Kometen eingetheit.
723 912 1577 989 nung in diesen beyden Jahren das Osterfest auf eben diese
714 949 1577 1026 Tage fällt, so kommen die Catholicken und Protestan=
712 991 1496 1100 ten in Feyrung deselben miremander überein.
830 1041 1370 1124 Verschiedene Jahrzählen.
732 1091 1568 1185 Die Jahrzahl der Christen fängt mit der Geburk un.
716 1134 1563 1215 sers Erlösers an. Dionysius der kleinere, ein Abt in Ron
712 1189 1566 1254 und von Geburt ein Seythe, hat dieselbe im Jahre 527.
716 1261 1570 1330 oder der Jahrzahl der Märtyrer, in den christlichen Kir¬
716 1298 1568 1359 chen die Jahre gezehlt. Sie wurde aber erst im achten
708 1335 1559 1402 Jahrhundert allgemeiner, da Beda in Engeland, und
708 1361 1561 1437 der H. Bonifacius in Deutschland sich derselben bedienten
708 1435 1559 1500 det Welt an. Der erste Tag im Jahre ist der Tag des
708 1468 1561 1539 Neumonden, der der nächste bey dem Herbstaquinorium
708 1513 1561 1579 ist. Dieses Jahr ist das 5532ste der Jüdischen Jahrzahl.
706 1544 1559 1622 der Neujahrstag fält auf den 8. October. Sie feyren
690 1574 1555 1668 Ostern den 30. Merz nach dem verbesserten Kalender.
706 1620 1553 1714 Das Lauberhüttenfest wird den 23. October seyn. Jhr
710 1657 1108 1716 Jahr ist ein Mondenjahr.
758 1698 1548 1762 Die Türken zehlen ihre Jahre von der Flucht Maho¬
699 1725 1550 1803 meds, welche den 16. Julius im Jahre 622. geschehen
692 1779 1553 1833 Jhr Jahr ist ein Mondenjahr von 354. Tagen. Damit
692 1816 1544 1862 es mit dem astronomischen Mondenjahre übereinkomme
695 1836 1546 1914 so haben sie in 29. Jahren eilf Schaltjahre. Das neue
699 1879 1548 1945 Jahr kommt bey ihnen alle Jahre um 10, 11. und 12.
699 1903 1537 1997 Tage früher, so daß in drey und dreyßig unserer Jahr
686 1958 1542 2019 34. Neujahrstage bey ihnen sind. In diesem Jahre
688 1997 1548 2051 werden sie das 1185ste Jahr der Hegira anfangen, welches
684 2038 1537 2090 erst das 1149ste unserer Jahre macht. Ihr Neujahrstag
684 2064 1535 2140 ist der 15. April. den 15. Jenner werden sie ihr Bairam
679 2090 786 2158 haben.
738 2106 1537 2210 Die Chineser haben dreyerlen Jahrzahlen. Die erste
673 2145 1531 2249 wird Van genennt, und ist von 10000. Jahren. Sie
677 2201 1526 2278 haben sie im Jahre 1584. aufs neue angefangen. Die
662 2258 1522 2315 zweyte ist von 60. Jahren. Sie hat in dem ein und
671 2286 1526 2345 zwanzigsten Jahre der Regierung Hoamty mit der
671 2323 1526 2387 Mitternacht des Winter=Sonnenstillstandes ihren An¬
668 2347 1520 2426 fang genommen. Sie ist schon fünf und siebenzigmal
671 2402 1516 2461 erneuert worden, so daß das gegenwärtige Jahr das ach
666 2437 1518 2500 und zwanzigste in dem fünf und siebenzigsten Ablauf
660 2467 1511 2537 dieser Jahresrechnung ist. Die dritte ist die kleiner
662 2504 1513 2563 Jahrzahl. Sie begreift nur 12. Jähre, deren jedes der
655 2532 1507 2613 Namen eines Thieres führt. Das erste wird die Mauf
653 2583 1507 2646 daß zweyte der Ochse, daß dritte der Tyger, daß vierte
651 2602 1507 2681 der Haase, daß fünfte der Drache, daß sechste die Schlan¬
638 2657 1520 2744 ge, daß siebende daß Pferd, daß achte das Schaaf, daß
725 420 2469 553 diesem Jahrhundert von einander abgewichen, das eine neunte der Affe, das zehende das Huhn das eilfte der
725 488 2474 588 1724. und das andere mal 1744. In diesen beyden Jah= Hund und das zwölfte das Schwein genennt, welche
729 507 2478 627 ren feyerten die Catholicken das Osterfest jacht Tage spa- Benennungen nichts anders als die Namen der 12. him¬
1614 586 2476 682 lischen Zeichen sind. Das gegenwärtige Jahr ist das
1609 621 2476 697 vierte oder der Haase in dieser Jahresrechnung. Sie
1609 662 2471 736 fangen es mit dem Neumond an, der sich in dem Zeichen
1607 695 2474 777 des Wassermanns ereignet. Jm Jahre 1771. fallt der
1855 771 2223 878 Von dem Himmel.
1655 814 2467 943 Die Sterne werden in Firsterne, Planeten, odr
1594 930 1720 976 26. 05
1884 943 2317 1028 Die Firsterne.
1640 1006 2467 1084 Die Anzahl der Firsterne welche man bey heiterer Nacht
1594 1041 2461 1117 mit bloßen Augen sehen kan, beläuft sich nicht über 2000.
1594 1080 2467 1154 Aber vermittelst eines guten Fernglases entdeckt man
1592 1124 2465 1193 eine so große Menge, daß, wenn ihre Zahl nicht unend¬
1592 1154 2461 1228 lich ist, man sie doch gewiß nicht zehlen kan. In der
1585 1191 2461 1263 einigen Milchstraße erblickt man viele Millionen Sterne.
723 1224 2452 1333 erfunden. Bis dahin hatte man nach der diocletianischen zehlt 15. von der ersten Größe, 38. von der zwofen, 218.
1585 1230 2454 1304 Die Sterne sind von verschiedener Größe. Keppler
1585 1296 2454 1376 von der dtitten, 494. von der vierten, 354. von der fünf=
1585 1341 2448 1418 ten, 240. von der sechsten. Hierzu kommen noch 13.
1587 1376 2073 1426 dunkele und nebelichte Sterne.
766 1407 2448 1522 Die Jahrzahl der Juden fängt von der Erschaffung 60. Gestirne gebracht, wovon 12. in dem Thierkreise, 21.
1642 1404 2450 1485 Die Astronomen haben die vornehmsten Sterne unter
1583 1481 2454 1563 in der mitternächtlichen, und 27. in der Mittäglichen
1583 1531 2450 1594 Helfte des Himmels sich befinden. Die 12. Gestirne des
1583 1559 2448 1633 Thierkreises bestehen aus 455. Sternen. Die 21. Ge=
1581 1592 2437 1679 stirne in der nördlichen Halbkugel enthalten 700, und
1574 1640 2293 1694 die 27. in der südlichen 561. zusammen 1722.
1633 1674 2441 1744 Man hat unter den Firsternen bewunderungswürdige
1570 1707 2430 1781 Erscheinungen wahrgenommen. Ein Stern aus dem
1577 1742 2437 1818 Siebengestirn ist gänzlich verschwunden. Jm Jahr 1572.
1566 1783 2432 1855 erschien ein neuer Stern in der Kaßiopea, der in dem
1570 1818 2424 1886 Monat März 1574. wieder unsichtbar wurde. Der
1563 1853 2430 1923 Stern, der der Wunderbare genennt wird, ließ sich das
1570 1892 2421 1962 erstemal den 3 August 1596. in dem Halse des Wallfisches
1577 1925 2428 1995 sehen. Man hat nach diesem gefunden, daß er eine be¬
1570 1964 2421 2038 stimmte Zeit hat, in welcher sein Licht nach und nach
1570 2001 2421 2077 stärker und wieder schwächer wird. In sechs Jahren
1563 2034 2415 2112 hat er diese Veränderung siebenmal. Er verliert sich aber
1566 2075 2415 2149 niemals ganz. Ein andrer neuer Stern wurde im
1566 2108 2419 2184 Jahr 1600. in dem Halse des Schwanen entdeckt. Er
1561 2149 2415 2223 wurde nach und nach so klein, daß man vermuthete, er
1555 2180 2410 2254 würde gar verschwinden. Allein im Jahr 1659. bekam
1559 2219 2410 2295 er wieder seine erste Größe. Bald darauf nahm er wie¬
1553 2252 2413 2336 der ab, und ist gegenwärtig nichts als ein Stern von
1553 2291 2413 2363 der letzten Größe. Im Jahr 1670. den 15 Julius ent¬
1546 2328 2406 2406 deckte Hevel einen neuen Stern. Er nahm in dem Mo=
1544 2365 2404 2443 nat October so sehr ab, daß er fast unmerklich wurde.
1546 2400 2395 2478 Jn dem folgenden Monat April bekam er seinen Glanz
1546 2441 2406 2508 wieder; er verschwand aber hierauf gänzlich in der Mitte
1544 2478 2397 2543 des Augusts. Man sah ihn zwar im Monat Merz 1672.
1544 2517 2397 2587 aufs neue, er war aber sehr klein. Seit dieser Zeit ist
1542 2554 2395 2626 er nicht wieder erschienen. Der letzte neue Stern wurde
1544 2589 2400 2672 1686. durch Kirchern entdeckt. Er kommt allezeit nach
1531 2628 2341 2718 104. und einem halben Tage wieder zum Vorschein.
1712 2663 2212 2759 (Die Fortsetzung folgt künftig.)
