2799 3213
630 492 1498 584 ist 33, 669, 593 Meil. und der kleinste 4, 990, 546 Meilen.
633 564 1493 622 Wenn man diesen Planeten durch eine Fernrohre beobach¬
635 681 1496 740 leuchtete Scheibe, nachdem diejenige Helfte, welche der
637 712 1496 766 Erde zugekehrt ist, mehr oder weniger von der Sonne er¬
635 758 1502 815 leuchtet ist. Das Jahr der Venusbürger hat nur 32 un¬
648 791 1485 843 serer Wochen. Eine jede Jahreszeit ist von 8 Wochen.
683 826 1500 876 Die Erde ist 19, 678, 163 Meilen von der Sonne ent=
637 971 1498 1021 einer runden Zahl 1720 Meilen. Sie ist an den Polen
641 1010 1498 1067 etwas eingedrückt so daß der Durchmesser von einem Pole
637 1045 1498 1098 zu dem andern sich zu dem Durchmesser des Aequators
637 1087 1498 1133 verhält wie 177 zu 178. Die Bahn, in welcher sie sich um
637 1120 1496 1168 die Sonne bewegt, beträgt 121,504, 240 Meilen, so daß sie
637 1157 1493 1215 in einer jeden Sekunde 3. 2,3 Meilen durchläuft. Sie ist
635 1193 1493 1247 1, 217, 420 mal kleiner als die Sonne, aber 48 mal größer
633 1419 1491 1498 mal mehr Licht in den Mond, als wir von diesem erhalten,
635 1450 991 1502 wenn er Vollmond ist.
683 1469 1489 1546 Der Durchmesser des Mondes hat 459 Meilen. Wenn
635 1515 1487 1583 er am weitesten von der Erde entfernt ist, so beträgt sein
626 1671 1485 1728 Bahn von 324, 563 Meilen, so daß er in einer jeden Se=
635 1711 1485 1766 kunde 1,8 Meile zurück legt. Die Erde erscheint seinen
630 1781 1487 1836 kehrt uns immer die nemliche Seite zu, ohnerachtet man
628 1825 1487 1882 an der Umdretzung um seine Achse nicht zweifeln darf.
626 1906 1478 1948 in welcher er seinen Umlauf in Ansehung der Fixsterne
624 2007 1482 2069 unsrige: jedoch ist es nur von 12 Tagen und 12 Nächten.
624 2093 1482 2139 dieser Tage ist 14 unserer Tage und 18 Stunden lang,
624 2267 1471 2319 ist zuweilen um 51,856, 213 Meilen von der Erde entfernt,
622 2306 1478 2359 zuweilen aber auch nur um 6,642,966. Er dreht sich um
622 2385 1463 2431 um die Sonne in 1. Jahr, 321 Tagen, 23 St. 30 M. 35"7
617 2418 1471 2471 Da seine Laufbahn 183, 854, 559 Meilen beträgt, so durch=
613 2493 1471 2541 ihm Abwechslungen des Lichts wahr, wie bey dem Mond.
613 2607 1469 2653 Die Länge des Tages und der Nacht ist ungefehr, wie bey
608 2679 1377 2763 Mondfinsterniß. Die Erde ist sein Morgenstern.
1579 518 2394 586 Jupiter ist der größte unter allen Planeten. Er ist
1522 571 2387 624 1246 mal größer als die Erde. Sein Durchmesser hält 18,
635 602 2385 661 tet, so sieht man zuweilen eine runde ganz erleuchtete, zu= 161 Meilen. Seine größte Entfernung von der Sonne ist
633 646 2394 694 weilen aber eine nur halb oder nur zum vierten Theil er= 105, 293, 254 Mellen, und seine geringste 95, 605, 721. Er
1524 685 2383 729 vollbringt seinen Lauf um die Sonne in 11 Jahren, 317 Ta=
1522 725 2390 766 gen, 8 St. 27 Minut. 40 5.10 Sek. Seine Laufbahn ent=
1524 764 2379 806 halt 631,396,777 Meilen, so daß er in einer Sekunde 1.2,3
1522 799 2390 839 Meilen zurucklegt. Er dreht sich um seine Achse in 9 Stun=
1522 837 2390 881 den, 56 Min. und dieses macht, daß er an den Polen etwas
637 861 2385 914 fernt, wenn sie in ihrem größten Abstand sich befindet. mehr eingedrückt ist, als alle übrige Planeten. Seine
633 911 2383 951 Jn ihrem kleinsten Abstand hingegen beträgt diese Weite, größte Entfernung von der Erde ist 124,971,417. und seine
633 949 2379 991 18, 982, 276 Meilen. Jhr Durchmesser ist 1718. oder nach geringste 75, 927, 553. Er hat vier Trabanten, welche sich
1524 986 2379 1028 um ihn bewegen. Man entdeckt niemals einige Abwechs=
1520 1019 2383 1059 lung des Lichts, aber wohl dunkle Flecken und helle Strie=
1529 1056 2376 1100 fen, welche bald breiter, bald schmäler erscheinen. Ein
1520 1096 2376 1153 Jupitersjahr hat 11 Jahre und 317 Tage der unsrigen.
1524 1120 2379 1199 Der Tag aber und die Nacht sind nicht länger als 5
1524 1162 1682 1223 Stunden.
1570 1197 2381 1252 Saturn ist der äußerste Planet in unserm Weltge¬
635 1230 2374 1289 als der Mond. Sie hat Abwechslungen des Lichts, wie bäude. Seine Entfernung von der Sonne ist 193, 404,
633 1265 2379 1320 ihr Trabant. Sie ist dem Neumond ähnlich, wenn der 080 und seine geringste 173, 352, 059. Er ist noch weiter
637 1302 2379 1362 Mond bey uns voll ist, und dem vollen Monde, wenn von der Erde entfernt. Denn sein größter Abstand von
633 1346 2374 1401 dieser neu ist. Sie hat ihr letztes Viertel, wenn der Mond, der Erde ist 213, 082, 243. und sein geringster 153, 673,
641 1377 2374 1432 sein erstes hat. Wenn sie ganz erleuchtet ist, so wirft sie 14 896. Meilen. Sein Durchmesser wird auf 16, 107.
1515 1423 2374 1469 Meilen gerechuet. Er ist daher 868 mal größer als die
1520 1461 2376 1511 Erde. Seine Laufbahn har 1, 152, 662, 148 Meilen,
1515 1496 2370 1542 welche er in 29. Jahren 187. Tagen, 20 St. 23 41“ zu=
1515 1537 2374 1577 rücklegt, so das er in einer Sekunde 1. 1, 5 Meile fort¬
635 1559 2374 1621 Abstand 55, 258 Meilen. Sein geringster Abstand hinge= rückt. Man hat noch nicht entdeckt, ob er sich um seine
624 1601 2374 1656 gen ist 48,011 Meilen. Er bewegt sich um die Erde in 29 Achse bewegt. Er ist mit einem Ring umgeben, der 600
635 1641 2368 1691 Tagen, 22 St. 44 Min. 2 Sek. 9, 10. und durchläuft eine Meilen dick und 8000 brett ist. Funf Trabanten be=
1509 1685 2368 1731 gleiten ihn um die Sonne, und drehen sich zugleich um
1509 1726 2368 1768 ihn selber herum. Das Saturnjahr hat 29. Jahre und
635 1746 2361 1832 Einwohnern 14 mal größer als wir den Mond sehen. Er 173. Tage der un rigen. Jupiter ist sein Morgen- und
1507 1794 1696 1849 Abendstern.
1564 1812 2365 1884 Man hat nur vor einiger Zeit an diesem Planeten
622 1867 2361 1922 Diese Umdrehung um die Achse geschicht in eben der Zeit, eine ganz außerordenkliche Erscheinung wahrgenomen.
1507 1913 2357 1955 Man hatte hishieher dafür gehalten, daß sich in dem
624 1937 2370 1999 vollbringt, nemlich in 27 Tagen, 7 St. 43 Min. 11 Sek. Lauf des Saturn sehr merkliche Ungleichheiten ereigneten
628 1979 2359 2036 6,10. Das Jahr der Mondbürger ist eben so lang als das vermöge der anziehenden Kraft des Jupiters, und ver¬
1513 2023 2361 2069 schiedene Meßkünstler vom ersten Rang, welche dieses
630 2047 2361 2102 Die Jahrszeiten sind nur drey Tage lang; aber jeglicher zum Grund legten, hatten eine Menge Berechnungen
1504 2102 2361 2144 gemacht, um das Gesetze und die Zahl dieser Ungleich=
630 2124 2363 2183 und so lang ist auch jegliche Nacht. Mars ist um ein heiten zu bestimmen. Nachdem aber Herr de la Lande
622 2152 2365 2218 Sechstel kleiner als die Erde. Sein Durchmesser ist 928, die verschiedene Stellungen des Saturn, die er beobach¬
626 2192 2359 2251 Meilen lang. Seine größte Entfernung von der Sonne tet hatte, mit denjenigen, welche die vorhergehenden
613 2227 2365 2299 beträgt 32, 178,050 Meilen, und die kleinste 26,321,129. Er Sternkündige hinterlassen, verglichen hatte, so hat er
1500 2280 2359 2330 gezeigt daß Jupiker an den allermerklichsten Ungleich¬
1504 2324 2352 2363 heiten des Saturn keinen Antheil hätte, und daß dieser
622 2346 2357 2403 seine Achse in 24 St 56 Min. Er vollbringt seine Bahn Planet in seinen letzten Umlauf eine besondere Vermeh¬
1498 2396 2359 2442 rung der Geschwindigkeit erhalten hätte, welche bis auf
1500 2431 2359 2473 diesen Augenblick noch nie statt gehabt, und die seinen
617 2453 2361 2517 läuft er in einer Secunde 2.1,2 Meile. Man nimmt bey Kreißlauf um eine ganze Woche kürzer gemacht, als
1498 2506 2359 2552 der vorhergehenden gewesen. Diese Entdeckung hat Ge=
608 2519 2357 2589 Durch Fernröhren hat man auch Flecken in ihm entdeckt, legenheit zu einem Gerüchte gegeben als wenn der Pla¬
608 2572 2350 2627 Das Jahr hat in diesem Planeten 95 unserer Wochen. net Saturn gar an dem Himmel verschwunden wäre.
1496 2616 2350 2662 Die Ursache dieser neuen Ungleichheit ist vermuthlich in
608 2646 2352 2712 uns. Seine Einwohner sehen weder Sonnen noch der Wirkung eines Cometen zu suchen, der sehr groß ist,
1489 2695 2251 2758 aber von uns nicht hat können beobachtet werden.
