2679 3213
843 1342 1788 1420 7tes Stück. Freytag, den 25. Januar 1771.
820 1413 972 1493 Jena.
503 1465 1319 1536 Bey C. H. Cuno ist gedruckt. Idyllen des Theo=
469 1532 1308 1594 wit aus dem Griechischen von J. G. S. Schwabe, in
456 1577 645 1648 8vo 1770,
503 1605 1590 1697 Nach Lieberkühns Uiebersetzungen, und denen wag gewagt hat. —
465 1669 1618 1745 Herr Köhler, der jetzt zu Göttingen ist, so holpericht handlung 24 gr.
456 1732 1319 1775 und schwerfällig vom Theocrit übersetzt, und in die
456 1770 1310 1822 Hamburgischen Unterhaltungen einrücken lassen, hat
463 1807 1310 1863 es endlich Herr Schwabe gewagt, uns diese Ueberse¬
465 1850 1308 1904 tzug der Idyllen des Theocrits zu schenken. Er ge¬
458 1891 1319 1947 stehet es selbst, daß es was schweres sey, diesen Dich¬
458 1940 1717 1992 ter zu übersetzen, und will auch gerne von seinem Vor= Cramer, 11 Th. 1770.
463 1977 1310 2031 haben abstehen, so bald Herr Clodius oder Herr He=
456 2020 1310 2070 vel, diese holden Lieblinge der griechischen Musen, wie
454 2059 1302 2108 er sie nennet, sich zu dieser Arbeit entschließen sollten
458 2102 1310 2156 Aber er sollte auch ohnedem davon abgestanden seyn
458 2121 2184 2194 Wir wollen nur der Kürze wegen ein paar Stellen aus, uns nicht jrren, so ist dies schon (seine Paßionspre¬
454 2168 2181 2231 zeichnen: S. 6. Führen die Musen ein Lamm digten mitgerechnet) der dreyßigste Band. — Wir
447 2270 1317 2330 Geschenke wegführen? οννα, kann
454 2308 1308 2366 da wohl nicht anders übersetzt werden, als zum Prei¬
454 2358 1314 2412 davon tragen. S. 7. wird oρoIα To-
458 2409 2179 2463 Ti Xobnrag übersetzt: und immer schwillet er sonst schon vorgetragen hat, auch hier wider finden.
458 2455 2173 2506 der Zorn seine Nase, das haben wir noch nie Es sollte uns oft nicht schwer fallen, eine ganze gedehn
454 2495 2179 2547 gesehen, daß man vor Zorn eine geschwollene Nase be= te Seite in vier Reihen zu bringen, wenn wir den Cra¬
463 2538 2173 2592 kommen hätte. Schnhuben möchte eher vom Zorn merschen Wortfluß weglassen, und den Kern der Sache in
465 2620 2173 2689 Uebersetzers hier ansuchen sollten, würden wir zu viel terien, die er behandelt, meistens allgemein sind, z. E
1327 1418 2190 1480 auszuzeichnen haben. Wie es uns vorkommt, so ist
1334 1463 2194 1519 dieses ein etwas früher Versuch des Hrn. S. bey wel¬
1332 1504 2192 1566 chem das nonum preratum in annum sehr gut würde
1325 1545 2184 1609 angebracht gewesen seyn. — Zum Glück sind es
1325 1588 2177 1648 auch wenig Stücke des Theocrits, woran der V. sich
1624 1631 2177 1706 Kostet in der Kanterschen Buch
1603 1814 1887 1908 Kopenhagen.
1370 1869 2179 1966 Neue Sammlung einiger Predigten, von J. A,
1332 1979 2184 2059 Wir glauben nicht, daß es viele Prediger in der
1325 2039 2184 2091 christlichen Welt gegeben, die so viel Bände von Pre¬
1325 2082 2179 2143 digten haben drucken lassen, als Herr C. denn, wo wir
463 2201 2184 2278 zum Geschenke hinweg: was heißt da zum haben unser Urtheil schon sonst über seine Predigten
1334 2248 2177 2295 in dieser Zeitung gesagt, und in so fern bestätigen wir
1334 2289 2181 2338 es, als wir noch immer zu viel Ampflification gemei¬
1334 2330 2181 2377 ner Gedanken, zu wenig Reichthum eines Geists der
1334 2371 2181 2431 Reflexion, zu viel Widerholung solcher Materien, die
463 2577 2184 2629 gesagt werden. — Doch wenn wir alle Fehler des Rachdruckvollen Worten sagen wollten. Da die Ma¬
2102 2663 2186 2719 von
