2679 3213
878 1357 1893 1437 8tes Stück. Montag, den 28. Januar 1771.
828 1426 1013 1523 Bremen.
531 1508 1347 1566 Neues Bremisches Magazin zur Ausbreitung der
488 1532 981 1624 Wissenschaften rc. 3 B. 2 St.
529 1592 1340 1669 Diese nutzbare Monatsschrift, die besonders Neuig
488 1648 2214 1704 keiten aus England meldet, und auch für die Natur- und besonders die heftigen Stöße, die einem hundert¬
493 1704 1342 1753 lehre und Geschichte arbeitet, erhält sich noch immer
499 1749 1340 1798 in gutem Werth. Wir wollen einige Aussätze dieses
488 1773 2209 1829 neuen Stücks nennen. 1. Nachricht von der Actinia meine Getöse daher gekommen wäre, daß die Lava in
493 1809 2216 1869 Sociata. Dies ist eine Thierpflanze oder eine Art Po= den Eingeweiden des Berges auf eine Sammlung von
495 1854 1349 1915 lypen, die besonders an den Küsten von Engelland, am
488 1904 1332 1971 meisten bey Susser zu finden ist. Sie ist verschieden
499 1943 1340 1999 einige sind steif und andre fleischicht und muskelicht
495 2026 2216 2076 einem Sauger ähnlichen Fußes. Das Thier hat nur dämpft: so versichert Herr H. Es sey freilich wahr,
488 2059 2209 2121 oben am Gipfel eine Oefnung, welches ihr Mund ist, es legte sich, ungefähr um die Zeit, da es schon fünf
493 2100 2211 2173 rund um ist sie mit fleischichten Armen besetzt, haschet Stunden hintereinander getobt hatte; aber dies sey
495 2140 2209 2216 damit den Raub, und verschlingt Schalenfische, Mu= auch an vorhergehende Tage geschehen, da doch der
488 2222 2214 2304 2. Eine Münze der Herakleer. 3. Ursprung und Wir= Boußier Nachricht einer neuentdeckten Honigmaterie.
488 2282 2216 2338 kung der irrenden Ritterschaft. Der V. stellt die ehe= Sie ist das Excrement der Rebenwürmer, die sie be¬
493 2323 1349 2377 malige irrende Ritter in ihrem Ursprunge als nutzbare
488 2442 2216 2504 und Waysen, Geistliche rc. wiedr Anfälle zu beschützen. und diesen klebrigen Saft begierig essen. 6. Des Abts
493 2530 1345 2582 Orden aufgenommen. So gar die Religion mischte
493 2597 2214 2661 und ehrlich. Der V. meint gar, man habe ihnen die Versuch mit den Regenwurmern hat, S. eben diese
486 2644 2216 2751 Menschlichkeit im Kriege, das Feine im Umgang mit Versuche widerholt, und die Reproduction noch dazu
1357 1435 2216 1506 dem schönen Geschlecht, und die zarte Empfindung der
1364 1484 2207 1538 Ehre zu verdanken. 4. Beschreibung und Abbildung
1370 1527 2218 1598 des Ausbruchs des Vesuvs 1767. Der Graf Hamil¬
1364 1570 2203 1626 ton, Gesandter zu Neapel beschreibt ihn, und da¬
1364 1611 2209 1669 beigelegte Kupfer ist sehr expreßiv. Dieser Ausbruch
1368 1693 2218 1749 fachen Donnerwetter ähnlich waren, sind diesmal aus¬
1362 1734 2216 1786 serordentlich gewesen. Der V. glaubt, daß das unge¬
1368 1850 2216 1917 Regenwasser gestoßen, und der Kampf zwischen Feuer
1364 1895 2214 1953 und Wasser dies Getöse verursacht habe. Da man
1362 1940 2216 1990 damals in Neapel glaubte, der in Proceßion herum¬
495 1988 2216 2050 Sie ruhet auf dem Sande, vermittelst eines breiten, getragne Kopf des H. Januarii habe das Knallen ge¬
503 2184 2207 2257 scheln und Krebse. Ihre Vermehrung ist sehr groß. H. Januar nicht herumgetragen ward. 5. Des Abt¬
1368 2310 2207 2371 sonders den Lindenblättern anhängen, und das hernach
501 2349 2214 2422 Patrioten und tapfere Edelleute vor, die darauf aus= von den Blättern herunterfallt, da denn durch ihren
497 2390 2214 2465 giengen, wehrlose Personen, Frauenzimmer, Wittwen Geruch die Bienen in großen Schwarmen herzueilen,
499 2474 2214 2545 Man wurde mit andächtigen Feyerlichkeiten In ihren Spallanzani Versuch über die Reproduction der Thie¬
1370 2521 2209 2571 re. Nicht nur die Polypen stellen sich wider her, wenn
501 2560 2211 2631 sich in ihre Thaten. Sie waren dabey großmüthig sie abgeschnitten werden, sondern nach Bonnets erstem
