2679 3213
1039 507 1664 594 Beylage zum 3ten Stück,
518 590 2178 716 der Königsbergschen gelehrten und politischen Zeitung, 1771.
483 747 2232 845 Fortsetzung der im 1sten Stück abgebrochenen 38000 deutschen Meilen beträgt. Der Durchmesser der
836 823 999 882 Beylage.
540 847 1344 919 Der berühmte Huygens hat gefunden, daß Sirius,
479 906 1348 952 der größte und der nachste unter den Fixsternen, dem An¬
494 945 1341 989 schein nach 27, 664mal kleiner als die Sonne ist. Da nur
486 980 1344 1023 die Entfernung der Sterne von der Erde desto größer ist, je
483 1017 1337 1067 kleiner sie erscheinen, so muß dieser Stern über 700, 00
492 1054 1350 1095 Millionen Meilen von der Erde ent rnt seyn. Dieser
492 1091 1352 1137 Abstand ist so groß, daß eine Kanonenkugel fast 700, 000
494 1126 1346 1174 Jahre zubringen müßte, ehe sie bis zum Sirius gelangte
492 1161 1346 1226 Es ist sehr wahrscheinlich, daß all Fixsterne mehr oder
483 1200 1030 1263 weniger von einander entfernt sin
533 1215 1348 1285 Der Polarstern ist ein Stern von er zweyten Größe,
490 1256 1352 1317 der sich am Ende des Schwanzes von dem kleinen Bären
492 1309 1346 1354 befindet. Er ist nur 2 Grade von dem Nordpol entfernt.
492 1348 1350 1391 Man kan ihn finden, wenn man seine Augen nach dem
492 1383 1344 1435 schönen Gestirn des großen Bären oder Heerwagen rich
494 1420 1344 1463 tet, und in Gedanken eine gerade Linie durch die zweer
490 1457 1348 1507 letzten Sterne des großen Baren zieht. Diese Linie wird
490 1489 1348 1542 gerade durch den Polarstern gehen. Der große Bär ent¬
490 1529 1348 1577 hält 7 große und helle Sterne, davon 4 in einem Viereck
492 1577 1352 1618 stehn und den Leib bilden, und drey den Schwanz vorstellen.
553 1605 1350 1653 Es ist zu bemerken, daß dieser Stern nicht immer die
494 1620 1352 1683 Ehre haben wird, unser Polarstern zu seyn. Es ist eine
492 1674 1352 1725 Zeit gewesen, da er so weit von dem Pole sich entfernt
483 1714 1344 1759 befunden hat, daß der Stern, der auf der Schulter des klei=
490 1751 1344 1794 nen Bären ist, sein Amt in Ansehung der Erde verwalte
492 1788 1352 1831 hat. Tycho de Brahe hat gefunden, daß der heutige Po=
490 1820 1344 1873 larstern alle Jahre um 20 Sekunden sich dem Nordpolt
492 1866 1341 1905 nähert, so daß er in 2103 Jahren nicht weiter als um;
490 1892 1344 1942 Minuten von demselben entfernt seyn wird. Alsdenn wird
490 1931 1348 1986 er zurück gehen, und nach Verlauf einiger Jahrhunderte
490 1968 1348 2014 ausser Stande seyn, uns als Polarstern zu dienen. Ein
492 2005 1346 2073 anderer Stern wird diesen schönen Namen und diese wich
492 2049 962 2112 tige Verrichtung übernehmen.
627 2080 1204 2158 Die Sonne nebst den Planeten.
527 2136 1357 2186 Es sind nur sechs Planeten, die sich um die Sonne bewe=
486 2182 1346 2241 gen: Merkur, Venus, die Erde, Mars, Jupiter u. Saturn
549 2215 1344 2260 Die Sonne ist die Quelle alles Lichts, das die Erde und
490 2249 1350 2295 die andern Planeten erleuchtet, und alles Feuers, das sie
490 2291 1352 2332 erwärmt. Die Materie, woraus dieselbe gebildet ist, be¬
492 2328 1346 2373 steht nicht aus lauter ähnlichen Theilen. Man nimm
490 2371 1354 2415 öfters schwarze Flecken in derselben wahr, davon einige ver¬
494 2402 1359 2443 schwinden, ehe sie noch ihre ganze Oberfläche durchgelaufen
490 2471 1350 2519 der so einfach zu seyn scheint, ist von sieben andern zusam=
490 2515 1348 2572 men gesetzt, davon der eine roth, der andere pomeranzen¬
486 2550 1344 2602 gelb, der dritte gelb der vierte grün, der fünfte blau, der sech¬
499 2583 1350 2635 ste purpurroth und der siebende violet ist, und deren Ver¬
494 2624 1352 2663 mischung diese verschiedene Farben unsern Augen entzie¬
494 2663 1346 2702 hen. Die Geschwindigkeit des Lichtes ist so groß, daß es
492 2772 1346 2831 det, welches in einer Sekunde einen Weg von mehr als
1374 790 2234 851 Sonne ist 180, 124 solcher Meilen. Sie ist eine nicht voll=
1376 827 2230 893 kommen runde, sondern an den Polen etwas eingedrückte
1370 867 2230 930 Kugel, wie alle diejenigen Sterne sind, welche sich um ihre
1374 904 2230 967 Achse bewegen. Die Sonne bewegt sich um die ihrige in
1374 939 2225 1002 25 Tagen und 6 Sekunden. Jhr Licht ist 90, 000 mal stär=
1367 991 1912 1041 ker, als das Licht des Vollmondes.
1411 991 2228 1074 Der Durchgang der Venus durch die Sonne im Jahre
1378 1041 2230 1106 1769. hat die Sternkundigen in Stand gesetzt, die Paral=
1378 1091 2223 1143 laxe der Sonne genauer zu bestimmen, als es bisher hatt¬
1376 1124 2230 1191 geschehen können. Herr de la Lande hat die Beobachtun=
1378 1161 2234 1222 gen der Herren Dymon und Wales, welche sie in dem Fort
1374 1195 2225 1254 des Prinzen von Wallis in dem Hudsons Meerbusen ge=
1374 1237 2225 1296 macht, mit den schwedischen Beobachtungen in Cajaneburg
1383 1272 2228 1330 verglichen und gefunden, daß die Parallaxe in der mitt¬
1376 1307 2236 1370 lern Entfernung der Sonne von der Erde von neun Se¬
1376 1346 2230 1411 kunden und drey siebenzehnteln sey, welches eine Entfer=
1376 1383 2228 1444 nung der Sonne von der Erde von 22, 477. halben Erddia=
1376 1420 2228 1485 metern giebt. Auf diese Art wird unser Planetengebäude
1376 1457 2228 1518 etwas kleiner in Ansehung derjenigtn, welche mit de la
1376 1487 2225 1553 Hire die Sonnenparallaxe zu 6 Sekunden angenommen
1383 1533 2228 1594 haben, und zwar in dem Verhältniß von 3" und 367.
1374 1570 2234 1624 Hingegen erweitert es sich um 15, 17 Sekunden in Anse=
1376 1614 2215 1674 hung derjenigen, welche die Parallaxe mit Caßini auf 10
1376 1640 2228 1707 gesetzt hatten. Wir werden in dem Folgenden nach dieser
1367 1683 2230 1738 neuen Paralle von 9" 3/17 die Entfernungen der Sonne
1374 1731 2049 1777 und der Planeten von der Erde bestimmen.
1431 1738 2230 1810 Merkur ist der kleinste und am wenigsten von der
1376 1786 2230 1838 Sonne entfernte Planet. Sein Durchmesser enthält nicht
1374 1823 2225 1884 mehr als 628 deutsche Meilen, deren 15 auf einen Crad
1376 1860 2230 1927 gehen. Sein größter Abstand von der Sonne ist 9, 076,
1374 1894 2234 1958 504 Meilen, und sein kleinster 5, 926, 065. Man weiß
1376 1931 2228 1992 nicht, in wie viel Zeit er sich um seine Axe dreht. Aber er
1374 1973 2230 2027 vollbringt seinen Lauf um die Sonne in 85 Tagen, 23 Stun=
1370 2005 2241 2062 den, 15 Minuten, 37 Sekunden. Da er nun eine Laufbahn=
1376 2053 2236 2110 von 47, 151, 928 Meilen zu durchgehen hat, so legt er in
1376 2086 2232 2140 einer Sekunde einen Weg von mehr als 6 Meilen zuruck.
1376 2121 2230 2175 Er isi drey und zwanzig mal kleiner als die Erde, da seine
1367 2158 2230 2221 ganze Kugel nicht mehr als den vier und zwanzigsten Theil
1376 2195 2234 2247 von unserer Erde ausmacht. Wenn er am weitesten vols
1374 2243 2238 2295 der Erde entfernt ist, so beträgt es 28, 754, 667 Meilen.
1383 2271 2236 2323 Sein kleinster Abstand hingegen ist 9, 905, 772 Meilen.
1376 2308 2236 2363 Er hat Abwechslungen des Lichts, wie der Mond. Man=
1376 2350 2236 2400 hat ihn verschiedene male durch die Sonne gehen sehen.
1383 2384 2241 2434 Dieses wird sich auch den 12 Nov. 1782. wieder zutragen.
492 2417 2234 2485 haben. Ein jeder Strahl, den sie auf die Erde schießt, und Jn Thüringen wird man diesen Durchgang um 2 Uhr 15
1372 2452 2232 2524 Min. Nachmittags an beagtem Tage beobachten können.
1426 2493 2230 2559 Venus bewegt sich zwischen der Erde und dem Mer=
1374 2530 2230 2583 tur um die Sonne herum. Sie ist um den achtzehenden
1376 2565 2230 2617 Theil kleiner als die Erde. Jhr Durchmesser hält 1566
1383 2604 2230 2659 Meilen. Sie dreht sich um ihre Axe in 23 Stunden, 20
1376 2637 2234 2696 Min. Jhren Lauf um die Sonne vollbringt sie in 224 Ta=
494 2676 2236 2737 in acht Minuten u. 30 Sekunden den unermeßlichen Raum gen, 16 St. 49 Min. 14. 5,10. Sek. Jhre Laufbahn ist vol=
494 2718 2236 2774 durchläuft, der sich zwischen der Erde und der Sonne befin= 87,654, 782 Meilen, so daß sie ohngefahr 4 Meilen in einen
1365 2759 2230 2839 Sekunde durchläuft. Jhr größter Abstand von der Sonne
