2799 3213
732 577 1579 636 Russen schätzen es eben so hoch, ihre Feinde durch Mensch
732 716 1585 762 zu verlangen, euer Serail, eure Kinder, Bediente und
736 756 1590 806 Knechte, an der Zahl 43 Personen, mit allen Schätzen,
732 962 1400 1032 erwarten. Lemnos, den 12. Aug. 1770.
878 991 1463 1063 Coppenhagen, vom 5. Jan.
743 1069 1600 1141 December des vorigen Jahrs die Herren Generallieu¬
743 1121 1585 1176 tenants von Gähler und Graf Rantzau von Aschberg
749 1614 1381 1688 chin verlassen ohne Abschied zu nehmen.
945 1653 1407 1712 London, vom 1. Januar.
747 1733 1594 1812 wir folgende Nachricht erhalten: Auf Jamaica ist noch
749 1864 1600 1921 werke, an der östlichen Seite von America, sehr stark
747 1942 1598 2012 traurige Wirkungen nach sich gelassen. Die besten
747 1988 1594 2047 Städte darauf sind dadurch sehr übel zugerichtet wor
749 2032 1605 2084 den. Sonst haben die Spanier jetzo überhaupt in
747 2073 1607 2134 Ameria eine große Macht zu Wasser und zu Lande.
790 2112 1594 2182 Die National=Schulden, so wie sie den 5ten Jan
747 2151 1598 2204 im verwichenen Jahre waren, belauffen sich auf
749 2193 1596 2249 128999036 L. und die Jnteressen davon auf 4593940
751 2238 1598 2289 L. Zu Chatham, Portsmouth und Plymouth sind
756 2278 1603 2330 sieben und zwanzig Kriegsschiffe mit völliger Mann¬
743 2326 1605 2376 schaft versehen, und zum Aussegeln fertig. Die Ehe¬
749 2360 1596 2417 gattin des Herrn Mellwid von Bellwell, in der Graf
756 2402 1594 2458 schaft Nottingham, ist vor kurzem mit einer Tochter in
749 2443 1596 2506 die Wochen gekommen, welches ihr 30stes Kind ist
747 2480 1598 2539 und davon 17 am Leben sind. Diese Frau ist nur 45
747 2526 1476 2596 Jahr alt, und bey vollkommener Gesundheit.
934 2569 1381 2615 Paris, vom 1. Jan.
749 2691 1603 2768 werden dürften. Von der Entlassung der Herzoge von
725 518 2476 597 Effendi Sabaja Vistt, Heil und Glückseeligkeit. Die Choiseul und Praslin erzehlt man folgende Umstän¬
1607 590 2465 631 de: Als der König den 24. Dec. vormittags um 11
732 627 2471 686 lichkeit und Grösse der Seele zu überwinden, als durch Uhr in die Kutsche stieg, gab er dem Herzoge von Vril¬
736 668 2469 721 die Waffen. Deswegen setzen wir, ohne das Geringste liere ein Paquet, welcher sich sogleich zu dem Herzog
1616 710 2469 758 von Ch. verfügte, und demselben einen Brief von Sr.
1611 751 2469 799 Majestät übergab, welcher, wie man vernimmt, ver¬
740 786 2474 845 Juwelen, Silberwerk, baarem Gelde und der gänzen schiedene Beschwerden enthielt, wodurch Höchstdiesel¬
732 832 2471 897 Ladung, in Freyheit. Nehmt solches an und lernt, ben bewogen worden, denselben auf sein Schloß Chan¬
736 873 2469 928 und lehrt eure Mitbrüder, unser Exempelnachzuahmen. teloup bey Tours zu verweisen, mit dem Befehl, sei¬
734 912 2474 978 Dieses ist die Dankbarkeit, welche wir dafür von euch ne Chargen als Staatssekretair und Oberaufseher über
1607 956 2476 1008 die Posten niederzulegen, und mit dem Verbot, in
1611 995 2476 1047 seinem Gouvernement Touraine keine Ordres zu stel¬
790 1036 2469 1089 Se. Majestät der König haben unter dem 28sten len. Als der Herr von Ch. dieses Schreiben empfing,
1620 1080 2478 1132 sagte er, er habe dieses schon seit länger als 14 Tagen
1618 1117 2478 1171 erwartet. Er schloß sich hierauf eine halbe Stunde
749 1158 2478 1217 die Herren Geheimenräthe von Osten, Baron von mit dem H. v. V, ein, um demselben die Schriften
740 1195 2467 1254 Schimmelmann, und Graf von Haxthausen, und den seiner verschiednen Ministerstellen zu übergeben. Als
743 1241 2476 1293 Herrn Stiftsamtmann von Scheel zu Mitgliedern ihm indessen der H. v. V. mündlich sagte, daß er in
743 1278 2476 1341 eines Collegii ernannt, das den Namen der Conferenz 24 Stunden abreisen, und zu Chanteloup niemanden
756 1324 2478 1385 führen, und dessen Geschäfte seyn soll, über die von als seine nächsten Verwandten sehen sollte, schrieb er
747 1361 2478 1433 Sr. Majestät vorzulegende Fragen sich zu berathschla- an den König und bat, daß seine Abreise bis auf den
747 1402 2476 1474 gen, und sie zu beantworten. Zum Secretair dieser 27. verschoben bleiben dürfte, um einige Angelegen¬
749 1444 2469 1500 Conferenz ist der Herr Hauptmann von Gerstenberg heiten in Ordnung zu bringen. Se. Maj. aber lies¬
747 1485 2476 1553 ernannt worden. Der seit einigen Jahren an unserm Hofe sen ihm sagen, daß er den folgenden Tag um 12 Uhr
747 1529 2476 1581 accreditirt gewesene Rußischkaiserl. Minister Herr von aus Paris seyn müsse. Hierauf verfügte sich der H.
751 1570 2480 1633 Philosophow, hat denselben auf Ordre seiner Monar= v. V. nach Paris zu dem Herzog von Praslin, wel¬
1611 1614 2476 1659 chem er eine blosse Lettre de Cachet überreichte, wo¬
1620 1646 2474 1703 durch derselbe auf sein Gut Vauf Praslin bey Me¬
786 1690 2476 1749 Mit den aus America angelangten Schiffen haben lün verwiesen ward. Da derselbe aber am zurückgeleg¬
1620 1733 2469 1786 nen Podagra krank lag, so bat er um die Erlaubniß bis
747 1770 2469 1833 alles ruhig. Die Insel ist in dem besten Vertheidi= zu seiner Genesung da zu bleiben, welche ihm jedoch
747 1814 2478 1881 gungsstande. Die Spanier haben alle ihre Vestungs= abgeschlagen ward, worauf er am 29. abreiste, aber
1624 1864 2474 1912 seiner Krankheit halber unterweges liegen bleiben mu¬
743 1899 2478 1962 gemacht. Das letztere Erdbeben hat zu Hispaniola ste, ungeachtet sein Gut nur 12 Stunden von hier
1620 1947 1738 1997 liegt.
1884 1975 2212 2056 Einpaßirte Fremde,
1792 2027 2317 2101 vom 12ten bis 18ten Januar.
1657 2073 2474 2143 Herr Graf von Ranzau, kommt von Berlin, log.
1620 2121 2478 2182 bey Schenck in der Junkergasse. Herr Mioche, und
1618 2160 2476 2221 Herr Lovelle, Kaufleute aus Lion, kommen aus Dan¬
1616 2206 2474 2262 zig, Herr Rapit, Rußischkaiserl. Courier, kommt von
1618 2238 2476 2293 Petersburg, log. bey Seyfrieds im Kneiphof. Herr
1624 2289 2476 2343 Rathsverwandter Bertram, kommt von Braunsberg,
1631 2328 2478 2389 log. bey Bertram im Löbenicht. Herr Rathsver¬
1618 2369 2471 2452 wandter Weißberner, kommt von Heilsberg, log. bey
1624 2421 2016 2485 Reußner in der Altstadt.
1881 2454 2212 2539 AVERTISSEMENT.
1648 2495 2476 2565 Bey denen im lehzten Zeitungsstücke angezeigten gestohlnen
1611 2552 2482 2598 Munzsorten, ist auch ein silberner Becher befindlich, welcher an
1618 2578 2478 2615 denen auf den Boden in einen Zug gezogenen Buchstaben CDGM.
786 2593 2480 2659 Man ist noch immer in Ungewißheit, durch was enntbar ist. Wer von diesen Becher Nachricht zu geben weiß,
747 2637 2480 2702 für Ministers die Stellen der verabschiedeten besetzt oder bey wem er zum Verkauf gebracht werden sollte, wird er¬
1635 2659 2478 2709 suchet solches dem Herrn Orgelbauer Casparini gegen einen Ro
1627 2702 1903 2768 compens anzuzeigen.
