<?xml version="1.0" encoding="UTF-8" standalone="yes"?>
<PcGts xmlns="http://schema.primaresearch.org/PAGE/gts/pagecontent/2013-07-15" xmlns:xsi="http://www.w3.org/2001/XMLSchema-instance" xsi:schemaLocation="http://schema.primaresearch.org/PAGE/gts/pagecontent/2013-07-15 http://schema.primaresearch.org/PAGE/gts/pagecontent/2013-07-15/pagecontent.xsd">
    <Metadata>
        <Creator>prov=READ-COOP:name=PyLaia@TranskribusPlatform:version=2.15.0:model_id=39995:lm=none:date=18_07_2024_23:55</Creator>
        <Created>2024-07-18T23:50:13.567+02:00</Created>
        <LastChange>2024-07-18T23:55:21.366+02:00</LastChange>
        <TranskribusMetadata docId="3339668" pageId="75224413" pageNr="3" tsid="178415811" status="IN_PROGRESS" userId="222699" imgUrl="https://files.transkribus.eu/Get?id=CCMWCYZHHTTXRXMNXWEWMMUZ&amp;fileType=view" xmlUrl="https://files.transkribus.eu/Get?id=MYSCACMNAZFIRFJJCHDMHCHI" imageId="60986469"/>
    </Metadata>
    <Page imageFilename="75224413.jpg" imageWidth="2679" imageHeight="3213">
        <ReadingOrder>
            <OrderedGroup id="ro_1721339721367" caption="Regions reading order">
                <RegionRefIndexed index="0" regionRef="r_10"/>
                <RegionRefIndexed index="1" regionRef="r_11"/>
            </OrderedGroup>
        </ReadingOrder>
        <Relations/>
        <TextRegion id="r_10" custom="readingOrder {index:0;}">
            <Coords points="431,508 1347,508 1319,2789 431,2789"/>
            <TextLine id="r_10_tl_1" custom="readingOrder {index:0;}">
                <Coords points="481,843 505,838 513,843 537,821 555,832 615,817 646,823 646,776 622,778 604,771 591,778 574,769 555,776 546,771 539,778 481,773"/>
                <Baseline points="492,812 516,809 561,809 606,809 650,809"/>
                <TextEquiv>
                    <Unicode>gegangen.</Unicode>
                </TextEquiv>
            </TextLine>
            <TextLine id="r_10_tl_2" custom="readingOrder {index:1;}">
                <Coords points="665,886 1150,895 1148,815 951,830 886,806 663,810"/>
                <Baseline points="677,865 722,865 767,865 812,865 856,865 901,868 946,865 991,865 1036,868 1080,868 1125,871 1155,874"/>
                <TextEquiv>
                    <Unicode>Neapolis, vom 1. Jan.</Unicode>
                </TextEquiv>
            </TextLine>
            <TextLine id="r_10_tl_3" custom="readingOrder {index:2;}">
                <Coords points="477,973 1991,981 1971,940 477,931"/>
                <Baseline points="489,970 534,973 579,970 624,970 668,967 713,970 758,970 803,970 848,967 892,970 937,970 982,970 1027,970 1071,970 1116,970 1161,970 1206,970 1251,973 1295,973 1340,973 1385,973 1430,973 1475,976 1519,976 1564,976 1609,976 1654,976 1699,976 1743,976 1788,976 1833,976 1878,973 1923,973 1967,976 1997,973"/>
                <TextEquiv>
                    <Unicode>angekommene Rußische Schiffe haben, außer verschie= und 6426 Findelkinder gezählet worden.</Unicode>
                </TextEquiv>
            </TextLine>
            <TextLine id="r_10_tl_4" custom="readingOrder {index:3;}">
                <Coords points="477,1016 1280,1029 1334,1020 1332,977 474,968"/>
                <Baseline points="489,1009 534,1009 579,1012 624,1009 668,1009 713,1009 758,1009 803,1012 848,1012 892,1012 937,1009 982,1012 1027,1012 1071,1012 1116,1012 1161,1012 1206,1015 1251,1015 1295,1015 1340,1018"/>
                <TextEquiv>
                    <Unicode>denen Prisen, die Kranken und Verwundeten ihrer</Unicode>
                </TextEquiv>
            </TextLine>
            <TextLine id="r_10_tl_5" custom="readingOrder {index:4;}">
                <Coords points="474,1066 698,1061 728,1087 799,1059 962,1081 1198,1061 1302,1087 1302,1018 474,1018"/>
                <Baseline points="486,1057 501,1057 546,1054 591,1054 636,1054 680,1054 725,1054 770,1054 815,1054 859,1054 904,1054 949,1054 994,1054 1039,1054 1083,1054 1128,1054 1173,1054 1218,1057 1263,1057 1307,1054"/>
                <TextEquiv>
                    <Unicode>Flotte, um besserer Verpflegung willen, mitgebracht.</Unicode>
                </TextEquiv>
            </TextLine>
            <TextLine id="r_10_tl_6" custom="readingOrder {index:5;}">
                <Coords points="648,1135 793,1148 992,1129 1103,1146 1150,1126 1150,1064 1131,1059 962,1077 938,1061 899,1087 804,1057 730,1087 648,1068"/>
                <Baseline points="659,1119 704,1116 749,1113 794,1113 839,1116 883,1116 928,1113 973,1113 1018,1113 1063,1116 1107,1116 1152,1119 1155,1119"/>
                <TextEquiv>
                    <Unicode>Aus Curland, vom 28. Jan.</Unicode>
                </TextEquiv>
            </TextLine>
            <TextLine id="r_10_tl_7" custom="readingOrder {index:6;}">
                <Coords points="477,1311 1326,1308 1308,1265 477,1269"/>
                <Baseline points="489,1292 534,1298 579,1301 624,1301 668,1298 713,1298 758,1298 803,1298 848,1301 892,1301 937,1301 982,1301 1027,1304 1071,1301 1116,1301 1161,1301 1206,1301 1251,1301 1295,1301 1331,1301"/>
                <TextEquiv>
                    <Unicode>Jhro Rußischkaiserlichen Majestat, für das allgemeine</Unicode>
                </TextEquiv>
            </TextLine>
            <TextLine id="r_10_tl_8" custom="readingOrder {index:7;}">
                <Coords points="459,1599 2186,1599 2186,1555 2138,1553 459,1549"/>
                <Baseline points="471,1588 516,1588 561,1588 606,1588 650,1591 695,1588 740,1588 785,1588 830,1588 874,1588 919,1588 964,1588 1009,1588 1054,1588 1098,1591 1143,1588 1188,1591 1233,1591 1278,1591 1322,1591 1331,1591 1346,1591 1385,1594 1430,1594 1475,1594 1519,1594 1564,1594 1609,1594 1654,1594 1699,1594 1743,1591 1788,1594 1833,1594 1878,1594 1923,1591 1967,1591 2012,1591 2057,1591 2102,1588 2146,1591 2191,1588"/>
                <TextEquiv>
                    <Unicode>hin noch abzuliefernde Kinder, haben aus landesmüt= hat sich dasselbe stets zwischen 7 und 10 Graden gehal</Unicode>
                </TextEquiv>
            </TextLine>
            <TextLine id="r_10_tl_9" custom="readingOrder {index:8;}">
                <Coords points="459,1681 2186,1677 2140,1633 459,1636"/>
                <Baseline points="471,1675 516,1672 561,1672 606,1672 650,1669 695,1672 740,1672 785,1672 830,1672 874,1672 919,1675 964,1675 1009,1675 1054,1675 1098,1675 1143,1675 1188,1675 1233,1675 1278,1675 1322,1675 1343,1678 1385,1678 1430,1678 1475,1678 1519,1675 1564,1675 1609,1675 1654,1675 1699,1675 1743,1675 1788,1675 1833,1675 1878,1675 1923,1675 1967,1675 2012,1675 2057,1675 2102,1672 2146,1672 2191,1672"/>
                <TextEquiv>
                    <Unicode>so wohl die beste Bedienung, als auch die vortreflichste paßirten Schiffe ist letzthin in den hiesigen öffentlichen</Unicode>
                </TextEquiv>
            </TextLine>
            <TextLine id="r_10_tl_10" custom="readingOrder {index:9;}">
                <Coords points="461,1733 496,1733 520,1748 550,1733 574,1742 633,1735 659,1748 680,1746 678,1679 654,1688 561,1677 539,1688 511,1670 503,1679 459,1681"/>
                <Baseline points="471,1711 516,1713 561,1713 606,1713 650,1716 683,1716"/>
                <TextEquiv>
                    <Unicode>Verpflegung.</Unicode>
                </TextEquiv>
            </TextLine>
            <TextLine id="r_10_tl_11" custom="readingOrder {index:10;}">
                <Coords points="706,1794 1016,1807 1077,1791 1077,1714 1064,1711 944,1720 706,1707"/>
                <Baseline points="719,1776 725,1770 770,1770 815,1773 859,1773 904,1773 949,1773 994,1776 1039,1773 1083,1773"/>
                <TextEquiv>
                    <Unicode>Pifa, vom 4. Jan.</Unicode>
                </TextEquiv>
            </TextLine>
            <TextLine id="r_10_tl_12" custom="readingOrder {index:11;}">
                <Coords points="451,1839 1304,1839 1289,1772 1129,1804 680,1783 451,1804"/>
                <Baseline points="462,1833 507,1833 552,1833 597,1833 642,1833 686,1830 731,1830 776,1830 821,1830 865,1830 910,1830 955,1833 1000,1833 1045,1830 1089,1830 1134,1830 1179,1833 1224,1830 1269,1830 1310,1833"/>
                <TextEquiv>
                    <Unicode>„Der Graf Alexius Orlow, welchem unserm Großher</Unicode>
                </TextEquiv>
            </TextLine>
            <TextLine id="r_10_tl_13" custom="readingOrder {index:12;}">
                <Coords points="453,1893 2179,1887 2179,1841 2123,1837 453,1839"/>
                <Baseline points="465,1884 510,1881 555,1878 600,1875 644,1875 689,1875 734,1875 779,1875 824,1875 868,1875 913,1875 958,1875 1003,1875 1048,1875 1092,1875 1137,1875 1182,1875 1227,1875 1272,1875 1316,1872 1340,1869 1385,1875 1430,1875 1475,1875 1519,1875 1564,1875 1609,1878 1654,1878 1699,1878 1743,1878 1788,1878 1833,1878 1878,1878 1923,1878 1967,1878 2012,1878 2057,1878 2102,1878 2146,1878 2185,1881"/>
                <TextEquiv>
                    <Unicode>zog die Quarantaine zu Livorno um 20 Tage zu verkür¬ Noch ists nicht ausgemacht, ob Krieg oder Friede</Unicode>
                </TextEquiv>
            </TextLine>
            <TextLine id="r_10_tl_14" custom="readingOrder {index:13;}">
                <Coords points="461,1932 1514,1934 1514,1889 1371,1872 461,1891"/>
                <Baseline points="474,1923 510,1920 555,1920 600,1917 644,1917 689,1917 734,1917 779,1920 824,1920 868,1920 913,1917 958,1920 1003,1920 1048,1917 1092,1917 1137,1917 1182,1920 1227,1920 1272,1917 1316,1920 1337,1920 1382,1920 1427,1920 1472,1920 1516,1923 1519,1923"/>
                <TextEquiv>
                    <Unicode>zen aus besonderer Achtung geruhet hatten, hat hier seyn wird.</Unicode>
                </TextEquiv>
            </TextLine>
            <TextLine id="r_10_tl_15" custom="readingOrder {index:14;}">
                <Coords points="453,1973 2184,1971 2184,1930 2108,1926 453,1930"/>
                <Baseline points="465,1961 510,1961 555,1961 600,1958 644,1958 689,1958 734,1958 779,1961 824,1961 868,1961 913,1958 958,1958 1003,1961 1048,1961 1092,1961 1137,1958 1182,1961 1227,1961 1272,1961 1316,1961 1337,1961 1382,1961 1427,1961 1472,1961 1516,1961 1561,1964 1606,1964 1651,1964 1696,1964 1740,1964 1785,1964 1830,1964 1875,1964 1920,1964 1964,1964 2009,1964 2054,1964 2099,1964 2143,1964 2188,1961"/>
                <TextEquiv>
                    <Unicode>dieser Tage Sr. Königl. Hoheit ausgewartet, welche es scheint, daß England temporisire, ohne die Gele¬</Unicode>
                </TextEquiv>
            </TextLine>
            <TextLine id="r_10_tl_16" custom="readingOrder {index:15;}">
                <Coords points="461,2054 1311,2054 1311,2017 1228,2004 461,2012"/>
                <Baseline points="474,2045 519,2045 564,2042 609,2042 653,2042 698,2042 743,2039 788,2042 833,2042 877,2042 922,2045 967,2042 1012,2042 1057,2042 1101,2042 1146,2045 1191,2045 1236,2045 1281,2045 1316,2045"/>
                <TextEquiv>
                    <Unicode>Es ist ausgemacht, daß gedachter Herr, ohne sich vor¬</Unicode>
                </TextEquiv>
            </TextLine>
            <TextLine id="r_10_tl_17" custom="readingOrder {index:16;}">
                <Coords points="459,2103 1313,2093 1313,2058 1142,2047 459,2056"/>
                <Baseline points="471,2090 510,2087 555,2084 600,2084 644,2084 689,2081 734,2081 779,2081 824,2081 868,2081 913,2084 958,2084 1003,2084 1048,2084 1092,2081 1137,2084 1182,2084 1227,2084 1272,2084 1316,2087"/>
                <TextEquiv>
                    <Unicode>her nach Rußland zu begeben, dieses Frühjahr, wenn</Unicode>
                </TextEquiv>
            </TextLine>
            <TextLine id="r_10_tl_18" custom="readingOrder {index:17;}">
                <Coords points="453,2129 1306,2140 1306,2093 1224,2088 453,2099"/>
                <Baseline points="465,2129 510,2126 555,2126 600,2126 644,2126 689,2123 734,2123 779,2123 824,2123 868,2126 913,2126 958,2123 1003,2123 1048,2123 1092,2123 1137,2123 1182,2126 1227,2126 1272,2129 1310,2132"/>
                <TextEquiv>
                    <Unicode>er die mit sich gebrachten Schiffe in den Stand gesetzet,</Unicode>
                </TextEquiv>
            </TextLine>
            <TextLine id="r_10_tl_19" custom="readingOrder {index:18;}">
                <Coords points="457,2175 1311,2179 1311,2140 1168,2127 457,2129"/>
                <Baseline points="468,2170 513,2170 558,2167 603,2170 647,2167 692,2167 737,2164 782,2164 827,2164 871,2164 916,2164 961,2164 1006,2164 1051,2164 1095,2164 1140,2164 1185,2167 1230,2167 1275,2170 1316,2170"/>
                <TextEquiv>
                    <Unicode>worin er sie zu sehen wünschet, und andere Angelegen¬</Unicode>
                </TextEquiv>
            </TextLine>
            <TextLine id="r_10_tl_20" custom="readingOrder {index:19;}">
                <Coords points="459,2214 1157,2249 1330,2212 2173,2223 2173,2184 2116,2177 459,2177"/>
                <Baseline points="471,2212 510,2209 555,2209 600,2209 644,2206 689,2206 734,2206 779,2206 824,2209 868,2206 913,2206 958,2206 1003,2206 1048,2206 1092,2209 1137,2209 1182,2209 1227,2209 1272,2212 1316,2209 1334,2212 1379,2212 1424,2212 1469,2212 1513,2212 1558,2209 1603,2212 1648,2212 1693,2212 1737,2212 1782,2212 1827,2215 1872,2215 1917,2215 1961,2215 2006,2215 2051,2215 2096,2212 2141,2212 2179,2212"/>
                <TextEquiv>
                    <Unicode>heiten für die Rußische Flotte besorget hat, nach dem eingegangen: Der Courier, welchen man mit so viele</Unicode>
                </TextEquiv>
            </TextLine>
            <TextLine id="r_10_tl_21" custom="readingOrder {index:20;}">
                <Coords points="446,2275 576,2259 615,2283 669,2283 734,2259 838,2290 912,2257 944,2266 944,2220 925,2214 446,2214"/>
                <Baseline points="459,2257 501,2254 546,2254 591,2254 636,2251 680,2251 725,2251 770,2251 815,2251 859,2251 904,2251 949,2251"/>
                <TextEquiv>
                    <Unicode>Archipelago zurück segeln wird.</Unicode>
                </TextEquiv>
            </TextLine>
            <TextLine id="r_10_tl_22" custom="readingOrder {index:21;}">
                <Coords points="682,2320 711,2333 737,2318 821,2333 936,2322 979,2342 1087,2318 1087,2255 1068,2246 1046,2262 960,2270 927,2259 838,2290 758,2259 682,2266"/>
                <Baseline points="695,2317 734,2311 779,2311 824,2314 868,2314 913,2314 958,2314 1003,2317 1048,2314 1092,2314"/>
                <TextEquiv>
                    <Unicode>Paris, vom 14. Jan.</Unicode>
                </TextEquiv>
            </TextLine>
            <TextLine id="r_10_tl_23" custom="readingOrder {index:22;}">
                <Coords points="446,2500 2173,2517 2173,2474 1960,2463 446,2476"/>
                <Baseline points="459,2499 504,2499 549,2499 594,2499 639,2496 683,2496 728,2496 773,2496 818,2499 862,2499 907,2496 952,2496 997,2496 1042,2496 1086,2496 1131,2496 1176,2496 1221,2499 1266,2499 1310,2499 1355,2499 1400,2499 1445,2499 1490,2499 1534,2499 1579,2502 1624,2502 1669,2502 1713,2505 1758,2505 1803,2505 1848,2505 1893,2505 1937,2505 1982,2505 2027,2505 2072,2508 2117,2505 2161,2508 2179,2505"/>
                <TextEquiv>
                    <Unicode>Düc d'Orleans und der Düc de Chartres haben öffent= nichts bekannt geworden. Man glaubt auch, daß</Unicode>
                </TextEquiv>
            </TextLine>
            <TextLine id="r_10_tl_24" custom="readingOrder {index:23;}">
                <Coords points="453,2595 2164,2604 2127,2550 453,2552"/>
                <Baseline points="465,2585 510,2582 555,2582 600,2579 644,2579 689,2582 734,2579 779,2579 824,2582 868,2582 913,2582 958,2579 1003,2579 1048,2579 1092,2579 1137,2579 1182,2579 1227,2582 1272,2582 1316,2582 1361,2582 1406,2582 1451,2579 1496,2582 1540,2582 1585,2585 1630,2588 1675,2588 1719,2588 1764,2588 1809,2588 1854,2588 1899,2588 1943,2588 1988,2588 2033,2588 2078,2588 2123,2588 2167,2588 2170,2588"/>
                <TextEquiv>
                    <Unicode>sten Ministers zu erkennen gegeben; und das Publicum dem Hofe zu London mitgetheilet worden. Unter</Unicode>
                </TextEquiv>
            </TextLine>
            <TextLine id="r_10_tl_25" custom="readingOrder {index:24;}">
                <Coords points="451,2641 2171,2641 2153,2593 451,2591"/>
                <Baseline points="462,2627 507,2624 552,2621 597,2621 642,2621 686,2618 731,2621 776,2621 821,2621 865,2621 910,2624 955,2621 1000,2621 1045,2618 1089,2621 1134,2618 1179,2621 1224,2624 1269,2624 1313,2624 1358,2624 1403,2624 1448,2624 1493,2624 1537,2627 1582,2627 1627,2630 1672,2630 1716,2630 1761,2630 1806,2630 1851,2630 1896,2630 1940,2630 1985,2630 2030,2630 2075,2630 2120,2630 2164,2633 2176,2630"/>
                <TextEquiv>
                    <Unicode>bezeuget, die Dauphine sey über die Disgrace dieses dessen laßt sich aus verschiedenen Umstanden abnehmen,</Unicode>
                </TextEquiv>
            </TextLine>
            <TextLine id="r_10_tl_26" custom="readingOrder {index:25;}">
                <Coords points="446,2673 1469,2669 1545,2712 2173,2677 2145,2634 446,2638"/>
                <Baseline points="459,2666 504,2666 549,2663 594,2663 639,2660 683,2663 728,2663 773,2663 818,2663 862,2663 907,2663 952,2663 997,2663 1042,2660 1086,2660 1131,2660 1176,2663 1221,2666 1266,2666 1310,2666 1355,2666 1400,2666 1445,2666 1490,2666 1534,2669 1579,2672 1624,2672 1669,2675 1713,2675 1758,2675 1803,2675 1848,2675 1893,2675 1937,2675 1982,2675 2027,2675 2072,2675 2117,2672 2161,2669 2179,2672"/>
                <TextEquiv>
                    <Unicode>Herrn sehr gerühret worden. Der Vicomte de Choi= daß sie für die Fortdauer des Friedens sehr günstig lau¬</Unicode>
                </TextEquiv>
            </TextLine>
            <TextLine id="r_10_tl_27" custom="readingOrder {index:26;}">
                <Coords points="442,2745 832,2719 970,2747 1055,2714 1406,2745 1508,2716 1482,2671 1328,2664 442,2673"/>
                <Baseline points="453,2717 483,2714 528,2711 573,2708 618,2708 662,2705 707,2705 752,2708 797,2708 842,2708 886,2708 931,2708 976,2708 1021,2708 1066,2705 1110,2705 1155,2708 1200,2708 1245,2708 1289,2708 1334,2708 1379,2711 1424,2711 1469,2711 1513,2711"/>
                <TextEquiv>
                    <Unicode>seul, Sohn des Due de Praslin, ist von seiner Ge= ten müsse.</Unicode>
                </TextEquiv>
            </TextLine>
            <TextEquiv>
                <Unicode></Unicode>
            </TextEquiv>
        </TextRegion>
        <TextRegion id="r_11" custom="readingOrder {index:1;}">
            <Coords points="1346,515 2227,508 2227,2789 1319,2789"/>
            <TextLine id="r_11_tl_1" custom="readingOrder {index:0;}">
                <Coords points="470,568 2212,563 2212,511 2125,498 1534,529 1399,487 806,526 752,490 470,494"/>
                <Baseline points="483,558 513,558 558,555 603,555 647,555 692,555 737,555 782,555 827,555 871,558 916,558 961,558 1006,555 1051,552 1095,552 1140,552 1185,552 1230,552 1275,552 1319,552 1364,555 1409,552 1454,552 1499,552 1543,555 1588,555 1633,555 1678,555 1722,555 1767,558 1812,558 1857,558 1902,558 1946,558 1991,558 2036,558 2081,558 2126,555 2170,555 2215,555"/>
                <TextEquiv>
                    <Unicode>sichen Flette sich dort aufhalte, ein anderer Theil im sandtschaft am Tueiner Hofe zurück berufen, und gleich¬</Unicode>
                </TextEquiv>
            </TextLine>
            <TextLine id="r_11_tl_2" custom="readingOrder {index:1;}">
                <Coords points="477,604 2212,602 2212,561 2149,559 477,565"/>
                <Baseline points="489,600 516,600 561,600 606,600 650,597 695,597 740,597 785,597 830,597 874,597 919,597 964,594 1009,594 1054,594 1098,594 1143,594 1188,594 1233,594 1278,594 1322,597 1367,594 1412,594 1457,594 1501,594 1546,597 1591,597 1636,597 1681,597 1725,597 1770,600 1815,600 1860,600 1905,600 1949,597 1994,603 2039,600 2084,597 2129,597 2173,597 2218,594"/>
                <TextEquiv>
                    <Unicode>Archipelago kreutze, und ein dritter mit verschiedenen falls ins Exilium verwiesen worden. In dem verwi¬=</Unicode>
                </TextEquiv>
            </TextLine>
            <TextLine id="r_11_tl_3" custom="readingOrder {index:2;}">
                <Coords points="477,659 2210,648 2210,604 477,607"/>
                <Baseline points="489,642 513,639 558,642 603,639 647,642 692,639 737,639 782,639 827,642 871,639 916,639 961,636 1006,633 1051,633 1095,636 1140,636 1185,636 1230,636 1275,636 1319,639 1364,639 1409,639 1454,636 1499,639 1543,639 1588,639 1633,642 1678,639 1722,642 1767,642 1812,642 1857,642 1902,642 1946,642 1991,639 2036,642 2081,642 2126,639 2170,639 2215,636"/>
                <TextEquiv>
                    <Unicode>gemachten Prisen nach Port=Mahon und Italien ge= chenen 1770sten Jahre sind in der hiesigen Hauptstadt</Unicode>
                </TextEquiv>
            </TextLine>
            <TextLine id="r_11_tl_4" custom="readingOrder {index:3;}">
                <Coords points="481,691 2203,695 2164,646 481,654"/>
                <Baseline points="492,680 537,680 582,683 627,680 671,677 716,680 761,680 806,680 851,680 895,677 940,677 985,674 1030,677 1074,677 1119,677 1164,677 1209,677 1254,677 1298,680 1343,680 1388,680 1433,680 1478,680 1522,680 1567,680 1612,680 1657,680 1702,680 1746,683 1791,683 1836,683 1881,683 1926,680 1970,683 2015,683 2060,683 2105,680 2149,683 2194,680 2209,680"/>
                <TextEquiv>
                    <Unicode>segelt sey. Die Englischen Kriegesschiffe, welche man 19549 Kinder, als 10000 Knaben und 9549 Madchen</Unicode>
                </TextEquiv>
            </TextLine>
            <TextLine id="r_11_tl_5" custom="readingOrder {index:4;}">
                <Coords points="481,728 2207,737 2181,687 481,693"/>
                <Baseline points="492,722 537,722 582,722 627,722 671,722 716,722 761,722 806,722 851,719 895,719 940,719 985,719 1030,716 1074,719 1119,719 1164,719 1209,719 1254,722 1298,722 1343,722 1388,722 1433,722 1478,722 1522,722 1567,722 1612,725 1657,725 1702,722 1746,725 1791,725 1836,725 1881,725 1926,722 1970,722 2015,722 2060,722 2105,722 2149,725 2194,722 2212,725"/>
                <TextEquiv>
                    <Unicode>hier nicht hat einlassen wollen, sind, ohne nähere Be= getauft, dann 4775 Paar getrauet worden, und 18719</Unicode>
                </TextEquiv>
            </TextLine>
            <TextLine id="r_11_tl_6" custom="readingOrder {index:5;}">
                <Coords points="483,776 2207,771 2207,721 483,739"/>
                <Baseline points="495,764 540,764 585,764 630,767 674,764 719,767 764,767 809,764 854,764 898,761 943,761 988,761 1033,761 1077,761 1122,764 1167,764 1212,767 1257,764 1301,767 1340,764 1361,764 1406,764 1451,764 1496,764 1540,764 1585,764 1630,764 1675,764 1719,764 1764,764 1809,767 1854,767 1899,767 1943,764 1988,764 2033,764 2078,764 2123,761 2167,761 2212,758"/>
                <TextEquiv>
                    <Unicode>fehle von Constantinopel abzuwarten, wieder in See Personen, worunter 9992 männlichen und 8797 weib=</Unicode>
                </TextEquiv>
            </TextLine>
            <TextLine id="r_11_tl_7" custom="readingOrder {index:6;}">
                <Coords points="1343,812 2207,810 2207,771 2166,767 1343,771"/>
                <Baseline points="1355,806 1400,806 1445,806 1490,803 1534,806 1579,806 1624,806 1669,806 1713,806 1758,806 1803,806 1848,809 1893,806 1937,806 1982,806 2027,806 2072,803 2117,803 2161,803 2206,803 2212,806"/>
                <TextEquiv>
                    <Unicode>lichen Geschlechts, gestorben. Die Findelkinder dieses</Unicode>
                </TextEquiv>
            </TextLine>
            <TextLine id="r_11_tl_8" custom="readingOrder {index:7;}">
                <Coords points="1343,862 2201,858 2177,808 1711,832 1343,812"/>
                <Baseline points="1355,848 1400,848 1445,848 1490,848 1534,848 1579,848 1624,848 1669,851 1713,848 1758,848 1803,851 1848,851 1893,851 1937,851 1982,848 2027,848 2072,845 2117,848 2161,848 2206,854"/>
                <TextEquiv>
                    <Unicode>Jahrs haben 6918, als 3531 Knaben und 3387</Unicode>
                </TextEquiv>
            </TextLine>
            <TextLine id="r_11_tl_9" custom="readingOrder {index:8;}">
                <Coords points="1343,892 2201,903 2201,860 2103,847 1343,860"/>
                <Baseline points="1355,889 1400,886 1445,889 1490,892 1534,889 1579,892 1624,889 1669,892 1713,889 1758,889 1803,889 1848,892 1893,892 1937,889 1982,889 2027,889 2072,889 2117,889 2161,889 2206,892"/>
                <TextEquiv>
                    <Unicode>Mädchen, betragen. Das vorige Jahr waren 19445</Unicode>
                </TextEquiv>
            </TextLine>
            <TextLine id="r_11_tl_10" custom="readingOrder {index:9;}">
                <Coords points="507,936 2207,944 2207,903 2093,892 507,888"/>
                <Baseline points="519,925 564,925 609,928 653,925 698,928 743,925 788,925 833,925 877,925 922,928 967,928 1012,928 1057,928 1101,928 1146,928 1191,931 1236,931 1281,931 1325,931 1334,928 1355,928 1400,931 1445,931 1490,934 1534,931 1579,931 1624,931 1669,931 1713,931 1758,931 1803,931 1848,934 1893,934 1937,934 1982,934 2027,931 2072,931 2117,931 2161,928 2206,928 2212,931"/>
                <TextEquiv>
                    <Unicode>Die zu Meßina und Melazzo aus dem Archipelago Getaufte, 4860 Paar Getraute, 18427 Verstorbene</Unicode>
                </TextEquiv>
            </TextLine>
            <TextLine id="r_11_tl_11" custom="readingOrder {index:10;}">
                <Coords points="1482,1048 1571,1068 2069,1064 2069,979 1893,999 1876,981 1629,981 1586,1007 1482,986"/>
                <Baseline points="1493,1033 1537,1033 1582,1036 1627,1039 1672,1036 1716,1036 1761,1036 1806,1036 1851,1036 1896,1039 1940,1039 1985,1039 2030,1036 2075,1039"/>
                <TextEquiv>
                    <Unicode>Coppenhagen, vom 19. Jan.</Unicode>
                </TextEquiv>
            </TextLine>
            <TextLine id="r_11_tl_12" custom="readingOrder {index:11;}">
                <Coords points="1380,1094 2194,1105 2194,1064 2108,1055 1380,1068"/>
                <Baseline points="1391,1089 1436,1089 1481,1092 1525,1092 1570,1092 1615,1092 1660,1092 1705,1092 1749,1092 1794,1092 1839,1092 1884,1092 1928,1092 1973,1095 2018,1092 2063,1092 2108,1092 2152,1092 2197,1098 2200,1098"/>
                <TextEquiv>
                    <Unicode>Den 16ten dieses, Abends zwischen 8 und 9 Uhr</Unicode>
                </TextEquiv>
            </TextLine>
            <TextLine id="r_11_tl_13" custom="readingOrder {index:12;}">
                <Coords points="1341,1142 2194,1146 2181,1100 1341,1085"/>
                <Baseline points="1352,1134 1394,1134 1439,1134 1484,1134 1528,1134 1573,1134 1618,1134 1663,1134 1708,1134 1752,1134 1797,1134 1842,1134 1887,1134 1931,1134 1976,1134 2021,1134 2066,1134 2111,1134 2155,1134 2200,1131"/>
                <TextEquiv>
                    <Unicode>entstand hier in einem Hause auf Vesterbroe eine Feuers</Unicode>
                </TextEquiv>
            </TextLine>
            <TextLine id="r_11_tl_14" custom="readingOrder {index:13;}">
                <Coords points="507,1172 2194,1187 2168,1139 507,1137"/>
                <Baseline points="519,1170 564,1173 609,1176 653,1173 698,1176 743,1176 788,1173 833,1173 877,1173 922,1173 967,1170 1012,1173 1057,1173 1101,1173 1146,1173 1191,1173 1236,1173 1281,1173 1325,1173 1370,1176 1415,1176 1460,1176 1504,1176 1549,1176 1594,1176 1639,1176 1684,1176 1728,1176 1773,1179 1818,1176 1863,1176 1908,1176 1952,1176 1997,1176 2042,1173 2087,1176 2132,1176 2176,1176 2200,1173"/>
                <TextEquiv>
                    <Unicode>Den vom  Januar datirten Petersburger Brie= brunst, wodurch dasselbe, nebst den dazu gehörigen Ne¬</Unicode>
                </TextEquiv>
            </TextLine>
            <TextLine id="r_11_tl_15" custom="readingOrder {index:14;}">
                <Coords points="470,1228 2201,1228 2201,1187 2138,1178 470,1172"/>
                <Baseline points="483,1218 528,1218 573,1218 618,1215 662,1215 707,1215 752,1215 797,1215 842,1215 886,1215 931,1215 976,1215 1021,1215 1066,1215 1110,1218 1155,1218 1200,1218 1245,1218 1289,1218 1334,1215 1349,1215 1394,1218 1439,1218 1484,1218 1528,1221 1573,1221 1618,1221 1663,1218 1708,1218 1752,1221 1797,1221 1842,1218 1887,1218 1931,1218 1976,1218 2021,1218 2066,1218 2111,1218 2155,1218 2200,1218 2206,1215"/>
                <TextEquiv>
                    <Unicode>fen, und den öffentlich daselbst bekannt gemachten An= bengebäuden, auch 6 Kühen und 3 Pferden, meisten</Unicode>
                </TextEquiv>
            </TextLine>
            <TextLine id="r_11_tl_16" custom="readingOrder {index:15;}">
                <Coords points="470,1269 2190,1265 2132,1222 470,1228"/>
                <Baseline points="483,1266 519,1257 564,1257 609,1257 653,1257 698,1257 743,1257 788,1257 833,1257 877,1260 922,1260 967,1260 1012,1260 1057,1260 1101,1263 1146,1260 1191,1260 1236,1260 1281,1260 1325,1263 1349,1260 1388,1260 1433,1260 1478,1260 1522,1263 1567,1263 1612,1263 1657,1263 1702,1260 1746,1263 1791,1263 1836,1260 1881,1260 1926,1260 1970,1260 2015,1260 2060,1260 2105,1260 2149,1260 2194,1257"/>
                <TextEquiv>
                    <Unicode>zeigen zufolge, werden nach der huldreichsten Vorsorge, Theils eingeäschert wurde, bevor die Brandanstalten</Unicode>
                </TextEquiv>
            </TextLine>
            <TextLine id="r_11_tl_17" custom="readingOrder {index:16;}">
                <Coords points="1345,1315 2194,1311 2179,1265 1345,1269"/>
                <Baseline points="1358,1307 1394,1301 1439,1301 1484,1301 1528,1304 1573,1304 1618,1304 1663,1304 1708,1304 1752,1304 1797,1304 1842,1304 1887,1301 1931,1301 1976,1301 2021,1304 2066,1301 2111,1298 2155,1301 2200,1304"/>
                <TextEquiv>
                    <Unicode>zu Hülfe kommen konnten. Wegen des Frostes war</Unicode>
                </TextEquiv>
            </TextLine>
            <TextLine id="r_11_tl_18" custom="readingOrder {index:17;}">
                <Coords points="468,1352 2201,1354 2201,1313 2049,1304 468,1306"/>
                <Baseline points="480,1340 525,1340 570,1340 615,1340 659,1340 704,1340 749,1340 794,1343 839,1340 883,1340 928,1343 973,1343 1018,1343 1063,1343 1107,1343 1152,1343 1197,1343 1242,1343 1286,1343 1331,1340 1337,1340 1349,1343 1394,1343 1439,1343 1484,1343 1528,1346 1573,1346 1618,1346 1663,1346 1708,1346 1752,1346 1797,1346 1842,1346 1887,1343 1931,1346 1976,1346 2021,1343 2066,1343 2111,1340 2155,1343 2200,1343 2206,1343"/>
                <TextEquiv>
                    <Unicode>Beste, in dem auf speciellen Befehl gekauften Wolfi= Mangel an Wasser. Die stärkste Kälte haben wir</Unicode>
                </TextEquiv>
            </TextLine>
            <TextLine id="r_11_tl_19" custom="readingOrder {index:18;}">
                <Coords points="474,1393 2188,1395 2173,1350 474,1345"/>
                <Baseline points="486,1385 531,1382 576,1382 621,1382 665,1382 710,1379 755,1382 800,1382 845,1382 889,1382 934,1382 979,1382 1024,1382 1069,1382 1113,1385 1158,1385 1203,1385 1248,1385 1292,1385 1331,1385 1349,1385 1388,1385 1433,1385 1478,1385 1522,1385 1567,1388 1612,1388 1657,1388 1702,1388 1746,1388 1791,1388 1836,1388 1881,1385 1926,1385 1970,1385 2015,1385 2060,1382 2105,1382 2149,1382 2194,1382"/>
                <TextEquiv>
                    <Unicode>schen, nunmehr unter der Direction Sr. Erlauchten, hier bisher, in diesem Winter, den 11ten dieses um</Unicode>
                </TextEquiv>
            </TextLine>
            <TextLine id="r_11_tl_20" custom="readingOrder {index:19;}">
                <Coords points="466,1425 2197,1430 2197,1391 466,1389"/>
                <Baseline points="477,1424 522,1424 567,1421 612,1424 656,1421 701,1424 746,1421 791,1424 836,1424 880,1424 925,1424 970,1424 1015,1424 1060,1424 1104,1424 1149,1427 1194,1427 1239,1427 1284,1424 1328,1424 1349,1427 1352,1427 1397,1427 1442,1427 1487,1427 1531,1427 1576,1427 1621,1427 1666,1430 1711,1430 1755,1427 1800,1427 1845,1430 1890,1427 1934,1427 1979,1427 2024,1424 2069,1424 2114,1424 2158,1424 2203,1424"/>
                <TextEquiv>
                    <Unicode>des Grafen Nikita Jwanowitsch Panin, stehenden Mitternacht und den folgenden Morgen um 6 Uhr ge¬</Unicode>
                </TextEquiv>
            </TextLine>
            <TextLine id="r_11_tl_21" custom="readingOrder {index:20;}">
                <Coords points="466,1471 2192,1473 2192,1432 2071,1425 466,1428"/>
                <Baseline points="477,1463 522,1463 567,1466 612,1466 656,1466 701,1463 746,1463 791,1463 836,1466 880,1466 925,1466 970,1466 1015,1466 1060,1466 1104,1463 1149,1466 1194,1466 1239,1466 1284,1469 1328,1469 1331,1469 1349,1469 1394,1469 1439,1469 1484,1469 1528,1469 1573,1472 1618,1472 1663,1472 1708,1469 1752,1472 1797,1469 1842,1469 1887,1469 1931,1469 1976,1469 2021,1466 2066,1466 2111,1466 2155,1466 2197,1469"/>
                <TextEquiv>
                    <Unicode>Hause, nach der Dimsdalischen Methode, von dem habt, da das Thermometer, nach Reaumürs Einthei¬</Unicode>
                </TextEquiv>
            </TextLine>
            <TextLine id="r_11_tl_22" custom="readingOrder {index:21;}">
                <Coords points="470,1510 2192,1516 2192,1473 470,1471"/>
                <Baseline points="483,1504 528,1504 573,1504 618,1504 662,1504 707,1504 752,1504 797,1504 842,1504 886,1504 931,1507 976,1504 1021,1507 1066,1504 1110,1507 1155,1507 1200,1507 1245,1507 1289,1510 1331,1507 1343,1507 1388,1510 1433,1510 1478,1510 1522,1510 1567,1510 1612,1510 1657,1510 1702,1510 1746,1510 1791,1513 1836,1510 1881,1510 1926,1510 1970,1510 2015,1507 2060,1507 2105,1507 2149,1507 2194,1510 2197,1510"/>
                <TextEquiv>
                    <Unicode>Doctor Schulinus, die Blattern inoculiret, und die zu lung, auf den 104 Grade unter dem Eispuncte stand.</Unicode>
                </TextEquiv>
            </TextLine>
            <TextLine id="r_11_tl_23" custom="readingOrder {index:22;}">
                <Coords points="466,1551 2188,1558 2188,1514 466,1508"/>
                <Baseline points="477,1546 522,1546 567,1546 612,1546 656,1546 701,1549 746,1546 791,1546 836,1546 880,1546 925,1549 970,1546 1015,1546 1060,1549 1104,1549 1149,1549 1194,1549 1239,1549 1284,1552 1322,1552 1346,1546 1391,1549 1436,1549 1481,1549 1525,1549 1570,1552 1615,1552 1660,1555 1705,1552 1749,1552 1794,1552 1839,1549 1884,1552 1928,1552 1973,1552 2018,1549 2063,1549 2108,1546 2152,1549 2194,1552"/>
                <TextEquiv>
                    <Unicode>diesem Ende daselbst bereits abgegebene, und künftig: Vom Anfange des Frostes an, bis zum 15ten dieses,</Unicode>
                </TextEquiv>
            </TextLine>
            <TextLine id="r_11_tl_24" custom="readingOrder {index:23;}">
                <Coords points="459,1629 2190,1640 2155,1597 459,1601"/>
                <Baseline points="471,1627 516,1630 561,1630 606,1630 650,1630 695,1630 740,1630 785,1630 830,1630 874,1633 919,1630 964,1630 1009,1630 1054,1630 1098,1633 1143,1633 1188,1630 1233,1630 1278,1630 1322,1633 1325,1633 1346,1633 1391,1636 1436,1633 1481,1633 1525,1633 1570,1633 1615,1633 1660,1633 1705,1633 1749,1633 1794,1636 1839,1636 1884,1636 1928,1633 1973,1633 2018,1633 2063,1630 2108,1630 2152,1630 2194,1633"/>
                <TextEquiv>
                    <Unicode>terliche Huld und Gnade Jhro Majestat, ohne Entgeld ten. Die Zahl der voriges Jahr durch den Sund</Unicode>
                </TextEquiv>
            </TextLine>
            <TextLine id="r_11_tl_25" custom="readingOrder {index:24;}">
                <Coords points="1334,1724 2184,1742 2184,1679 1334,1688"/>
                <Baseline points="1346,1713 1391,1716 1436,1719 1481,1719 1525,1719 1570,1719 1615,1719 1660,1719 1705,1719 1749,1719 1794,1719 1839,1719 1884,1719 1928,1719 1973,1719 2018,1719 2063,1716 2108,1719 2152,1719 2188,1713"/>
                <TextEquiv>
                    <Unicode>Blättern unrichtig angegeben worden. Siehat 7756</Unicode>
                </TextEquiv>
            </TextLine>
            <TextLine id="r_11_tl_26" custom="readingOrder {index:25;}">
                <Coords points="1328,1770 1350,1776 1395,1772 1415,1785 1436,1770 1488,1761 1488,1727 1423,1722 1402,1727 1350,1720 1328,1724"/>
                <Baseline points="1340,1755 1385,1755 1430,1755 1475,1755 1493,1755"/>
                <TextEquiv>
                    <Unicode>betragen.</Unicode>
                </TextEquiv>
            </TextLine>
            <TextLine id="r_11_tl_27" custom="readingOrder {index:26;}">
                <Coords points="1493,1833 2032,1839 2032,1787 1982,1776 1891,1789 1833,1761 1493,1759"/>
                <Baseline points="1504,1821 1549,1815 1594,1815 1639,1818 1684,1818 1728,1818 1773,1818 1818,1821 1863,1818 1908,1818 1952,1818 1997,1818 2036,1821"/>
                <TextEquiv>
                    <Unicode>Madrid, vom 27. December.</Unicode>
                </TextEquiv>
            </TextLine>
            <TextLine id="r_11_tl_28" custom="readingOrder {index:27;}">
                <Coords points="1373,1833 1419,1828 1423,1833 1434,1837 1436,1833 1445,1839 1456,1835 1460,1839 1471,1837 1469,1785 1449,1789 1432,1800 1417,1791 1406,1800 1373,1796"/>
                <Baseline points="1385,1821 1430,1824 1475,1824"/>
                <TextEquiv>
                    <Unicode>A.</Unicode>
                </TextEquiv>
            </TextLine>
            <TextLine id="r_11_tl_29" custom="readingOrder {index:28;}">
                <Coords points="1547,1924 2179,1932 2166,1885 1856,1880 1798,1902 1547,1887"/>
                <Baseline points="1558,1920 1603,1920 1648,1920 1693,1923 1737,1923 1782,1923 1827,1923 1872,1920 1917,1923 1961,1923 2006,1923 2051,1923 2096,1923 2141,1923 2185,1923 2188,1920"/>
                <TextEquiv>
                    <Unicode>Die Couriers gehn und kommen, und</Unicode>
                </TextEquiv>
            </TextLine>
            <TextLine id="r_11_tl_30" custom="readingOrder {index:29;}">
                <Coords points="468,2015 2173,2021 2173,1969 468,1969"/>
                <Baseline points="480,2003 525,2000 570,2000 615,2000 659,1997 704,2000 749,2000 794,2000 839,2000 883,2000 928,2000 973,2003 1018,2000 1063,2003 1107,2000 1152,2000 1197,2003 1242,2003 1286,2003 1325,2006 1337,2006 1382,2003 1427,2006 1472,2006 1516,2006 1561,2009 1606,2009 1651,2006 1696,2006 1740,2006 1785,2009 1830,2006 1875,2009 1920,2009 1964,2009 2009,2009 2054,2006 2099,2006 2143,2009 2179,2009"/>
                <TextEquiv>
                    <Unicode>sich verschiedene Stunden mit dem selben unterredet, genheit zu einem bevorstehenden Bruche vermeiden zu</Unicode>
                </TextEquiv>
            </TextLine>
            <TextLine id="r_11_tl_31" custom="readingOrder {index:30;}">
                <Coords points="1330,2062 1356,2058 1363,2062 1376,2056 1384,2062 1393,2056 1404,2060 1410,2054 1458,2056 1458,2010 1436,2015 1417,2010 1399,2015 1393,2010 1380,2019 1365,2010 1352,2019 1330,2019"/>
                <Baseline points="1343,2045 1388,2048 1433,2048 1463,2051"/>
                <TextEquiv>
                    <Unicode>wollen.</Unicode>
                </TextEquiv>
            </TextLine>
            <TextLine id="r_11_tl_32" custom="readingOrder {index:31;}">
                <Coords points="1493,2129 1690,2136 1796,2119 2012,2140 2012,2062 1997,2058 1783,2045 1646,2075 1560,2051 1493,2058"/>
                <Baseline points="1504,2111 1549,2111 1594,2111 1639,2111 1684,2111 1728,2114 1773,2111 1818,2114 1863,2114 1908,2114 1952,2114 1997,2114 2018,2114"/>
                <TextEquiv>
                    <Unicode>Rotterdam, vom 19. Jan.</Unicode>
                </TextEquiv>
            </TextLine>
            <TextLine id="r_11_tl_33" custom="readingOrder {index:32;}">
                <Coords points="1360,2177 2184,2179 2184,2125 1360,2132"/>
                <Baseline points="1373,2164 1418,2167 1463,2167 1507,2170 1552,2170 1597,2170 1642,2170 1687,2170 1731,2170 1776,2170 1821,2173 1866,2170 1911,2173 1955,2173 2000,2173 2045,2173 2090,2173 2135,2173 2179,2173 2188,2173"/>
                <TextEquiv>
                    <Unicode>Mit Privatbriefen aus Paris ist folgende Nachricht</Unicode>
                </TextEquiv>
            </TextLine>
            <TextLine id="r_11_tl_34" custom="readingOrder {index:33;}">
                <Coords points="1328,2259 2181,2264 2166,2218 1328,2218"/>
                <Baseline points="1340,2254 1385,2251 1430,2251 1475,2251 1519,2254 1564,2251 1609,2254 1654,2254 1699,2257 1743,2257 1788,2254 1833,2257 1878,2254 1923,2257 1967,2257 2012,2257 2057,2257 2102,2257 2146,2254 2185,2254"/>
                <TextEquiv>
                    <Unicode>Ungeduld aus Spanien, mit der Antwort von dem</Unicode>
                </TextEquiv>
            </TextLine>
            <TextLine id="r_11_tl_35" custom="readingOrder {index:34;}">
                <Coords points="1319,2301 2179,2305 2177,2264 2132,2259 1317,2253"/>
                <Baseline points="1331,2290 1376,2293 1421,2293 1466,2293 1510,2293 1555,2296 1600,2296 1645,2296 1690,2296 1734,2296 1779,2296 1824,2299 1869,2296 1914,2296 1958,2299 2003,2299 2048,2299 2093,2299 2138,2299 2182,2299 2185,2299"/>
                <TextEquiv>
                    <Unicode>Höfe zu Madrid auf den letzten Vorschlag, welchen</Unicode>
                </TextEquiv>
            </TextLine>
            <TextLine id="r_11_tl_36" custom="readingOrder {index:35;}">
                <Coords points="1319,2344 2177,2346 2177,2303 1319,2298"/>
                <Baseline points="1331,2335 1376,2335 1421,2335 1466,2332 1510,2335 1555,2335 1600,2338 1645,2338 1690,2338 1734,2338 1779,2338 1824,2341 1869,2341 1914,2341 1958,2341 2003,2341 2048,2341 2093,2341 2138,2341 2182,2341 2185,2338"/>
                <TextEquiv>
                    <Unicode>der König, unser Souverain, zur Abwendung ei¬</Unicode>
                </TextEquiv>
            </TextLine>
            <TextLine id="r_11_tl_37" custom="readingOrder {index:36;}">
                <Coords points="490,2389 1973,2398 2184,2389 2184,2346 487,2322"/>
                <Baseline points="501,2370 546,2370 591,2373 636,2370 680,2370 725,2370 770,2370 815,2370 859,2370 904,2370 949,2373 994,2373 1039,2373 1083,2370 1128,2373 1173,2373 1218,2373 1263,2373 1307,2373 1352,2376 1397,2376 1442,2376 1487,2373 1531,2376 1576,2376 1621,2379 1666,2379 1711,2379 1755,2382 1800,2382 1845,2379 1890,2379 1934,2379 1979,2382 2024,2382 2069,2382 2114,2379 2158,2379 2188,2379"/>
                <TextEquiv>
                    <Unicode>Daß der Herzog von Choiseul, noch nach seiner Be¬ nes Krieges gethan hat, erwartet, ist bereits vor</Unicode>
                </TextEquiv>
            </TextLine>
            <TextLine id="r_11_tl_38" custom="readingOrder {index:37;}">
                <Coords points="453,2428 2179,2426 2179,2387 2119,2383 453,2374"/>
                <Baseline points="465,2418 510,2418 555,2415 600,2415 644,2415 689,2415 734,2415 779,2415 824,2415 868,2412 913,2415 958,2415 1003,2415 1048,2415 1092,2415 1137,2412 1182,2415 1227,2418 1272,2415 1316,2418 1361,2418 1406,2418 1451,2415 1496,2415 1540,2418 1585,2421 1630,2418 1675,2421 1719,2421 1764,2421 1809,2421 1854,2421 1899,2421 1943,2421 1988,2424 2033,2421 2078,2421 2123,2421 2167,2421 2185,2421"/>
                <TextEquiv>
                    <Unicode>ungnadigung, viele Freunde behalten hat, kan, zu ei=¬ 4 Tagen mit der verlangten Antwort zurückgekom¬</Unicode>
                </TextEquiv>
            </TextLine>
            <TextLine id="r_11_tl_39" custom="readingOrder {index:38;}">
                <Coords points="451,2472 2181,2472 2181,2428 451,2428"/>
                <Baseline points="462,2460 507,2460 552,2457 597,2454 642,2454 686,2454 731,2454 776,2457 821,2457 865,2457 910,2457 955,2457 1000,2457 1045,2454 1089,2454 1134,2454 1179,2454 1224,2457 1269,2460 1313,2460 1358,2460 1403,2460 1448,2457 1493,2457 1537,2460 1582,2460 1627,2460 1672,2463 1716,2463 1761,2463 1806,2463 1851,2463 1896,2463 1940,2463 1985,2466 2030,2466 2075,2466 2120,2463 2164,2466 2185,2466"/>
                <TextEquiv>
                    <Unicode>nem seltenen Exempel, nicht geläugnet werden. Der men; allein, von der Beschäffenheit derselben ist</Unicode>
                </TextEquiv>
            </TextLine>
            <TextLine id="r_11_tl_40" custom="readingOrder {index:39;}">
                <Coords points="451,2552 2179,2561 2177,2517 2103,2509 451,2513"/>
                <Baseline points="462,2547 507,2544 552,2541 597,2538 642,2538 686,2538 731,2538 776,2538 821,2538 865,2538 910,2538 955,2538 1000,2538 1045,2538 1089,2538 1134,2538 1179,2538 1224,2541 1269,2541 1313,2541 1358,2541 1403,2541 1448,2541 1493,2541 1537,2541 1582,2544 1627,2544 1672,2547 1716,2547 1761,2547 1806,2547 1851,2547 1896,2547 1940,2547 1985,2547 2030,2550 2075,2547 2120,2547 2164,2547 2182,2550"/>
                <TextEquiv>
                    <Unicode>lich ihr Leidwesen über die Abreise des gewesenen er= selbige so lange geheim gehalten werden dürfte, bis sie</Unicode>
                </TextEquiv>
            </TextLine>
            <TextLine id="r_11_tl_41" custom="readingOrder {index:40;}">
                <Coords points="2043,2768 2056,2773 2075,2766 2097,2771 2114,2758 2177,2768 2179,2716 2168,2714 2162,2719 2125,2708 2114,2716 2088,2712 2060,2723 2045,2721"/>
                <Baseline points="2054,2756 2093,2756 2138,2753 2182,2750"/>
                <TextEquiv>
                    <Unicode>Harlin=</Unicode>
                </TextEquiv>
            </TextLine>
            <TextEquiv>
                <Unicode></Unicode>
            </TextEquiv>
        </TextRegion>
    </Page>
</PcGts>
