2679 3213
928 1458 1868 1561 20tes Stück. Montag, den 11. März 1771.
893 1548 1021 1633 Prag.
558 1585 1384 1706 Neue physikalische Belustigungen, 1 B. 2 Abthei¬
519 1689 649 1756 lungen.
534 1765 1343 1849 seit undenklichen Zeiten nur wegen Johann Huß
525 1782 2260 1886 oder einer Schlacht und Belagerung berühmt war, an einigen durch den Blitz getödteten Körper zu erwei¬
532 1847 1388 1929 jetzt aber auch durch nützliche Wissenschaften es zu wer¬
525 1864 2262 1961 den suchet. Die gegenwärtige Abhandlungen gehören Ein andres Stück handelt vom Auffenthalt der Schwal=
534 1912 2266 2011 zwar meistens Gelehrten außer Prag. Aber auch die ben im Winter. Aus sehr glaubwürdigen Reisebe¬
532 1951 2258 2048 Auswahl und Sammlung derselben ist schon ein kleines schreibungen versichert der V. daß sie Wandervögel
1192 2011 1390 2067 Wir wollen
532 2031 1161 2102 Verdienst für den Ort, wo sie geschah.
534 2054 1390 2134 aus einigen derselben etwas bemerken. Herr Tillet
534 2098 1390 2180 untersucht den Grad der Hitze, den Menschen und
534 2115 2266 2219 Thiere zu widerstehen fähig sind. Der V. hatte mit daß er hinzusetzt, es gelte dies nur von einigen Schwal¬
538 2158 2260 2264 Herrn dü Hamel die Versuche gemacht, die Korn= ben. Der Recensent hat viele im Wasser angetroffen,
541 2212 2268 2303 würmer dadurch zu tödten, daß er das Korn in einen und daß in der Themse keine gefunden werden, davon
538 2262 1388 2353 heißen Ofen bringen ließ. Sein Versuch gelung, und
530 2284 2255 2390 er kam auf den Einfall, den obigen Versuch zu ma= in der üblen, vom Kohlendampf stinkenden Luft bey
541 2323 2260 2431 chen. Bey der genauesten Berechnung war ein Mäd= London finden. — Indessen bringt der V. bey was
543 2374 2266 2474 gen in einem sehr heißen Ofen 10 Minuten, und der Capit. Wright ihm erzählt, daß, auf seiner Reise
541 2413 2268 2511 Thermometer nach Reamur mit Weingeist gefüllt, stand von Philadelphia nach London zwischen Gorea und
541 2480 1254 2550 auf 112 Grad. Eine erschreckliche Hitze!
549 2491 2264 2593 Thieren fand Herr T. daß, wenn sie in Lumpen und werke seines Schifs niedergesetzt hätten. Er habe
545 2530 2266 2640 Tücher gewickelt waren, sie viel länger, und eine größe, auch bemerkt, daß sie sich in Senegal nicht anders, als
534 2580 2266 2679 re Hitze aushielten, als ohne diese Einwickelung, ja im Winter zeigten, alsdenn aber dort keine Nester
543 2617 2268 2725 dar mehr, und langer aushielten, als es dem Boerhaz bauten, sondern entweder einzeln, oder paarweise auf
547 2669 2268 2762 ve bey seinen Versuchen gelungen war. Des V. letztes dem Seeufer des Nachts lägen. Wir können seine
536 2701 2271 2800 Resultat aus diesen Versuchen besteht darinn, daß die übrige Beweise, die besonders wider den sel. Klein
541 2740 2275 2883 Aerzte nicht mehrso furchtsam seynsohen, in besonderen in Danzig gerichter sind, nicht alle hersetzen. Das
1397 1509 2251 1600 Krankheiten den Grad der Hitze eines Zimmers u. s.w.
1775 1574 2245 1637 In einem andern Stücke wer
1395 1592 1594 1648 zu erhöhen.
1406 1626 2260 1680 den Beobachtungen wegen den Blitz vorgetragen.
1397 1661 2260 1717 Man will es wahrscheinlich machen, daß der Blitz zu¬
560 1704 2243 1791 Ein Phänomenon für eine Stadt, wie Prag ist, die weilen erst in die Erde hernach aus dieser herausfährt
1395 1747 2260 1801 und alsdenn beschädigt. In Hannover hat man dies
1410 1825 2232 1886 sen gesucht, da das Gras unter ihnen versengt war. --
1410 1992 2264 2057 sind. Er meint anfänglich, weil nie in der Themse
1412 2035 2264 2093 Schwalben angetroffen sind, so halten sie sich auch den
1410 2080 2266 2134 Winter über nicht im Wasser auf. Es ist aber gut,
1410 2240 2262 2305 konnte man wohl Ursachen in dem Wasser selbst, oder
1319 2454 2266 2519 Bey Senegal sich eine Menge Schwalben auf die Strick¬
2173 2777 2271 2844 Stück
