2799 3213
666 512 1550 593 Fenster haben, davon die untere von gemilten Glase
668 560 1546 623 ist. Selten hat es mehr als zwey Stockverke, deren
670 706 1546 778 gekehrt, und alle Fenster gehen in denselben. Es hat
672 747 1541 812 eben so viele Zimner als das erste: aber sie sind anmu¬
670 776 1543 853 thiger und prächtiger, sowohl in Ansehung der Malerey,
672 855 1543 932 Miner eingefaßt. Man siehr in denselben keine Par¬
666 896 1541 963 terren, wie in den unsrigen, sondern große Bäume, die
672 932 1534 1000 einen angenehmen Schatten verursachen, und dem Gar
668 995 1543 1072 befindet sich das, was man den Chiosk nennet. Es ist
677 1040 1548 1106 ein großer Saal, in deßen Mitte Springbrunnen an=
675 1110 1546 1182 haben, und mit einem vergoldeten Gitterwerk umgeben,
666 1176 1548 1254 bedeckt ist, welches eine Art eines grünen Mauerwerks
666 1232 1546 1291 vorstellt. Hier ist es, wo die Türken ihr lebhaftes Ver¬
668 1264 1550 1342 gnügen genießen, und wo die Weiber den meisten Theil
666 1300 1512 1372 ihrer Zeit mit Musik oder Stickereyarbeit zubringen.
731 1336 1546 1406 In diesem Haram wohnt die Gemahlin des Herrn
668 1363 1947 1455 von Hause. Selten ist sie verbunden das Herz ihres gen, Geld zu verthun.
666 1419 1546 1487 Mannes mit einer zwoten zu theilen. Es ist wahr, daß
666 1449 1552 1518 die Mahometanische Religion den Türken erläubt, bis
666 1500 1546 1559 auf vier Weiber zu nehmen. Man hat aber vielleicht
670 1525 1543 1593 kein Exempel, daß ein Mann sich dieses Rechts bedient
666 1561 1546 1624 hätte. So bald ein Türk eine Frau von Stande oder
666 1604 1546 1665 die Tochter eines Gelehrten heurathet, so darf er sich
668 1679 1548 1740 weder seine Fran noch ihre Verwandschaft würden es
670 1719 1539 1776 zugeben. Alles, was er thun kan, ist, daß er Beyschläf.
668 1787 1543 1852 mals in das Haus bringen, worinn seine Frau wohnt.
668 1823 1537 1888 Die andern Weiber, ob sie schon von geringerem Stande
668 1866 1537 1918 sind, halten nicht weniger auf ihre Rechte, und obschon
661 1904 1534 1961 in diesen Laenden die Vielweiberey zugelassen ist, so wird
666 1931 1537 1999 sie vielleicht in keinem andern weniger ausgeübt. Das
666 1976 1537 2033 was ich hier behaupte, wird ihnen vielleicht außerordent¬
663 2008 1543 2076 lich vorkommen, nachdem sie in den Reisebeschreibungen
668 2049 1537 2112 so viel von dem Serail des Groß=Sultans und dem Han=
661 2085 1532 2152 del mit schönen Sklavinnen in Konstantinopel gelesen
668 2121 1527 2180 haben. Aber was den Kayser betrift, so erlauben die
668 2161 1537 2216 Gesetze ihm nicht, sich zu verheurathen oder eine recht¬
659 2198 1527 2261 mäßige Gemahlin zu haben, weil sein Blut viel zu ede
659 2227 1527 2297 gehalten wird, als daß es sich mit dem Blute anderer
666 2272 1530 2331 Sterblichen vermischen und in eine gesetzmäßige Ver¬
661 2299 1532 2371 wandschaft kommen dürfte. Er hat also nichts als Bey¬
654 2335 1525 2410 schlifferinnen, welche ihm jedoch rechtmäßige Kinder ge¬
659 2380 1527 2444 bähren. Was aber die schönen Sklavinnen anbelangt,
657 2421 1534 2473 davon man in den Haram der Großen eine nicht geringe
657 2448 1525 2516 Anzahl zu sehn bekommt, so sind sie bloß zum Dienst
654 2486 1518 2554 der Gemahlin, welche eine unumschränkte Gewalt übe
654 2527 1525 2592 sie ausübt und niemals zugeben würde, daß ihr Mann
657 2570 1537 2633 sie liebenswürdig fände. Diese Sklavinnen sind übri¬
668 415 2480 557 Anblick verursacht. Diese Gilerie führt zu allen Zim¬ gens von einem sehr hohen Preiße, der sich besonders
670 474 2480 591 mern, welche gemeiniglich groß sind und zwo Reihen nach dem Lande richtet, woraus sie gebracht werden.
1573 553 2484 634 Die Zirkaßierinnen behaupten beständig den ersten Rang
677 587 2468 695 jedes seine Gilerie het. es Dieses Haus bewohnt der dere Nationen übertreffen und die glücklichsten Gemüths¬
1573 600 2477 663 und sind am theuersten, weil sie an Schönheit alle an¬
675 632 2480 736 Minn. Das zweyte Hauptgebäude ist der Haram. Es gaben mit einem sittsamen Betragen verknüpfen. Die
675 663 2466 774 hat auch seine Galerie, aber es ist gegen den Garten pohlnischen Schönen sind in der zwoten Klasse. Nach
1570 736 2473 805 diesen kommen die Rußinnen, welchen den ersten Rang
1568 776 2466 848 einzuräumen, die Türken nicht einen Augenblick Anstand
675 817 2471 923 als der Maublirung. Die Garten sind mit einer hohen ähnlich wären, die Sie vor einiger Zeit gesehen haben.
1564 819 2468 887 nehmen würden, wenn sie alle der Gräfin von Czernichev
1564 896 2466 957 Die Georgianerinnen und die Mingrelierinnen sind die
1570 921 2471 1000 letzten, ohnerachtet des günstigen Vorurtheils, womit
1570 963 2462 1029 die Reisebeschreiber die Europäer für diese Nationen ein¬
675 961 2466 1069 ten ein schönes Ansehen geben. Mitten in demselben genommen haben. Die Deutschen, die Venetianischen,
1573 1038 2466 1101 die Ungerischen und andere Schönen der Abendländischen
1568 1065 2462 1139 Gegenden von Europa, werden gar nicht geachtet. Jch
675 1076 2455 1180 gebracht sind. Er ist 9 bis 10 Stufen über der Erde er= will Ihnen die Ursache davon verschweigen, damit ich
1570 1148 2462 1221 nicht ihre Eigenliebe beleidige. Wenn Sie Lust haben,
675 1148 2459 1250 das überall mit Weinstöcken, Schaßmin und Geißblatt dieselbe zu wissen, so können Sie solche in einer Anmerk¬
1570 1223 2453 1302 ung bey der Geschichte des Oßmannischen Reiches durch
1570 1250 1965 1320 Prinz Kantimir finden.
1624 1270 2450 1363 Die Beschäftigung der türkischen Weiber besteht in
1568 1306 2450 1394 dem Putz, in dem Tanzen, in der Musik, in Spazieren¬
1573 1361 2450 1451 gehen, in Erfindung neuer Moden und in dem Vergnü¬
1622 1412 2441 1512 Ein Mann würde für unsinnig gehalten werden,
1579 1478 2448 1541 wenn er die geringste Sparsamkeit von seiner Frau ver¬
1568 1512 2450 1575 langte. Sie hat kein anders Gesetz bey ihrer Verschwen¬
1570 1548 2446 1620 dung als ihre Einfalle. Die Pflicht des Gemahls ist
1568 1579 2450 1652 Geld anzuschaffen und die Schuldigkeit der Frau es zu
1570 1624 2439 1690 verthun. Dieses erhabene Vorrecht erstreckt sich sogar
670 1638 2441 1726 schon nicht einfallen laßen, an eine andere zu denken: auf den niedrigsten Theil des schönen Geschlechts. Man
1570 1694 2441 1762 sieht hier öfters einen Menschen, der gestickte Halstü¬
1573 1735 2441 1800 cher zum Verkauf durch die Straßen auf seinen Rücken
675 1755 2439 1839 terinnen hält. Aber auch in diesem Falle kan er sie nie= herumträgt. Man mag nun diese abgeschmackte Figur
1566 1812 2437 1875 ansehen, wie man will, so kan man doch versichert seyn,
1564 1841 2444 1913 daß seine Frau sich viel zu gut dünken würde, andere
1564 1886 2444 1947 als reiche Kleider zu tragen: sie hat gewiß ein Futter
1555 1927 2432 1997 von Hermelin in ihrem Rocke und einen kostbaren Auf¬
1561 1952 2171 2004 satz von Edelsteinen auf ihrem Kopfe.
1618 1992 2432 2078 Mit dem Vergnügen sich zu putzen verbinden sie die
1561 2035 2432 2116 Ergötzungen der Musik und des Tanzeus. Die türkische
1555 2080 2434 2155 Musik ist sehr bewegend. Unter dem weiblichen Geschlecht
1557 2119 2441 2191 trift man sehr schöne Stimmen an, welches sie mit einem
1564 2159 2437 2220 Instrument begleiten, daß etwas von der Laute und von
1557 2200 2437 2263 der Zitter hat. Gemeiniglich sind einige, die zugleich
1555 2236 2441 2304 tanzen. In dieser Kunst sind sie ganz vortreflich. Man
1559 2268 2430 2335 kan nicht mit mehrerer Leichtigkeit und Geschmach tanzen.
1559 2306 2430 2376 Die geringste Geberde ist ein Ausdruck einer fühlenden
1561 2344 2425 2412 Seele. Schmachtende Stellungen, sterbende Augen,
1552 2385 2432 2446 wollüstige Wendungen eines halb zurückgebogenen Leibes
1552 2421 2425 2486 mit einem Wort, so viele verführerische Reizungen wech¬
1557 2455 2423 2513 seln beständig mit einander ab, daß die strengste und un¬
1557 2498 2425 2579 empfindlichste unter unsern Weibern bey diesem Schauspiel
1552 2525 2259 2615 unmöglich würde können gleichgültig bleiben.
1740 2577 2229 2667 (Die Fortsetzung folgt künstig.)
