2799 3213
707 573 2479 650 Man glaubt jetzt vielen Anschein in Constantinopel dazu ist aufgehangen worden. Alles zur Rache für den erli¬
725 632 1582 681 zu haben. Die Rußische Kaiserin soll es ihren Ge¬
723 672 1580 725 neralen überlassen haben, über diese Vorschläge zu
725 714 1589 765 tractiren; und das erste, was der General Roman¬
732 798 1170 862 sidenten Obreskow gewesen.
959 835 1342 926 Rom, vom 4. Febr.
767 904 1580 972 Der Fürst Sapieha, Groß=General von Litthauen,
723 1047 2466 1100 Audienz, von welchem er sehr gütig aufgenommen wieder Korkpulver darauf, womit man so lange fort¬
723 1128 2473 1179 Vater Abschied, und wird nun nach Florenz gehen, wird die zweyte Sohle darauf gelegt, mit 2 Nägeln
723 1335 1580 1388 Von den 4 Galeeren-Sclaven aus Civitavecchia
727 1373 1576 1421 die zum Tode verdammt waren, haben 2 Pardon er
732 1459 2111 1514 dritte eben sollte hingerichtet werden, so schenkte der Rühmens von dieser Erfindung.
727 1505 1580 1554 Pabst auch diesem, nebst seinem vierten Compagnon,
725 1547 1584 1596 das Leben. Der Prinz Gallitzin ist mit noch 5 an¬
725 1593 2466 1646 dern Rußischen Cavaliers aus Venedig hier angekom= das Fäßchen zu 1 fl. 24 gr. angekommen und logirt im Palm¬
723 1635 815 1697 men.
895 1664 1421 1754 Niederelbe, vom 22. Febr.
765 1734 1591 1805 Man hat angemerkt, daß die Erderschütterungen
723 1794 1591 1847 noch niemals so häusig gewesen, und fast in der ganzen
732 1845 2462 1891 Welt sind, als seit zwey Jahren. Zu Tanger an der nach Berlin, log. bey Seyfrieds im Kneiphof. Herr
723 1913 1582 1981 starke perspührt worden, welche etliche Minuten ge¬
721 1972 2462 2019 dauert, und viele Häuser umgeworfen hat. Zu Gibral= auf dem Roßgarten. Herr Schüte, und Herr Jacob,
723 2047 1078 2120 See stark bewegt hat.
886 2080 1395 2155 Versailles, vom 13. Febr.
767 2118 2041 2193 Der Kronprinz und der Prinz Friedrich Adolph von Wechsel-Cours & Species.
725 2173 1582 2235 Schweden, welche kürzlich hier angelangt, sind am
732 2221 2464 2290 9ten dieses dem Könige und der Königl. Familie unter Amsterd. 41Tage 308 gr. Weitzen der beste 144gr.
723 2265 1582 2336 den Namen der Grafen von Gothland und von Oeland
725 2310 1584 2371 vorgestellt worden, und haben denselben Abend mit Se.
725 2356 1576 2433 Majestät gespeist. Gestern sind sie auf dem Ball bey
718 2395 1104 2479 der Dauphine gewesen.
919 2435 1395 2532 Krakau, vom 9, Februar.
758 2499 1849 2583 Zwischen gestern und heute frühe kam der Confö¬ Alberts Taler
723 2552 1715 2620 derirte Oberste Schütz, mit einigen 100 Pferden, nach Rubel
723 2596 1770 2664 Wieliczka, nahm von da den Herrn Administrator, den Oude
725 2647 1587 2711 Podszuppeck, den Herrn Friese und den Herrn Caßier
727 2686 1578 2748 Haubold, nebst noch 4 Rathsherren, und führte sie in
714 2724 1573 2825 Ketten und Banden weg nach Landskrog. Ein Jud=
1602 635 1856 696 tenen Ueberfall.
1836 648 2241 723 Metz, vom 19. Febr.
1640 688 2470 765 Der Abt Bouteville hat eine Art Schuhsohlen ersun¬
727 758 2470 809 zow verlanget hätte, wäre die Freyheit des Herrn Re= den, welche kein Wasser durchlassen. Man feilt Kork
1604 804 2464 855 mit einer grossen Feile, und macht auf diese Art ein
1609 840 2470 893 Pulver daraus, als Sägelspähne. Wenn die erste
1609 882 2470 932 Sohle angenähet ist, wird sie auswendig mit Englischen
1607 923 2470 976 Leim überzogen, und hernach mit diesen Korkpulver
725 963 2475 1018 hat sich etwa 2 Monate hier aufgehalten. Vor ei= bestreuet. Wenn es trocken ist, macht man wieder
725 1009 2470 1060 nigen Tagen hatte er bey dem Pabste eine Privat= mit einem grossen Pinsel Leim darüber, und dann
725 1086 2470 1142 wurde. Er nahm zugleich in selbiger von dem heil. fährt, bis dieser Ueberzug einen Zoll dick ist. Nun
732 1177 2464 1227 Se. Heiligkeit haben ihm die sogenannten Erbau= bevestiget, und so lange geschlagen, bis alles etwa die
725 1216 2475 1261 ungsgeschenke (regali di devozioni) womit angese= Dicke eines Thalers hat. Dann wird die Sohle vest
725 1256 2475 1318 hene Personen von Ihnen pflegen beehret zu wer- genäht, und der Suh ist fertig, welcher so leicht als
725 1296 2475 1344 den, z. E. Rosenkränze, Agnus Dei, rc. übersandt. ein anderer ist. Der Ueberzug bricht nicht, ist elastisch,
1609 1335 2473 1393 so daß leicht und sanft darauf zu gehen ist, und die
1600 1377 2470 1426 Füsse trocken bleiben. Die Mannheimer Französische
725 1421 2475 1483 halten. Sie mußten darum loosen. Und als der Zeitung, und die Gazette de Commerce machen viel
1862 1507 2213 1571 AVERTISSEMENT.
1624 1532 2464 1602 Der Rußische Kaufmann Dolganos ist mit ganz srischen Caviar,
1600 1620 1908 1668 baum in der Vorstadt.
1875 1653 2193 1732 Einpaßirte Fremde,
1796 1706 2270 1770 vom 2ten bis 6ten März.
1648 1745 2473 1809 Herr von Leppel, Rußischkaiserl. Major, und Herr
1611 1789 2473 1853 Baron von Geyling, kommen aus Petersburg, gehen
732 1886 2464 1935 Küste von Marocco ist am 12ten December eine sehr von Bockum, Lieutenant vom Prinz Anhalt, kommt
1607 1933 2470 1979 von Curland, gehet nach Halle, log. bey Felgenhauern
734 2012 2464 2069 tar hat man sie ebenfalls bemerkt, wo sich zugleich die Kaufleute, kommen von Augspurg, log. bey Schenck
1600 2049 1915 2109 in der Junkergasse.
1651 2177 1992 2235 deo 7. März 1770.
1609 2299 2027 2354 Hamburg 3W. 135 gr
1664 2340 2030 2402 dito 6 W. 134½ gr.
1600 2360 2030 2435 Dantzig 275 p. C dn.
1593 2426 2027 2484 Ducaten neue 9fl. 9 gr.
1677 2473 2027 2525 dito oude 9 fl. 1 3 gr.
1902 2512 2027 2565 136gr.
1886 2541 2027 2611 1081gr.
2063 2131 2440 2188 Getreyde Preise.
2047 2182 2457 2219 vom 28 Febr. bis6März1771.
2155 2250 2442 2303 der geringere 135-
1666 2248 2455 2349 dito 71 Tage 307 gr. Noggen der beste 105-
2149 2316 2437 2389 der geringere —
2052 2365 2327 2426 Gerste die beste
2367 2367 2457 2426 72—
2094 2409 2323 2473 die geringere
2362 2413 2455 2503 4e-
2052 2444 2188 2497 Haaber
2054 2479 2437 2545 Erbsen große graue 102
2094 2525 2448 2581 — kleine graue 99-
2078 2563 2446 2611 — große weiße 90-
1836 2589 2296 2642 8 pr. C. ag. | — kleine weiße
2365 2596 2453 2642 84—
1604 2625 2464 2722 Diese Gelehrte und Politische Zeitung wird des Montag
1651 2693 2415 2768 und des Freytags Vormittags um 10 Uhr in dem
1759 2726 2303 2792 Kanterschen Buchladen ausgegeben.
2274 2744 2455 2834 Beslage.
