2679 3213
605 538 2233 603 Beylage zum 21ten Stück der Königsbergischen gelehrten u. polit. Zeitung, 1771.
590 655 1376 738 Fortsetzung der im 19ten St. abgebrochenen
840 703 1137 779 Beylage.
603 749 1406 814 Die Bäder sind der Ort, wo die Konstantinopolita=
551 801 1410 851 nischen Schönen wöchentlich ein oder zweymal zusam=
551 846 2294 892 men kommen. Sie begeben sich, von ihren Sklavinnen den. Die gewöhnliche Einrichtung ihrer Liebesverständ¬
549 883 2296 933 begleitet, dahin: aber so bald sie angelangt sind, so er= nisse ist, daß sie ihrem Liebhaber einen Ort in dem La¬
549 920 1415 961 kennt man den Unterschied des Rangs nicht mehr an der
556 957 1406 1003 Kleidung. Sie befinden sich hier alle in dem natürlichen
551 996 1406 1042 Stande, ohne weder Schönheit noch Fehler zu verber=
549 1031 1404 1076 gen. Einige sind in dem Bade, andere unterhalten sich
549 1063 2283 1111 mit einander, oder haben eine Arbeit von Geschmack oder und es ist so schwehr, dieses Geheimniß zu ergründen,
549 1102 1406 1154 Mode vor sich, andere nehmen Kaffe oder Sorbet: viele
556 1141 1410 1187 ruhen auf ihren Küssen, und lassen sich ihre Haare auf
549 1178 1406 1226 tausenderley Arten durch ihre Sklavinnen zurechte ma=
549 1256 1404 1298 muth, welche Milton unserer ersten Mutter beylegt, ehe
558 1291 1406 1335 sie noch gelernt hatte, zu erröthen. Sie erinnern sich der
549 1324 1404 1369 Anmerkung, welche ehemals eine englische Abgesandtin
551 1365 1400 1404 bey dieser Gelegenheit gemacht hat, daß, wenn es Mod=
549 1402 1415 1450 wäre, nackt zu gehen, man fast keine Aufmerksamkeit
547 1441 1406 1489 auf die Gesichtsbildung haben würde, und daß diejeni=
542 1476 1400 1521 gen, welche die zarteste Haut oder die feinste Gestalt hat
551 1512 1406 1554 ten, an ihrer Bewunderung den größten Antheil gehabt
542 1584 1406 1628 wesen, als der andern. Diese Bader sind für die Wei=
547 1619 2276 1664 ber in Konstantinopel das, was bey uns die Kaffehäuser, in diesem Reiche an; der Divan selber trägt Ehrfurcht
542 1693 2287 1751 aus der Stadt zusammengetragen, andere zuweilen aus= hinrichten läßt, so wird er sich doch niemals an seinen
547 1734 1376 1786 gedacht, und tausend Arten sich zu belustigen erfunden.
599 1760 1404 1814 Nichts ist mit der Ehrerbietung zu vergleichen, mit
540 1801 2276 1855 welcher die Türken dem schönen Geschlechte begegnen, des Großsultans nicht erfüllen, weil ich nie darinn ge¬
547 1877 1402 1925 einem Lande oder von einer Religion seyn, von welcher
542 1912 2278 1960 sie will. Es ist genug, daß sie von dem weiblichen Ge=besonders, daß sich keine rechtmäßige Gemahlin darin
549 1953 1397 2005 schlechte ist, um als etwas heiliges angesehen zu werden.
542 1994 1397 2040 Ein Mann, der einer Frau auf der Straße begegnet,
542 2027 1400 2068 wendet die Augen von ihr ab, als wenn ihm nicht er=
542 2070 2281 2116 laubt wäre, sie anzusehen. Ein Türk, der sich so weit oder Bacha des Reichs dem Kayser geschenkt. Wenn
542 2098 1391 2144 vergienge, daß er eine Weibsperson übel behandelte,
540 2142 1397 2183 wurde als der verachtlichste unter den Menschen angese=
536 2174 1395 2220 hen, und liese Gefahr, gesteiniget zu werden. Wenn sie
536 2213 1391 2265 auch Unrecht hätte, so ist alles, was er thun kan, daß
536 2250 1397 2302 er ihr Vorstellungen macht, oder, welches viel klüger
536 2285 1391 2341 gethan ist, daß er seinen Weg geht. Die türkischen Schö=
536 2322 1382 2385 nen bilden sich so viel auf dieses Vorrecht ein, daß fie en
540 2357 1237 2424 öfters, aber allezeit ungestraft, mißbrauchen.
597 2376 1389 2443 Bey dieser Gelegenheit muß ich erinnern, daß die
532 2426 2268 2482 türkischen Weiber nicht so sehr in ihrem Haram einge= einer Schönen die ihr bevorstehende Ehre angekündiget
534 2472 2272 2524 schloßen sind, als man gemeiniglich bey uns dafür halt. wird, so bringt man sie in ein Bad, man beräuchert
536 2506 1391 2554 Sie können ausgehen, wenn es ihnen beliebt, und kein
534 2545 1389 2593 Mann darf sich unterstehen, sich ihrem Willen zu wider=
540 2582 1389 2639 setzen. Aber sie müssen mit ihren zween Murlin erschei=
525 2624 1391 2667 men, davon der eine das Gesicht außer den Augen, und
532 2658 1389 2706 der andere den ganzen Kopsputz bedeckt, und bis auf die
532 2695 1387 2745 Helfte des Rückens herunter fallt. Man verbirgt auch
525 2732 1391 2780 die ganze Gestalt in einen Ferigee, ohne welchen kein
525 2767 1391 2819 Weibsbild öffentlich erscheint. Sie begreifen leicht, wie
532 2808 1389 2867 sehr alles dieses eine Person verstellt, so daß man gewiß
525 2834 2263 2895 kein Frauenzimmer von Stande von ihrer Sklavin un= Die Türken haben eine Erzählung, daß eine französische
525 2880 1382 2927 terscheiden kan. Auch dem eyfersüchtigsten Manne fällt
523 2914 1382 2982 es unmöglich, seine Frau zu erkennen, wenn er ihr auf
1437 642 2294 701 der Straße begegnet. Dabey ist keiner Mannsperson er¬
1432 694 2244 744 lanbt, eine Frau anzurühren oder ihr nachzufolgen.
1486 727 2298 777 Diese unaufhörliche Verkleidungen verstatten den
1439 766 2300 814 Türkinnen vollkommene Freyheit, ihren Ergötzungen
1437 809 2294 848 nachzuhängen, ohne zu fürchten, daß sie entdeckt wer=
1432 918 2292 957 den eines Juden bestimmen, wohin man hier eben so
1437 959 2294 1007 zu gehen pflegt, als anderswo in die Gewölber, in wel=
1432 994 2292 1035 chen allerley Kostbarkeiten zu sehen sind. Weiber von
1432 1024 2292 1074 Stande lassen ihre Liebhaber selten wissen, wer sie sind,
1432 1102 2281 1144 daß zuweilen ein zärtliches Verständniß halbe Jahr¬
1432 1141 2287 1189 lang dauert, ohne daß der Verliebte diejenige kennt, die
1432 1176 2287 1215 er liebt. Sie begreifen leicht, daß die Anzahl der getreuen
551 1215 2296 1261 chen. Alles die es geschiehet mit der majestätischen An= Weiber sehr gering in einem Lande seyn muß, wo man
1430 1250 2276 1293 von der Schwatzhaftigkeit eines Geliebten nichts zu be=
1437 1287 2294 1330 fürchten hat, da bey uns so viele Weiber das Herz ha=
1432 1324 2278 1363 ben, sich nicht nur über diesen Punkt hinauszusetzen
1443 1363 2287 1404 sondern auch über die Strafen, womit sie in jener Welt
1439 1400 2287 1439 bedroht werden. Diese letzte Sittenlehre wird noch dazu
1432 1434 2281 1480 den Türkinnen niemals vorgeprediget. Sie fürchten
1428 1473 2285 1517 übrigens den Zorn ihrer Männer sehr wenig, und haben
1432 1508 2287 1552 Mittel genug in Händen, sie bey der gehörigen Ehrer=
549 1543 2285 1595 hatten, obschon ihr Gesicht vielleicht weniger schön ge= bietung zu erhalten. Mit einem Wort, ich sehe die tür=
1426 1582 2285 1628 kischen Weiber als die einzige freye Klasse von Menschen
551 1654 2278 1710 für die Manner sind. Hier werden alle neue Zeitungen vor sie, und wenn der Großsultan auch einen Bassa
1430 1729 1723 1784 Haram vergreifen.
1486 1743 2281 1818 Ich kan Ihr Verlangen in Ansehung des Serails
547 1836 2285 1888 Sie nehmen hievon keine Weibsperson aus, sie mag aus wesen bin. Seine Einrichtung geht in verschiedenen
1421 1877 2278 1918 Stucken von den Haram der andern Türken ab, und
1430 1946 2274 1996 befindt. Der Großherr hat nichts als Beyschläferin,
1421 1990 2278 2031 welches die schönsten Sklavinnen sind, die man finden
1424 2027 2278 2070 kan. Sie werden entweder gekauft, oder von dem Weßir
1415 2096 2276 2142 der Sultan noch eine Mutter hat, so steht das ganze
1417 2137 2272 2177 Serail unter ihr. Jhr Sohn erhalt alle Tage aus ih=
1417 2168 2278 2218 ren Handen diejenige, die ihm Gesellschaft leisten soll=
1415 2209 2272 2248 Es könnte ihn zwar niemand hindern, sich selber seine
1417 2246 2272 2287 Beyschläferin zu wahlen: allein wenn er es thäte, so
1417 2285 2276 2331 würde eine solche Handlung als den Gesetzen des Serails
1419 2324 2276 2363 und der Ehrerbietung gegen seine Mutter zuwiderlau=
1421 2359 2270 2400 fend angesehen werden. Wenn hingegen diese todt ist,
1415 2394 2276 2439 so übernimmt ihre Verrichtung der Kißlar Aga. Sobald
1415 2504 2272 2550 sie mit wohlriechendem Räucherwerk, man kleidet sie auf
1415 2545 2270 2584 das kostbarste an. Sie bekommt von dem Kayser ein
1415 2580 2270 2621 Geschenke, worauf er sich zu ihr in ihr Zimmer verfügt.
1415 2617 2270 2658 Man hat vorgegeben, als wenn sie sich zu den Füßen
1415 2652 2270 2697 in das Bett hinein begäbe: allein dieses ist falsch, so
1417 2689 2268 2732 wie die Fabel von dem zugeworfenen Schnupftuch. Auch
1410 2723 2268 2778 hat nicht diejenige, die zuerst einen Sohn gebiehrt, den
1408 2765 2263 2806 ersten Rang, sondern diejenige behält ihn beständig,
1408 2799 2263 2845 welche die Gewogenheit des Sultans zuerst erhalten hat.
1404 2873 2263 2914 Königliche Prinzeßin auf einer Wallfahrt nach Jerusa¬
1404 2910 2263 2975 lem von Seeraubern gefangen und in das Serail des
2159 2945 2272 2990 Türki=
