2799 3213
576 500 1572 561 zwo Meilen von seinem Aufenthalt entlegen ist. Die ein= zu 25.
578 537 1437 591 zige Schwachheit, welche man an ihm wahrnimmt, ist
585 576 1439 646 die Abnahme des Gesichts, so daß er sich eines Führers
583 617 820 665 bedienen muß.
622 624 1446 702 Hier in Preußen im Amts=Dorfe Reichenthal im Ober=
585 709 2302 776 Namens Michael Teschner, im 107ten Jahre seines Alters. wenigsten hingegen im November, December und Febr.
643 761 1437 813 Jm Königl. Amte Liesken ohnweit Bartensiein lebl
589 793 1446 856 gegenwärtig noch Johann Schmiedlau in einem Alter
591 835 1448 885 von 117 Jahren, dieser Greiß der in Stockholm geboh¬
591 874 1443 922 ren hat bereits Carl den X1. als Soldat gedient, und
580 904 1815 959 nachhero alle die schöͤnen Campagnien Carl des XII. von schlechts nicht gelangt.
585 946 1441 993 der Expedition nach Coppenhagen bis zur Bataille bey
585 985 1441 1028 Pultawa wo Er gefangen worden beygewohnet, seit
591 1017 1450 1085 dieser Zeit hat er sich beständig hier in Preußen aufge¬
589 1065 709 1117 halten.
650 1078 1443 1167 Man findt mehr alte Leute in bergigten Ländern als
583 1130 796 1202 in niedrigen.
643 1141 1443 1219 Man kan rechnen, daß der Mensch allenthalben 90
578 1193 1437 1254 bis 100 Jahre alt wird, wenn sein Leben nicht durch
589 1248 1080 1296 außerliche Zufalle verkurzt wird.
589 1311 1443 1363 lehrten eine muthmaßliche Berechnung gemacht, wie
585 1354 1446 1398 lange eine Person von einem gewißen Alter wahrschein¬
578 1369 2326 1430 licher Weise noch zu leben hosfen könnte, und hieraus ist eines Landes wie 4 zu 33, und die Magdchen über 13
589 1419 1446 1474 folgende Tabelle entstanden, welche bey Wittwenkassen,
591 1463 1296 1530 Tontinen u. d. gl. nützlich zu gebrauchen ist:
648 1474 1439 1569 Es ist wahrscheinlich, daß ein neugebobrnes Kind
1074 1530 1376 1602 34 Jahr 6 Monat
583 1532 833 1591 noch leben wird
1076 1576 1200 1617 41
639 1554 1011 1643 Ein Kind von 2 Jahr
1074 1606 1196 1652 45 :
961 1641 1217 1696 : : 46 :
963 1669 1263 1732 .*44 * 9
974 1717 1224 1776 41
602 1713 928 1789 Eine Person von 15
1039 1756 1222 1815 : 38 :
1148 1798 1228 1848 *
1041 1828 1196 1882 : 32 :
1030 1861 1237 1917 : 29 2
1039 1900 1198 1954 : 26 :
1041 1941 1202 1996 5 23 2
1050 1976 1191 2017 5 20 2
604 1982 1389 2080 Eine Person von 55 Jahr= 17 Jahr o Monat
1089 2045 1261 2093 14  2
889 2056 993 2100 60 :
1091 2080 1211 2137 I1
1113 2122 1263 2174 8  11
891 2087 1000 2176 2
1111 2159 1261 2204 6 = 8
887 2154 1002 2215 75
1122 2189 1263 2245 4 = 10
889 2202 1000 2248 30
1126 2230 1261 2289 3 = 3
898 2235 1004 2285 85
1111 2265 1261 2315 2 :
900 2274 1030 2328 90 =
656 2293 1463 2356 Das Alter von sieben Jahren ist dasjenige, worinn
596 2343 1461 2395 man noch die groͤßte Anzahl Jahre zu leben Hofnung hat.
656 2382 1461 2432 Jn dem Alter von 12 bis 13 Jahren hat man den
602 2400 1461 2467 vierten Theil des Lebens zurückgelegt. Mit 28 bis 29 ist
606 2450 1454 2509 man in der Helfte seines Lebens, und mit 50 Jahren hat
606 2493 1202 2550 man drey Viertel desselben vollbracht.
667 2504 1461 2576 Es erhellet aus den Sterberegistern, daß die Weiber,
606 2567 1463 2637 wenn sie gewisse Jahre uͤberlebt haben, insgemein läͤnger
611 2611 974 2672 jeben als die Männer.
665 2617 1469 2691 Wenn man die Summe der verstorbenen in einem
606 2658 2348 2739 Lande zusammen nimmt, so wird man finden, daß die der und Merz, weil die meisten Heurathen im May,
615 2704 1965 2778 Anzahl der verstorbenen Maguispersonen sich zu der An= Junius und October geschehen.
583 420 2324 528 Tage zu Fuße bis nach Rosenholm, einem Schloß, das zahl der verstorbenen Weibspersonen verhält wie 27.
1522 504 2324 589 Unter den Weibern selber leben die verheuratheten
1465 565 1985 624 laͤnger als die unverheuratheten.
1522 583 2326 641 Aus Beobachtungen von einer Zeit von funfzig Jah¬
1469 639 2326 687 ren hat sich ergeben, daß die meisten Menschen im Monat
591 676 2326 733 lande, starb im verwichenen August, 1770 ein Instmann März, wie auch im August und September sterben, die
1526 737 2326 798 Die Helfte derjenigen, die gebohren werden, stirbt
1469 785 2324 833 vor dem Ater von 17 Jahren, so daß diejenigen, die die¬
1472 826 2326 876 sen Zeitpunkt weniger oder mehr üͤberleben, einen Borzug
1472 856 2328 937 genießen, zu welchem die Helfte des menschlichen Ge¬
1526 902 2328 985 Nach den Beobachtungen des großen Boerhave wer¬
1463 965 2322 1048 den die gesundesten Kinder in den Monaten Jenner,
1472 1013 1937 1065 Februar und März gebohren.
1526 1030 2326 1091 Die Anzahl derer, die jaͤhrlich sterben, verhäͤlt sich zu
1465 1078 2326 1137 der Anzahl derer, die gebohren werden, wie 10 zu 12 oder
1463 1122 2328 1176 13, so daß in einem Lande jährlich 2, 10. oder 3, 10. Men=
1469 1152 2117 1213 schen mehr gebohren werden als sterben.
1526 1174 2332 1243 Die verheuratheten Weibspersonen verhalten sich zu
1463 1224 2332 1269 dem ganzen weiblichen Geschlechte eines Landes wie 1 zu
639 1256 2326 1328 Aus den verschiedenen Todtenlisten haben einige Ge= 3, und die verheuratheten Männer zu den männlichen
1472 1304 1824 1354 Geschlechte wie 3 zu 5.
1526 1306 2337 1385 Die Knaben über 13 Jahren sind zu allen Seelen
1469 1411 2109 1474 Jahren sind zu allen Seelen wie 3 zu 25.
1517 1433 2326 1500 Die Magdchen unter 13 Jahren sind zu allen See¬
1472 1472 2322 1535 len eines Landes wie 1 zu 8. In eben diesem Verhältniß
1476 1524 1865 1580 stehen auch die Knaben.
1526 1532 2330 1609 Die größte Anzahl der Geburten fallt in die Monate
1472 1582 2328 1669 Februar und Merz, welche sich auf die Monate May
1472 1637 1839 1680 und Junius beziehen.
1535 1635 2328 1715 Wenn der ganze Hause der Lebenden in zween Theile
1465 1698 2326 1759 getheilt wird, so ist ein Theil sieben und zwanzig Jahre
1463 1735 2326 1793 und druͤber alt, und der andere Theil, der aber etwas
1463 1780 2072 1843 zahlreicher ist, ist unter diesem Alter.
1528 1780 2330 1859 Die Zahl der Knaben, die jährlich gebohren werden,
1472 1848 2337 1898 verhält sich zu der Zahl der Magdlein wie 22 zu 20, oder
1465 1887 2335 1937 wie 104 zu 100, so daß wenn 100 Magdlein jährlich in
1469 1917 2337 1976 einem Lande gebohren werden, gemeiniglich 104 Knaben,
1469 1959 2335 2013 und also 4 mehr gebohren werden. Allein da in der
1472 1989 2332 2045 Kindheit wieder 2, 25. mehr Knaben als Mägdlein ster=
1467 2028 2337 2082 ben, so wird die Anzahl der Manns= und Weibsperso¬
1476 2069 2335 2141 nen gegen das mannbare Alter des einen und andern
1476 2113 1869 2178 Geschlechts wieder gleich.
1537 2117 2335 2204 Unter 65 oder 70 Kindern, die gebohren werden, be¬
1476 2180 2161 2245 findt sich gemeiniglich nur 1 Paar Zwillinge.
1528 2206 2343 2263 Die Anzahl der getauften Kinder verhalt sich zu der
1485 2248 2332 2302 Anzahl der Familien in einem Lande, wie 10 zu 66, so
1485 2285 2341 2365 daß man auf 66 Familien jährlich nur 10 getaufte Kinder
1485 2332 1689 2391 rechnen kan.
1539 2332 2335 2411 Man findet, daß die wenigsten Taufen im Junius
1487 2402 2341 2456 geschehen. Dieses kommt wahrscheinlich daher, daß im
1491 2430 2339 2493 Julius, August und September die wenigsten Hochzei¬
1485 2472 2345 2530 ten sind, weil in diesen Monaten das Volk mit der Feld¬
1489 2504 2335 2561 arbeit beschättigt ist. Eben so ist es auch in Ansehung
1487 2541 2332 2604 der Fasten; weil in dieser Zeit wenige Hochzeiten sind,
1491 2582 2341 2641 so fallen auch die wenigsten Taufen in den Jenner und
1491 2622 2339 2678 Februar. Die meisten Taufen sind im October, De em¬
