2679 3213
911 1402 1835 1509 18tes Stück. Montag, den 4. März 1771.
833 1496 1019 1563 Leipzig.
535 1530 1346 1628 Abhandlungen und Erfahrungen einer phys. ökon
496 1589 1346 1685 Bienengesellschaft in Oberlausitz, 3 Samml. von
491 1659 802 1732 Jahr 1768-69.
483 1739 2228 1817 nach der Theore, als nach der Praktik verdient zu Wir müssen mehrere Abhandlungen übergehen, und
496 1782 2230 1852 machen. Wir wünschten, mehr Raum zu haben, um merken nur noch an, daß die V. zuletzt viele merkwür¬
500 1811 2230 1906 alles Merkwürdige auszeichnen zu können, begnügen dige Aufgaben zur Ausarbeitung hinzufügen. Ein
498 1863 2230 1948 uns aber an folgenden. Man hat chymische Versuche Verzeichnis der neuen Mitglieder der Gesellschaft be¬
496 1909 2230 1985 angestellt, das Wachs mit leichtrer Mühe zu bleichen. lehret uns S. 15. daß auch ein preußischer Edelmann,
496 1946 2224 2019 Die Vermischung mit dem alkalischen Salz giebt die Herr von Hofmann zu dieser Gesellschaft gehöret. Wir
496 2028 2224 2104 mit dem acido sulphureo volatili und dem Acido nitroso Mühe durch Correspondenz machte, zu untersuchen,
904 2085 1000 2130 —
506 2091 878 2156 nicht erlangen konnte.
506 2156 2235 2230 nen befruchtét werden müssen, (welches in voriger Zeit noch entfernt sey, und was dieselbe am leichsten bey
498 2195 2239 2289 durchgehends bejahet wurde) hat sich mit Wahrschein= uns befördern könnte. Kostet in der Kanterschen
513 2235 1693 2313 lichkeit das Gegentheil befunden, nemlich, daß die Buchhandlung 1 fl.
504 2287 1363 2361 Drohnen zu diesem Zweck nicht durchaus nothwendig
506 2335 1359 2404 sind, sondern man zu allen Zeiten durch gehörige Mit¬
498 2367 1361 2443 tel sich Bienenmütter aus gemeinen Eyern erzeugen
711 2409 1367 2472 — Jn Ansehung des Schwärmens
511 2432 654 2489 könne.
511 2450 1365 2526 der Bienen hat man gefunden, daß die Schwärme,
511 2498 1369 2567 die im Herbst zuweilen aus einem Stock ausgestoßen
511 2543 1363 2604 werden, nichts taugen, indem bloß aus Mangel der
506 2576 1367 2643 Nahrung im Stock eine solche Wandrung und Aus¬
511 2645 2239 2724 nommen wird. — S. 45. berichtet man, daß in mäßig, als schön — in der Ausführung aber, und
1369 1459 2222 1543 terirdischen Löchern gefunden wird, wohin ihn die
1369 1528 2226 1582 wilde Bienen tragen. Ein gewisser Vogel Monk,
1376 1569 2228 1632 hat einen natürlichen Instinkt, diese Löcher zu entde¬
1367 1606 2224 1665 cken, und macht dies mit seinem zwitschern und fliegen,
1369 1656 2228 1711 den Reisenden kund; da man denn den Honig findet,
537 1676 2224 1772 Die V. fahren fort, sich um die Bienenzucht sowohl und dem Vogel ein gut Theil zur Beute übrig läßt.
504 1978 2232 2065 meiste Hofnung, den Zweck zu erreichen, welchen man wünschten, daß ein preußischer Bienenkenner sich die
1072 2061 2228 2124 Bey einer Unter= wie weit man in der Bienenzucht unter uns von dem
511 2104 2230 2195 suchung, ob die Königin oder Weiser von den Droh= Fleiß und Fortgang derselben in Sachsen und Franken
1700 2374 1917 2465 Hamburg.
1409 2441 1906 2535 Die Muse an der Niederelbe.
1417 2500 2245 2572 Eine Wochenschrift in Versen. Seltne Erscheinung
1389 2563 2237 2619 seit dem verunglückten Königsbergschen Aesop. Des
511 2604 2243 2693 stoßung von den Häuptern der Bienenrepublik unter= V. Fabeln sind in Absicht der Erfindung mehr mittel¬
506 2695 2245 2791 Afrika und Abyßinien besonders, der Honig in un= in der Versifikation äußerst elend. Wir begreifen
2137 2728 2252 2798 nicht,
