2799 3213
651 623 1499 679 tige Entdeckung, aus der man fast schließen sollte, daß
651 666 1499 720 diese Geschöpfe auch nur thierartige Pflanzen sind.
651 755 2168 799 censent findet sie wahrscheinlich, da man zumal vom Königs von Preußen verbunden war.
651 835 1497 890 und also viel vom Ursprung der Pflanzen an sich hat
671 879 1504 922 — — Unter den übrigen Aufsätzen, die wir der
647 905 1502 961 Kürze halber nicht ausziehen können, ist N. 9. die
651 953 1499 1005 Zärtlichkeit eines Vaters im Beispiele eines Nordame
647 1000 1502 1048 rikaners im letzten Kriege sehr rührend, — eine Nach¬
653 1042 1499 1096 richt von einem außerordentlichen Genie S. 483. sehr
644 1078 1510 1148 merkwürdig, und die Nachricht vom letzten Kriege
651 501 2387 614 an dem Froschwurnt, der Erdschnecke, dem Wassersa= S. 339. ungemein brittisch. Der V. tadelt die Eng¬
651 588 2383 647 lamander u s. w. probat gefunden. Gewiß eine wich- länder seine Landsleute, daß sie im letzten Kriege so
1532 636 2376 690 sehr die Parthey des Königs von Preußen nahmen;
1521 681 2380 729 gerade als wenn er es nicht wissen konnte, wie genau
651 714 2380 768 S. hat diese Folge nicht daraus gezogen, aber der Re= Englands Glück im Landkriege mit den Siegen des
2298 764 2385 814 Aus
653 790 2380 853 Regenwurm weiß, daß er in der Erde gezeugt wird, der Nachricht von neuen Büchern aus England finden
1521 842 2391 892 wir nichts anzuzeigen. Desto angenehmer ist uns
1528 885 2383 931 S. 399. die Beschreibung von den Lusthäusern des
1526 927 2383 979 Kaisers von China gewesen, welche alles übertreffen,
1519 970 2380 1022 was man in dergleichen Art prächtiges in Europa sehen
1526 1009 2380 1070 kann. Kostet in der Kanterschen Buchhandlung
1526 1046 2200 1120 24 gr. alle Stücke zusammen 6 fl. 12 gr.
835 1209 1322 1287 Berlin, vom 22. Januar.
644 1350 1504 1404 in, Herrn von Frankenberg, eine vacante Escadron
644 1391 1495 1447 conferiret. Gestern des Abends wurde im Opernhause
647 1439 1495 1493 das Singespiel, Montezuma, zum letztenmal aufge¬
655 1473 1504 1532 führt. Der Königl. Geheimerath und Gesandte am
651 1519 1495 1578 Churfürstl. Sächsischen Hofe, Freyherr von Bork, ist
651 1554 1495 1606 aus Dresden hier angekommen. Dieser Tagen ist der
653 1599 1502 1658 Rußischkayserl. Capitain, Herr Eck, nebst dem Secre¬
647 1686 1419 1738 kommend, hier durch nach Jatalien gegangen.
647 1708 1502 1775 stern Vormittags gegen 12 Uhr, geschahe die 118te
647 1764 1504 1825 Ziehung der Königl. Preuß. Lotterie auf dem Berlin¬
647 1812 1495 1871 schen Rathhause. Die gezogene Zahlen waren: 67
651 1840 1495 1894 59. 79. 85. 9. Die 119te Ziehung dieser Königl
647 1938 777 2005 worden.
801 1946 1343 2029 Aus Polen, vom 12. Januar.
684 1992 1495 2066 Der Rußischkayserliche Großbotschafter ist bey der
644 2048 1502 2109 neulich von vielen Senateurs gehaltenen Rathsver¬
651 2094 1499 2153 sammlung zugegen gewesen; in selbiger ist beschlossen
644 2135 1499 2187 worden, denen Häuptern derer Conföderationen, Vor¬
653 2172 1502 2237 schläge zu thun, von welchen man glaubt, daß sie von
653 2302 1497 2357 tragen, daß, nachdem der festgesetzte Graben fertig ge¬
640 2352 2365 2407 worden, niemand ohne einen Gesundheitspaß, soll ein= ge unter dem Prinzen von Conde gedienet, und dieser
644 2385 1502 2450 gelassen werden; damit die vier Einlaßörter gehörig be¬
644 2435 1495 2485 wachet werden, ist ein eigenes Corps von 1500 Mann
647 2469 1493 2522 dazu aufgerichtet, welches roth und grün mondirt ist,
653 2519 1502 2565 und Bärenmützen hat. Von dem Cronmarschallamte
653 2558 1497 2602 in Warschau sind alle Lustbarkeiten, Masqueraden und
647 2597 1497 2645 Bälle gänzlich untersaget worden, auch werden auf Ver¬
640 2637 1495 2704 anlassen des Bischofs von Posen, noch die Gebete fort¬
1526 1215 2383 1300 gesunruhen, veranlasset worden. Der auf einmal ein¬
690 1272 2380 1343 Se. Majestät, der König, haben ohnlängst bey dem gefallene Winter, hat die Russen bewogen, da sie das
644 1313 2385 1378 Mitzlafschen Dragonerregimente, dem Staabscapita= durch zu viel Kranke bekamen, die Belagerung von Gzen¬
1528 1356 2385 1426 stochow aufzuheben; überhaupt ist der Obriste Drewitz
1521 1397 2380 1469 dazu zu schwach gewesen, indem er nur 1500 Mann
1519 1441 2383 1506 bey sich gehabt, und sich dagegen in der Festung, ausser
1526 1482 2387 1545 andern Truppen, über 2000 wohl exercirte Soldaten
1521 1521 2380 1588 befunden. Der Conföderationsmarschall Zaremba hat
1521 1565 2380 1621 von weiten die Belagerung beobachtet, ob er gleich sehr
1532 1604 2383 1664 stark gewesen, hat er sich doch nicht getraut einen An¬
644 1632 2378 1708 tair, Hern de la Kleß, als Couriers von Petersburg griff zu wagen. Der Obrist Fürst Galizin ist mit sei=
1526 1695 2383 1753 nen Truppen, nachdem er vorhero die Conföderirte der
1523 1727 2376 1792 Woywodschaft Czersk auseinander getrieben, bey War¬
1526 1766 2383 1844 schau angekommen, diese Stadt zu decken, überhaupt
1528 1814 2376 1871 stehen in dieser Gegend viele Rußische Truppen. In
1521 1853 2376 1912 Lemberg und andern Städten, in Weiß=Reussen, sind
644 1890 2372 1960 Lotterie, ist auf den 11ten Februar a. c. anberaumet viele Rußische Recruten einquartirt, welche für die
1519 1936 2376 2003 Hauptarmee bestimmet sind. Aus der Moldau hat
1526 1981 2383 2042 man nichts veränderliches, der General en Chef Graf
1528 2014 2374 2085 Panin, hat seiner kränklichen Gesundheitsumstände
1526 2062 2383 2137 wegen, das Commando niedergelegt, und an seine Stel¬
1519 2101 2311 2181 le, hat solches der Fürst Dolgorucki übernommen.
1712 2140 2187 2198 Versailles, vom 5. Jan.
1565 2168 2374 2242 Der König hat den Generallieutenant Marquis von
653 2209 2376 2281 guter Würkung seyn werden. Die Revisores in War= Monteynard zum Staatssecretair im Kriegsdeparte¬
651 2265 2374 2331 schau haben schwören müssen, daß sie wollen Sorge ment ernannt, und gestern hat derselbe dieserwegen
1532 2307 2378 2367 seine Danksagung abgestattet. Er hat im vorigen Krie¬
1526 2383 1925 2450 machte sehr viel aus ihm.
1753 2404 2144 2482 Paris, vom 7. Jan.
1558 2461 2363 2539 Das Schicksal des Parlaments ist zwar noch nicht
1526 2500 2365 2597 entschieden; man glaubt aber, daß alles bald beyge¬
1526 2552 1834 2608 legt werden dürfte.
1562 2571 2365 2658 Der Brief, worinnen der König dem Herzoge von
1517 2639 2372 2699 Choiseul seine Ungnade ankündigte, lautet so: "Mein
640 2686 2374 2745 gesetzt, welche zur Abwendung der Pest und der Krier Vetter! Das Mißvergnügen, welches Eure Dienste
