2679 3213
1099 1321 1744 1416 Montag, den 7. Januar 1771.
805 1328 1069 1418 2tes Stück.
743 1395 971 1481 Frankfurt.
468 1453 1267 1548 Hern Cl. Fleury, algemeine Kirchengeschichte
425 1511 641 1593 eilfter Theil.
423 1651 2150 1716 auf auch in Absicht dieses Theils. Indessen können römischen Kirche sagen. Kostet in der Kanterschen
430 1701 1636 1785 wir nicht unangemerkt lassen, wie sehr wir wünschen, Buchhandlung 9 fl.
425 1746 1287 1796 daß der deutsche Herausgeber hie und da die dogmati¬
425 1787 1287 1841 schen und historischen Schnitzer seines Originals in eini¬
432 1828 1287 1885 gen Anmerkungen berichtigen möchte. Zwar der Ge¬
432 1867 1282 1923 lehrte lieset den Fleury ohne Anstoß und widerlegt ihn
430 1906 1481 1967 sich selbst während dem Lesen. Aber andern Lesern 2ter Theil.
432 1949 1284 2005 bleibt doch diese Zuflucht zu sich selbst verschlossen. Wer
430 1988 1284 2042 kann es ertragen, wenn Fleury noch immer die Wun¬
425 2021 2148 2096 denmale des H. Franciscus für so gewiß und göttlich des Herrn Patzke und seine Betrachtungen über die
417 2072 2150 2129 angiebt, als wenn ein Franciscaner selbst davon redete, wichtigsten Angelegenheiten der Menschen machen den
425 2118 1278 2187 Der wahre Nutzen dieser Kirchengeschichte besteht dar
432 2163 1282 2213 inn, daß man sieht, wie die gallikanische Kirche, de
430 2193 2152 2252 ren Sprache Fleury führet, in Hauptmomenten dem zum Greise, von dem sie nichts Aehnliches haben, in
430 2383 2146 2452 Uebersetzer hat dabey Anmerkungen gemacht, die wir Ausgabe, schon so viele geschickte Nebenbuhler, daß
430 2452 1280 2502 wie schon gesagt, dem ganzen Werke wünschten. Ge¬
425 2476 1982 2552 genwärtiger eilfter Theil begreift die Geschichte der Ruhm durch sie suchen wollte. Kostet 2 fl.
432 2532 1282 2584 Kirche von 1185-1230. und faßt viele merkwürdige
432 2573 1287 2616 Dinge, besonders in Absicht der Kreuzzüge in sich. Zu¬
423 2612 1284 2688 lotzt ist eine Zugabe, von den Gemeinden die im eilf¬
1293 1395 2161 1472 ten Jahrhundert unter dem Namen der Manichäer
1297 1444 2144 1507 verfolgt wurden. Dieß sind die Waldenser. Der V
1297 1492 2146 1552 urtheilt über sie viel unpartheyischer, als Boßuet, den
1295 1524 2150 1591 er oft in diesem Punkt widerlegt. Er liefert auch ihr
466 1567 2146 1638 Wir haben schon ehemals von diesem weitläufti¬ Glaubensbekenntniß beym Schluß dieses Theils und
430 1606 2150 1682 gen Werke Nachricht gegeben, und berufen uns hier verschweigt nichts, was sie darinn zum Nachtheil der
1336 1828 2146 1923 Beiträge zum Magdeburgischen Greis, 1ster uns
1336 1962 2157 2042 Die sonst schon gedruckte freundschaftichen Briefe
1304 2111 2157 2163 Inhalt dieses Buchs aus. Wir begreifen nicht, wor¬
1306 2144 2150 2208 inn man sie uns noch einmal und zwar, als Beilagen
432 2234 2154 2293 päbstlichen Stuhle entgegen redet. Ein Beweis hie= wie fern er eine Wochenschrift ist, aufdringt. Herr
432 2262 2152 2331 von für unsre Leser sey bloß die Vorrede, wo der V. Patzkens Briefe sind naturlich und lebhaft; seine Be¬
425 2301 2157 2366 wider die falsche Decretalen des Isidorus eifert, und trachtungen sind gemeinnützig und christlich. In die¬
430 2347 2150 2409 den Betrug derselben völlig aufdecket. Der deutsche sen Stücken haben sie aber, seit der Zeit ihrer ersten
1302 2426 2157 2515 es für den V. Schade wäre, wenn er jetzt erst seinen
2027 2621 2157 2696 Mitau.
