2799 3213
644 551 1510 631 den im 4ten Capitel beschrieben, und es findet sich,
647 614 2385 673 daß dieses Manichäer sind. — Lucas von der V. widerlegt, da er die Arnoldschen und Zwingel
653 697 1504 749 denser schreibt, bestreitet in seinem Buche lauter
660 744 1504 792 Irrthümer der Manichäer. — Hier erinnert der Verf.
651 788 1510 833 daß der Titel dieses Buches nach der Zeit erst, und
655 868 1504 918 setzet sey; aber ohne Beweis. — Auch die Manichäer läug
658 1072 1515 1128 verwarfen die Wassertaufe, und setzten die wahre Tau¬
655 1111 1517 1167 fe, die sie die geistliche nannten, in Auflegung der Hän¬
655 1154 1510 1207 de. — Der zweite Abschnitt handelt von andern, die
660 1194 1508 1246 sich außer den Manichäern von der römischen Kirche
653 1437 1504 1510 Bruisianer vor, die zwischen den Manichäern und
660 1562 1515 1606 liches Licht gesetzet, und die Fehler des Martigny, Ar¬
653 1601 1519 1656 nolds, Dupin, und Baronius widerlegt und verbes¬
870 1649 1517 1693 sert. Von den Bruisianern stammen die
660 1660 1510 1732 Hanrichianer ab. Hanrich, ein Mönch, war
660 1729 1384 1784 der Apostel des Peter von Bruis. – Hier
655 1805 1484 1873 Arnold, einen Schüler des Abälard gestiftet sind.
660 1849 2057 1903 Er hat vornehmlich zu Zürich gelehrt. Guilliman Kanterschen Buchhandlung 3 fl.
1532 558 2389 627 hält Zwingeln für seinen Nachfolger, welches aber
660 662 2394 710 Thuy, welcher wider die Albigenser und Wal= schen Lehrsätze von einander unterscheidet. — Der
1532 697 2391 753 Verf. kommt endlich im dritten Abschnitt auf die Wal=
1528 746 2383 792 denser, deren Ursprung, und Lehren, die ziemlich
1534 781 2383 831 weitläuftig beschrieben werden. Der Verf. befreiet sie
660 825 2385 877 zwar unrichtig, gegen die Waldenser und Albigenser ge= von der Beschuldigung, daß Sie Manichäer gewesen,
1534 870 2391 920 und dieses konnten wir wohl vermuthen: aber wir sin¬
660 909 2385 953 neten die wirkliche Gegenwart des Leibes Christi im heil. den auch hier nicht eben so häufig die Schriftsteller
655 946 2385 994 Abendmale, und erklärten die Stelle in den Einsetzungs= der damaligen Zeiten, als vielmehr hin und wieder
660 987 2389 1039 worten: Hoc est corpus meum also, daß Christus nicht auf etwas aus den eigenen Büchern dieser Leute, ange¬
660 1031 2389 1081 das Brodt, sondern auf sich selbst gewiesen habe. Sie führt, wo wieder noch wohl manches könnte erinnert
1536 1072 2391 1126 werden. — Hiernächst wird von den Albigen¬
1541 1115 2396 1163 sern gehandelt, welche sehr richtig von den Walden¬
1541 1154 2385 1204 sern unterschieden werden. Wo sich denn endlich der
1534 1196 2389 1239 Verf. nicht weiter helfen kann, macht er unter den
660 1235 2389 1282 abgesondert, und welche, da sie nicht alle einerley Richt: Waldensern selbst einen Unterschied, von welchen wirk¬
660 1276 2389 1326 schnur des Glaubens hatten, einige die heil. Schrift lich etliche sich mit den Manichäern vermischt. Aber
655 1315 2380 1371 allein, andere auch einige Kirchenväter der ersten Jahr- auch die, welche am reinsten geblieben, dünken uns
660 1354 2385 1408 hunderte annahmen, auch wiederum sich in verschiede= doch solche Sätze gelehrt zu haben, die Ihnen keine
655 1391 2394 1452 ne Secten abgetheilet haben. Hier kommen zuerst die Ehre machen, als von der Dreyeinigkeit, von der
1534 1441 2391 1493 Göttlichkeit des Sohnes, vom öffentlichen Gottes¬
655 1476 2389 1528 der römischen Kirche die Mittelstraße halten. Der dienst, vom Ehestande, von der Obrigkeit rc. — die
660 1517 2385 1571 Verf. hat die Geschichte dieser Leute recht in ein deut¬ Joachiten und Beguinen machen den Beschluß
1536 1560 2385 1612 dieses Theils. Herr Füeslins Fleiß und Bekannt¬
1541 1606 2385 1658 schaft mit den Schriftstellern der mittlern Zeit, giebt
1543 1647 2387 1697 seiner Geschichte, die interreßant, und angenehm ge¬
1534 1688 2385 1738 schrieben ist, einen vorzüglichen Werth. — Doch
1534 1725 2385 1784 können wir nicht leugnen, daß wir manchmal die ganz
662 1769 2389 1816 nächst kommt der V. auf die Arnoldisten, die von kalte Unpartheylichkeit vermissen, die bey einem Ge¬
1536 1808 2394 1884 schichtschreiber ganz nothwendig ist. Kostet in der
835 2018 1337 2094 Berlin, vom 15. Januar.
701 2059 1508 2127 Se, Majestät, der König, haben den bey der Mag¬
660 2161 1508 2218 Kammerdeputation zu Halle, gestandenen Kammerdi¬
662 2203 1502 2255 rector, Herrn von Breitenbauch, zum Präsidenten bey
655 2285 1504 2331 den bey der etablirten Pepiniere des General=Ober¬
655 2326 1510 2380 Finanz=Krieges= und Domainendirectorii seit einiger
662 2363 1508 2420 Zeit mit vielem Beyfall gearbeiteten Domcapitular¬
662 2411 1508 2463 und Mindenschen Landrath, Herrn von Ledebur, hin¬
655 2530 1502 2584 den bisherigen Land-Krieges- und Domainenrath in
655 2569 1502 2621 der Halberstädtschen Provinz, und Krieges= und Do=
660 2619 1510 2665 mainenkammerdeputation, Herrn von Arnstedt, zum
653 2654 1499 2719 Kammerdirectore in die Stelle des verstorbenen gehei=
1528 2038 2380 2111 men Kriegesraths und Kammerdirectoris, Freyherrn
1532 2079 2380 2157 von Werthern, wegen ihrer Geschicklichkeit und Appli¬
664 2103 2380 2196 deburgischen Krieges= und Domainenkammer, und cation, allergnödigst zu ernennen geruhet. Auch ha¬
1532 2166 2380 2246 ben Se. Majestät der König, unser allergnädigster
1530 2205 2389 2276 Herr, aus höchsteigener Bewegung, Dero geheimen
658 2259 2376 2326 der Mindenschen Krieges= und Domainenkammer, und Ober=Finanz=Krieges= und Domainenrath, Herrn
1532 2285 2380 2363 Tarrach, zur Aufmunterung Seines unermüdeten und
1532 2335 2370 2402 rechtschaffenen Diensteifers, Fleißes und Droiture
1534 2370 2380 2437 womit Derselbe das Commerce= und Manufacturwe¬
1532 2409 2383 2487 sen und andere Branchen zu Dero allerhöchsten Wohl¬
655 2461 2389 2524 wiederum zum Kammerdirectore, an des avancirten gefallen bearbeitet, eine sehr beträchtliche Zulage Sei¬
660 2496 2400 2565 Herrn rc. von Breitenbauch Stelle, nicht weniger auch nes bisherigen Gehalts, mit Bezeugung Dero Aller¬
1526 2537 2385 2628 höchsten Zufriedenheit allergnadigst zu conferiren geruhet.
1732 2582 2179 2641 Thorn, den 10. Januar.
1560 2621 2374 2691 Aus sichern Schreiben von polnischen Händen hat
1519 2665 2376 2758 man in Ansehung des in voriger Woche, jenseits der
2233 2721 2383 2791 Weichsel
