2679 3213
903 1406 1815 1484 19tes Stück. Freytag, den 8. März 1771.
830 1482 1007 1564 Leipzig.
524 1527 1347 1620 C. W. F. Walchs D. d. Th. zu Göttingen Entwurf
483 1597 1311 1681 einer vollständigen Historie der Ketzereien rc. 5 Th.
492 1694 2212 1765 ob man mehr die erstaunende Lektur des V. oder die theilet, nämlich, Nestorius hätte Recht: daß in der
485 1739 2218 1813 Geschicklichkeit sie in das ganze seiner eignen Arbeit Lehre von der Person Christi der wesentliche Unterscheid
485 1811 2210 1895 deckung und Berichtigung schwerer historischer Zweifel Cyrillus hätte darinn recht, daß in der Lehre von der
492 1861 1347 1932 in diesem Theil der Ketzereien bewundern soll. Wir
544 1941 1345 2019 Geschichte der Streitigkeiten mit den Semipela¬
492 1993 2214 2062 gianern — Prädestinatianern, und den Nestorianern. aus nicht sagen: Nestorius sey ein Ketzer, weil er
490 2030 1345 2093 Die letzte ist fast die weitläuftigste, und wenn wir sa=
492 2062 2216 2147 gen sollen, auch die, worinn wir am meisten die Un= sprochen hat. — Hier müssen wir aber unsre Leser
490 2147 2220 2233 des Herrn D. wahrgenommen haben. Nach dem er zulesen. Kostet in der Kanterschen Buchhandlung
492 2186 1752 2268 alles zur Geschichte des Streits gesagt hat, kommt er 5 fl. alle 5 Theile 23 fl.
490 2238 1352 2309 auch darauf, ob der Streit bloß eine Logomachie ge¬
483 2281 1358 2346 wesen, und ob er auch erheblich sey. Beides beruhet
492 2318 1350 2396 größtentheils darauf, wie man des Nestorius und Cy¬
492 2368 1347 2428 rillus Meinungen gegen einander verstehet. In der
492 2402 1347 2476 Absicht, als sie sich beide selbst nicht verstanden haben
483 2448 1343 2513 oder verstehen wollten, ist ide Logomachie offenbar; in
490 2493 1343 2565 so fern ist sie denn auch nicht erheblich, je nachdem
485 2537 1352 2599 man sie vor eine Logomachie hält. Hält man sie aber
483 2569 1343 2641 nicht davor, so ist gewiß, daß beide Theile Nestorius
490 2597 2216 2688 sowohl, als Cyrillus einen wichtigen Lehrsatz der Reli= spät gekommen. Zu spät hat er die rechte Absicht der
481 2695 2220 2816 selbst nicht darauf ankommt ab beide Theile über Wör chelchen drucken lasten. Wer aber das felina lene
1358 1460 2216 1545 ter gestritten, sondern db diese Wörter richtige oder un¬
1356 1527 2216 1581 richtige Begriffe in der Lehre von Christo einführten.
1367 1566 2220 1623 Jn Absicht dessen, welche Parthey Recht oder Un¬
1360 1607 2216 1668 recht gehabt habe, sagt der Herr D. seine Entscheidung
529 1651 2216 1735 Wenn man dies Werk lieset, so ist man ungewiß dergestalt, daß er Recht und Unrecht zwischen beiden
492 1783 2220 1854 zu verweben, nebst dem unermüdeten Fleiß in Ent= der beiden Naturen erkannt und gelehrt werden müsse:
1367 1861 2210 1913 Person Christi die Vereinigung beider Naturen zu
496 1906 2218 1980 zeigen bloß den Inhalt an. Es behandelt diesr Sheil einer Person Wahrheit sey; und in andern Punk¬
1365 1943 2218 2002 ten häͤtten beide Unrecht. Indessen will der V. durche
1365 2036 2220 2077 niemals einer Hauptlehre des Christenthums wider¬
490 2119 2223 2184 partheylichkeit und kaltblütige Entscheidungsmethode darauf verweisen, dies alles in dem Buche selbst nache
1681 2335 1906 2418 Hamburg.
1404 2398 2227 2465 Kurzer Entwurf der christlichen Religion für eine
1360 2463 2225 2532 Gesellschaft in Berlin von F. W. Maschö, Rekt. in
1369 2500 1666 2576 Bergendorf 1770.
1397 2561 2218 2610 Herr M. ist bey dieser seiner Preisschrift etwas zu
492 2645 2218 2727 gion zum Vorwurf des Streits hatten, bey dem es Berlinschen Aufgabe errathen, zu spät hat er sein Bü¬
