2799 3213
1506 528 2393 632 Bruder auf dem Throne wäre. Allein Achmet, anstatt
615 559 1486 643 Türkischen Kaysers verkauft worden wäre. Hier hätte
1512 606 2386 672 sich durch diese Vorstellung bewegen zu lassen, versicherte
630 621 1486 685 sie gar bald durch ihre einnehmende Manieren, ihr
1510 646 2395 712 vielmehr, daß es ihm unmöglich wäre seine Leidenschaft
617 666 1482 736 Tanzen und Singen sich des Herzens des Sultans so
1510 679 2397 745 zu überwinden, die Gefahr möchte auch noch so groß
621 703 1479 761 bemeistert, daß sie eine vollkommene Herrschaft über
1517 714 2393 781 seyn. Die zärtliche Mutter war hierüber äußerst be=
624 739 1490 796 denselben ausgeübet. Der König, der das Schicksal
1517 750 2395 820 stürzt, und sahe kein anderes Mittel, das Leben ihres
624 776 1490 845 seiner Tochter erfahren, hätte zwar einen Gesandten mit
1510 792 2395 847 Sohnes zu retten, als daß sie die Zirkaßierin von ihrem
621 816 1484 887 einem ansehnlichen Lösegeld an den Sultan abgeschickt
1512 827 2397 887 Hofe entfernte. In dieser Absicht trug sie ihrem Leib¬
626 856 1488 913 aber dieser hätte sich geweigert, es anzunehmen, und
626 862 2395 946 die Prinzeßin bey sich behalten. Man setzt hinzu, die arzt Nuh Effendi an, selbige an seinen Sohn zu verheu¬
1519 900 2395 962 rathen. Dieser, welcher nichts von allem wußte, was
635 931 1493 988 heutigen Kayser stammten von dieser Prinzeßin ab, und
1526 944 2399 997 vorgegangen war, fand sich durch den Antrag der Sul¬
630 964 1493 1026 wären daher mit dem Hause Burbon verwandt. Die
632 975 2406 1068 Französischen Gesandten, welche wohl wissen, daß dieses tanin sehr geehrt, und eilte, die Zurüstungen zu der Ver¬
1528 1011 2399 1072 mählung zu machen. Die folgende Nacht langte die
635 1037 1506 1092 eine bloße Erdichtung ist, geben sich jedoch keine Mühe
1537 1053 2404 1108 Braut in seinem Hause an. Jndessen hatte der Bascha
632 1077 1504 1130 den Muselmännern ihren Irrthum zu benehmen, und
1528 1086 2401 1143 Aga den ganzen Vorgang entdeckt und Achmet heimlich
632 1110 1508 1176 bedienen sich öfters der vorgegebenen Verwandschaft,
1528 1130 2404 1181 davon Nachricht gegeben. Dieser gerieth darüber in
632 1159 1198 1218 um zu ihren Absichten zu gelangen.
1535 1154 2397 1221 Verzweiflung. Er schrieb an den Leibarzt, und drothe
685 1161 1501 1245 Der Großsultan stellt seinen Damen zu Liebe öftere
1535 1198 2399 1260 ihm mit der empfindlichsten Rache, wenn er sich unter=
648 1225 1512 1280 Lustbarkeiten an. Im Monat May feyert man das
1535 1232 2408 1296 stehen würde die Befehle seiner Mutter in Erfüllung zu
648 1260 1510 1322 Tuipenfest in dem Serail. Die Luststücke in den Gar=
1539 1265 2397 1327 bringen, da er hingegen die größten Merkmale seiner
648 1291 1512 1353 ten werden diese Tage über mit allen Arten von Sing=
646 1309 2399 1400 vögeln besetzt. Rund um sie herum werden Buden auf= Dankbarkeit würde zu genießen haben, wenn er seine
1543 1344 2408 1400 Geliebte als ein Heiligthum in seinem Hause würde auf¬
641 1367 1510 1435 gerichtet, und von dem Großherrn mit allen Arten von
1543 1378 2406 1437 behalten. Dieser Brief setzte den Leibarzt in die äußerste
650 1409 1512 1464 Edelsteinen, Schmuck und reichen Stoffen angefüllt. Ei=
1543 1417 2406 1475 Verwirrung. Auf der einen Seite hatte er den Zorn
652 1446 1515 1501 nige von den artigsten Weibern seines Hofes sind die
1546 1455 2415 1512 der Sultanin zu befürchten, und auf der andern die
652 1477 1512 1535 Verkäuferinnen. Er kauft selber, und beschenkt das
1548 1488 2412 1550 Rache eines verliebten Prinzen. Endlich glaubte er, in
661 1512 1517 1574 Frauenzimmer damit. Des Nachts wird der ganze
1546 1528 2404 1588 folgender Art sich zu verhalten, seine Rettung zu finden.
657 1561 1515 1625 Platz mit Lampen erleuchtet, welches auch in der Ferne
1552 1568 2406 1621 Er ließ in Gegenwart verschiedener von seinen Freunden,
657 1599 1227 1652 einen angenehmen Aublick verursacht
712 1599 2415 1687 Es ist noch nicht lange, daß man in dem Serail den Iman alle die Zeremonien verrichten, welche bey
657 1639 2417 1731 ein Fest von einem andern Geschmack gegeben hat. Es türkischen Trauungen gebräuchlich sind. So bald aber
657 1672 2412 1758 war eine Verkleidung in französischer Tracht. Alle Ab= das neue Ehepaar in ihr Zimmer gebracht war, so er¬
666 1709 2412 1804 gesandten wurden ersucht, vollstandige Mannskleidungen, öfnete er seinem Sohne die Gefahr, womit er bedrohet
661 1751 2410 1831 bis auf die Strümpse, Schuhe und Hemder in das war, wenn er sich seines Rechts bedienen würde und
1552 1784 2419 1844 rieth ihm, die Zirtaßierin öffentlich seine Frau zu nennen
670 1813 1526 1869 Serail zu schicken. Man wollte sogar Kammerdieners
1552 1822 2419 1877 in dem Hause aber sie als eine Schwester zu behandeln.
668 1846 1526 1911 und Bedientenkleider haben. Man hat mir gesagt, daß
1559 1857 2412 1919 Der Sohn versprach, dieses zu beobachten, und die Braut
661 1888 1528 1937 die Damen sich sämmtlich darein gekleidet hätten. Nach
1561 1897 2412 1953 willigte in diesen Entwurf. Allein da der Vater, aus
666 1917 1528 1981 vierzehen Tagen wurde alles wieder zurückgeschickt: aber
1563 1933 2419 1995 Furcht vor der Sultanin, unterließ, dem Prinzen Achmet
670 1957 1532 2021 die Abgesandten überließen die Kleidungsstücke ihren
1563 1968 2415 2032 seinen gemachten Plan zu erkennen zu geben, und dieser
670 1992 1528 2076 Bedienten, aus Furcht, daß sie möchten von der Pest
1559 2006 2421 2065 von der geschehenen Trauung die Nachricht erhielt, so
1563 2043 2419 2103 schwuhr er, diesen Schimpf auf das feyerlichste an dem
670 2043 927 2105 angesteckt seyn.
736 2048 1528 2129 Ich werde diesen Brief mit einer nicht überall bekan
1559 2081 2424 2138 Leibarzt zu rächen Wenige Zeit darauf wurde sein Bru=
668 2107 1532 2167 ten Begebenheit beschließen, welche sie auf verschiedene
677 2116 2424 2200 andere Gebräuche des Serails bezieht. Die Sultanin der durch die Janitscharen des Thrones entsetzt, und
1563 2152 2424 2209 Achmet bestieg denselben. Seine ersten Befehle enthielten
677 2185 1541 2249 Walide, Mutter Kaysers Achmet des III. welcher 1730.
1561 2194 2419 2258 das Todesurtheil des Leibarztes. Dieser bat um nichts,
674 2218 1537 2284 gestorben ist; hatte zu ihrer Kudutschi, oder Schatzmeiste=
1561 2229 2424 2286 als das der Sultan ihm einen Augenblick möchte erlau=
674 2255 1537 2322 rin, eine Zirkaßische Sklavin von ungemeiner Schönheit
1559 2264 2430 2326 ben, vor ihm zukommen. Nchdem er dieses erhalten
677 2291 1537 2353 und sehr vielem Verstande. Achmet, welcher, ehe er
1570 2311 2428 2366 hatte, so entdeckte er das für Achmet so wichtige Geheim=
683 2328 1537 2388 noch Kayser war, die Freyheit hatte, in seiner Mutter
1568 2346 2441 2399 niß. Dieser eilte nun, seine Geliebte in das Serail ab¬
679 2370 1541 2424 Pallast zu kommen, wenn er wollte, hatte die schöne
1572 2375 2439 2435 holen zu lassen. Allein die Mutter widersetzte sich diesem
685 2404 1541 2470 Zirkaßterin kaum erblickt, als er äußerst in sie verliebt
1570 2415 2430 2470 Vorhaben aufs neue, und stellte vor, daß eine Dame
679 2448 1548 2512 wurde. Es gelung ihm, den Bascha Aga seiner Mutter
1572 2452 2428 2510 die einmal aus dem Serail gekommen, niemals wieder
683 2474 1543 2536 zu gewinnen, der sich so gar willig finden ließ, seine
1570 2488 2432 2550 in dasselbe könnte aufgenommen werden; es wäre höchsi¬
703 2512 1541 2572 Briefe der Geliebten zuzustellen. Allein die Sultane
1577 2527 2428 2592 gefährlich, dieses Gesetz zu übertreten, zumal zu einer
679 2552 1543 2607 Walide entdeckte bey Zeiten die Leidenschaft ihres Sohnes
1572 2563 2432 2634 Zeit, da der Sultan noch nicht auf dem Throne befesti=
677 2594 1546 2651 und da sie für sein Leben besorgt war, wofern der Kay=
690 2607 2432 2687 ser Wissenschaft davon bekommen sollte, so drohte sie der get ware. Achmet erkannte die Wichtigkeit dieser Grün¬
1570 2642 2435 2707 de, und da er kein anderes Mittel vor sich sahe, so ge¬
690 2673 1543 2720 Schatzmeisterin mit den empfindlichsten Strafen, wenr
1570 2680 2435 2733 nehmigte er endlich, daß seine Geliebte an Mahomet
690 2702 1546 2764 sie nicht von dem Augenblick an, allen Umgang mit
685 2713 2432 2795 ihrem Sohne vermeiden würde. Diese versicherte, daß Aga, seinen Stallmeister, verheurathet wurde: jedoch
1577 2757 2439 2808 ernennte er ihn zugleich zum Feldherrn seiner Armeen
692 2775 1555 2837 sie den Achmet nicht liebte, und verspach, ihn niemals
1572 2788 2435 2841 und kurz darauf erhub er ihn zu der Stelle des Groß¬
690 2813 1552 2868 wieder zu sehen. Die Sultanin begnügte sich jedoch
1577 2830 2435 2881 veziers, um ihn nebst seiner Frau, für welche er bis an
685 2846 1552 2912 hiemit nicht, sondern gab auch ihrem Sohne zu erken¬
1585 2868 2441 2939 sein Ende die zärtlichste Freundschaft beybehielte, bestän=
692 2892 1555 2945 nen, wie geführlich es für ihn wäre, daß er sich unter=
1579 2912 1908 2981 dig um sich zu haben.
690 2923 1550 2994 stünde, eine Weibsperson zu lieben in der Zeit, da sein
