2679 3213
1132 1329 1792 1413 Montag, den 4. Februar 1771.
839 1327 1108 1418 10tes Stück,
815 1411 951 1489 Halle.
499 1448 1332 1536 Bey J. J. Gebauer ist herausgekommen: Biogra¬
456 1616 856 1684 fahrt 1770, in 8vo.
484 1656 1336 1719 Allen die den Le Clerc nicht lesen können, oder sich
447 1695 2171 1766 nicht die Mühe geben wollen, ihn ganz zu lesen, und ein Beysall, bey dem noch selten ein Künstler gleich¬
447 1770 2173 1848 Kenntniß haben wollen, allen diesen hat Herr W. mit er ihre Geschichte geschrieben, und der Zeit, die es
450 1811 2173 1882 diesem Werkchen einen angenehmen Dienst geleistet. ihnen vorbehalten hat, von ihm beurtheilt zu werden.
454 1859 2175 1928 Die sechs ersten Capitel begreifen die Geschichte solcher Die Werke der Griechen und Römer, die die Zeit uns
454 1897 2168 1964 Aerzte, die in die Zeiten der Fabel gehören, als Me= entrissen, leben auf im Pausanias und Plinius, und
456 1936 2168 2020 lampus, Chiron, Aesculap, und dessen Söhne, Hy= wenn in den Cabinettern der Kunst kein Wert
454 1981 2175 2061 giäa, Diana, Pallas, und andere Göttinnen, die an von diesen berühmten Künstlern der Schweiz mehr
454 2018 2168 2097 der Erfindung der Medicin Antheil genommen. Alles übrig seyn wird, denn wird man sie im Fueslin finden
456 2061 2168 2134 was hier gesagt wird, ist so beschaffen, daß man es zur und bewundern können. Dies ist ein Lob, welches
454 2184 2166 2270 Die folgenden Capitel betreffen das Leben der Aerzte Künstler, welches wegen der hin und her vorkommen¬
454 2235 2166 2306 vom Thales, bis auf den Andromachus, den Erfinder den Anekdoten angenehm genug zu lesen ist, sondern er
454 2270 2173 2338 des Theriacs, der zu den Zeiten des Nero lebte. Wi= beurtheilt ihre Werke, und giebt uns davon eine ge¬
454 2304 2168 2392 der den ersten Anfall der Neugierde, mag die Mühe naue Nachricht, und dieses mit Geschmack und Ein¬
456 2401 2171 2461 Alten selbst kennet, wird immer die Geschichte der beyden Freys, Martin, Hunkeler, Staffelbach, Beutt¬
454 2452 2134 2515 großen Männer, die sich um die Heilungskunst ver= ler, und viele andere kommen in diesem Theile vor.
458 2480 2168 2551 dient gemacht haben, besser kennen als man sie aus Die Vorrede, ist nicht wie die gewöhnlichen Vorreden,
456 2519 2166 2592 dieser ziemlich unbeträgtlichen Compilation erlernen sie ist vielmehr eine geschickte Abhandlung über die
454 2562 2171 2663 kann. Kostet in der Kanterschen Buchhandlung Wege durch welche hin und wieder große Männer zu
456 2627 561 2687 24 gr.
1672 1392 1831 1484 Zürich,
1362 1435 2173 1523 Bey Orell, Geßner, Fuesli und Comp. ist heraus=
458 1510 2173 1585 phien griechischer Aerzte zusammengetragen aus der gekommen: Joh. Caspar Fueslins Geschichte der besten
463 1549 2177 1622 Geschichte der Medicin des Le Clerc, von J. A. Wohl= Künstler in der Schweiz, nebst ihren Bildnissen, drit¬
1323 1601 1732 1672 ter Band, 1770, in 8vo.
1355 1644 2173 1717 Wenn Fueslin die Werke der Künstler bewundert,
454 1734 2173 1803 dennoch von dem Leben der griechischen Aerzte eine gültig geblieben ist, so müssen sie es ihm danken, daß
456 2102 2171 2175 Noth aus Hederichs Mythologischen Lexico und andern wir diesem vortreflichen Werke zu geben uns verbunden
456 2145 2173 2209 vergleichen Büchern weit vollständiger liefern könnte, achten. Der Verf, beschreibt nicht bloß das Leben der
463 2347 2171 2424 des Herrn W. einigen Nutzen haben; wer aber die sichten. — Schärer, Grimoux, Anna Waser, die
1323 2603 2175 2674 derjenigen Stuffe der Kunst gestiegen sind, welche sie
2044 2637 2177 2717 erreicht
