2679 3213
475 616 2212 699 gemacht worden und über 150 Pferde erbeutet. verschiedenen Hausbällen, welche sowohl die Herrschaf¬
470 760 1335 827 den Zaremba loß, er hatte aber solche nicht erwartet
479 847 1333 910 in Keuterschine gestanden, sind mehrentheils gänzlich
475 864 2212 954 am 17ten in der Nacht zerstreuet worden. Zaremba mehr davon. Der Commandant von Kamieniec ist
479 971 1335 1030 Obrist Drewitz eilet mit starken Schritten nach Posen
477 1015 1337 1076 um sich mit dem Herrn Obristen Rönne zu conjungiren
479 1036 2206 1108 Die Herrn Conföderirten sind untereinander selbst unei- det, daß außer den Oertern, Latyczew, Deraßno
479 1074 2210 1156 nig: Bierzynski hat ein Manisest wider den Pulawski Felßtyn und Grudek, alles gesund wäre, und auch an
475 1117 2212 1200 und Potocki herausgegeben, und solches in die Grod= diesen vier Oertern wären nur Krankheiten, aber
486 1219 1346 1283 ner mit Sachen beschuldigt werden, die alle Mensch¬
479 1243 2212 1322 lichkeit übersteigt. Ein gewisses Sendschreiben eines sie frey und geschäftig. Letzterer Morawski, ist in
477 1283 2212 1363 vornehmen Conföderirten Bischofs, an die Conföderir: Sirakow gewesen, wo er sehr gewirthschaftet hat. Der
477 1352 1344 1400 ten, machet hier viel Aufsehens, es ist mit einer ora¬
479 1376 2217 1452 torischen und wirklichen Kenntniß des Staats geschrie= Angelegenheiten halber nach Moskau ab. Vor der
483 1431 1304 1492 ben, vielleicht thut dieses eine erwünschte Wirkung.
679 1474 1152 1522 Neapolis, vom 3. Febr.
477 1533 2212 1607 die dritte Rußische Flotte, unter Commando des Con= des Fursten Wolkonski, bisherigen Rußischkaiserl.
483 1592 1337 1653 treadmirals Arf bey selbiger Insel am 16ten Januai
483 1611 2215 1698 vorbeygesegelt ist, und zwar mit 17 Schiffen, als Saldern ist an seine Stelle mit eben dergleichen Wür¬
490 1659 2217 1733 4 Kriegsschiffen und 14 Transportschiffen, an deren de ernannt. In 6 bis 8 Wochen wird diese Verände¬
492 1720 1712 1783 Bord viele Rußische Truppen befindlich waren. Eine rung thatig erfolgen.
486 1757 1346 1814 Kriegsfregatte, noch zwey dergleichen Transportschif=
486 1796 1341 1857 fe haben sich bey Maltha vor Anker gelegt, die andern
486 1825 2221 1907 haben sich aber, den fernern Nachrichten von daher Collegiis angezeiget worden: "Daß kein Domestick oder
483 1879 1344 1951 zufolge, mit der Rußischen Flotte des Admirals Spi¬
483 1929 1344 1982 ritow vereinigt. Indessen haben wir allhier noch keine
494 1951 2215 2029 Bestätigung erhalten von dem letzthin gemeldeten See= öffentlichen Amte vorgeschlagen oder gebrauchet werden
492 2003 1333 2093 treffen zwischen der Rußischen und Türkischen Flotte.
734 2051 1106 2110 Pisa, vom 1. Febr.
490 2132 1346 2204 in seiner Wohnung allhier ein prachtiges Fest mit einer
490 2171 1341 2238 außerordentlichen großen Musik gegeben. Der Saa
496 2212 1341 2278 war auf das kostbarste auf Chinesische Art ausgeschmück
492 2256 1341 2317 und erleuchtet. Unsere Königl. Souverains würdig
496 2289 2219 2354 ten diesem Feste mit beyzuwohnen, sammt des Prinzen ganze oder halbe Tonne Rocken anschaffen können, ver¬
494 2323 2215 2402 Xaverii von Sachsen Königl. Hoheit. Außer dem kaufet werde. Nunmehro ist die See zwischen
496 2369 2221 2452 zahlreichen Adel, so hierzu eingeladen war, befand sich hier und Schonen so vest zugefroren, daß schon
494 2406 2228 2498 auch der Rußische General und bevollmächtigte Mini= verschiedene Schwedische Deserteurs herüber gekom¬
503 2467 1537 2550 ster Graf von Orlow, sammt vielen andern Rußischen men sind.
496 2511 841 2596 Officiers, mit dabey.
662 2537 1215 2611 Warschau, vom 9. Februar.
494 2620 2228 2683 auch dabey gut geschneyet hat, auch die Weichsel fort= menten, Waagen, Zelten u. s. f. gearbeitet. Se. Kai¬
503 2661 2230 2737 stehet, so fahret alles frisch auf Schlitten. Man fühlk serl. Majestät lassen mit dem größten Fleiße Geräth¬
494 2759 1357 2839 Tanzlustbarkeiten verboten sind, daß man weniger Zer=
470 553 2219 662 ist nebst 60 Mann todt geblieben; 50 Gefangene sind streuungen hat. Inzwischen fehlet es doch nicht an
477 660 2210 734 Die Nacht durch blieben die Russen stehen, am 15ten ten unter sich, als auch die Leute aus der Stadt unter
477 701 2212 784 früh, marschirten die Russen gegen Kruterschine auf einander öfters geben. Auch ergötzet man sich unter
1354 743 2212 799 einander mit Aufführung verschiedener Schauspiele.
475 784 2217 871 sondern ist gegen Paczkowe gezogen, 400 Mann, so Von der Pest lauten die Nachrichten immer noch er¬
1352 827 2217 888 wünscht. Man höret und merket weit und breit nichts
479 908 2212 993 soll nicht mehr als 800 Mann stark seyn. Der Herr auch endlich wieder mit der Garnison in die Festung
1359 958 2215 1010 eingezogen, nachdem dort auf einem Verlust von 2000
1354 993 2215 1043 Menschen, das Sterben nachgelassen hat. Er mel=
483 1158 2215 1246 gerichte zu Peterkau niedergelegt, worinnen diese Män= nicht mehr Pest. Malczewski und Morawski haben
1363 1202 2212 1263 sich dem Commando des Zaremba untergeben, so sind
1363 1326 2212 1385 Generalmajor Fürst Galliczin gehet von hier seiner
1359 1409 2217 1472 Hand ist der Major Bialolupski nach Lowicz zu stehen
1352 1452 2212 1511 gekommen. Das allerneueste ist der, dieser Tagen
523 1492 2212 1568 Aus Maltha haben wir Nachricht empfangen, daß durch einen Courier aus Petersburg erfolgte Rappel
1363 1579 2212 1629 Großbothschafters allhier. Der Geheimerath von
1498 1714 2086 1790 Coppenhagen, vom 16. Febr.
1400 1768 2215 1825 Mittels Cabinetsbefehls vom 12ten dieses, ist den
1359 1866 2221 1923 Bedienter, welcher mit perfönlicher Aufwartung seinem
1361 1910 2219 1958 Herrn zur Hand gegangen ist, hinführo zu einigem
1363 1992 2221 2051 möge." Da Se. Königl. Majestät die Armen, so
1363 2032 2221 2088 viel als möglich, soulagiret sehen wollen, so haben
533 2073 2219 2145 Diesen Abend hat der Rußische Fürst von Galliczin Allerhöchstdieselben befohlen, daß von dem Magazin¬
1363 2117 2221 2173 rocken, welcher den bedrängten und unvermögenden
1361 2160 2219 2208 Unterthanen überlassen worden ist, Brod gebacken, und
1363 2206 2212 2256 seldiges zu den billigsten Preisen, in Brodten zu 4 und
1363 2245 2221 2308 8 Schillingen, an diejenigen Armen, welche sich keine
1507 2474 2097 2556 Aus Oestereich, vom 13. Febr.
1402 2526 2228 2591 Man kann fast nicht anders glauben, als daß uns
538 2574 2228 2639 Unser Winter ist diese Woche sehr heftig, und da es ein Krieg bevorsteht, so stark wird an Kriegsinstru¬
503 2698 2230 2765 dieß Jahr die Kalte destomehr, weil alle öffentliche schaften und sonstige zu einem Feldzuge für Dero ei¬
1376 2739 2225 2831 gene Person benöthigte Dinge verfertigen, nämlich
2090 2778 2221 2839 Silber=
