2679 3213
844 1399 1315 1505 16tes Stück. Montag,
1332 1408 1831 1509 den 25. Februar 1771.
840 1481 971 1550 Ulm.
497 1541 1317 1645 Der Christ am Rande des Grabes, in melodischen
453 1572 596 1660 Liedern.
501 1623 1321 1714 Wer nicht zu sehr Kenner der Liederpoesie, und ge¬
462 1688 1315 1757 fühlvoller Sänger ist, wird endlich noch hin und hei
460 1744 1310 1796 in dieser Sammlung von Todtenliedern etwas Erbau
455 1787 1317 1828 liches finden. Nur dies eine kann man schon à priori
455 1861 1490 1913 drüber von lauter Sterbematerien dichtet, unmöglich nismus
453 1904 2187 1986 viel wahres poetisches Schone, ohne matte Abfälle lie, dern in die Posaune stoßt — populairer gemacht wer¬
462 1990 2081 2094 Gedanken des Todes giebt, zieht der V. in ein Lied. Kostet in der Kanterschen Buchhandlung 2 fl.
458 2025 1317 2094 Er möchte Versification und auch dann und wann eine
451 2068 1310 2135 erträgliche Idee haben, wenn er nur die Hälfte Lieder
451 2107 1317 2172 gemacht hätte. Aber nicht einmal in Absicht der Rei¬
451 2157 1315 2221 me ist er Fehler frey: z. E. S. 80. reimt er Boden,
451 2195 1306 2288 Todten — unten, Wunden. Zuweilen will er witzeln,
451 2239 1028 2323 und es gelingt nicht, z. E. S. 215.
596 2297 725 2390 Erlöser
589 2429 1015 2508 Mein letzter Seufzer ist
583 2485 1064 2578 Nur dir, nur dir geweihet.
585 2569 1155 2655 Schon wallet er zu deinem Ohr
581 2614 1159 2709 Sanft, wie ein Flötenton, empor,
576 2690 1019 2776 Und lispelt still: Erlöser!
1336 1477 2195 1569 Wie seufzt denn, Herr Verfasser! eine Flöte? Und
1347 1544 2200 1608 warum lispelt eben der Seufzer, ein lispelnder Seufzer
1343 1591 2079 1636 eines Sterbenden ist gewiß kein Flötenton!
1336 1630 2191 1690 Wir enthalten uns, mehr zu fagen. Einem künftigen
1343 1671 2191 1733 Gesangbuchsverbesserer mag es Pflicht seyn, nach¬
1336 1716 2195 1770 zusehen, wie viel brauchbare Lieder aus dieser Samm¬
1341 1759 2195 1818 lung unter dem Titel von Todtengesängen ausgelesen
1341 1796 2187 1854 werden könnten. So wenige ihrer auch wären, so
460 1822 2189 1900 schließen, daß ein Mann, der ein ganz Alphabeth und müßten sie doch an vielen Stellen, wo der Klopstockia¬
1533 1885 2182 1945 nicht im Flötenton lispelt, son
462 1945 2185 2049 fern könne. Alles was nur eine Gelegenheit zu einem den. Eine Arbeit, für die wir ans bestens bedanken.
1645 2161 1863 2245 Hamburg.
1364 2189 2180 2314 Liebe ohne Kunst, eine Erzählung in Briefen ves
1325 2249 2075 2351 Miß Wheatly an Miß Grierson, zwo Theile.
1362 2323 2182 2396 Der Inhalt entspricht nicht dem Titel; denn die
1317 2375 2176 2444 Liebe brauchte auch hier so manche Kunst, um glücklich
1315 2413 2174 2485 zu werden, und wir können nichts Karakteristisches von
1319 2470 2170 2521 diesem Roman angeben. Der Miß Wheatly wird
1319 2506 2165 2569 es, nach vielen verworfnen Liebhabern, so gemüthlich
1310 2547 2167 2614 den Sir Wentworth zu lieben. Sein Vater hat ihm
1319 2590 2176 2653 eine Lady zur Braut bestimmt. Endlich aber gelingt
1319 2638 2172 2694 es ihm doch, seine Einwilligung zur Heyrath mit der
1317 2668 2170 2727 Wheatly zu erhalten. Der Charakter Whentworths
1313 2722 2176 2802 soll so ungefähr grandisonisch seyn, denn er hat das
2070 2761 2167 2826 Herz,
