2679 3213
457 642 1302 687 Knackfuß beraubet hat; er ist von dem Fuhrmann,
453 687 1306 731 welcher ihn von den Gütern der Fürstin Sanjusko
453 892 1304 944 wir einen Rußischen Courier ankommen sehen. Man
457 933 1310 985 will, wie es heißet, an einer Gegenconföderation ar¬
446 970 2179 1024 beiten, wenn die Friedensnachrichten wieder verschwin= seine Amtsverrichtungen ein, und beschloß, solche nicht
450 1138 2172 1183 ki, Morawski, und noch verschiedene andere, eine Ar= hör, bekam aber keine andere Antwort, als daß das
446 1259 1299 1308 wesen, haben daselbst Pferde weggenommen, und auch
453 1343 1304 1388 Saba steht mit 1200 Mann auf der Willemberger
459 1465 1304 1508 stehenden Capitain attaquirt. Die Affaire hat 5 Stun=
453 1502 1291 1549 den gedauert; nachdem aber Succurs aus Puttus
446 1586 1289 1638 ne etwas ernsthaftes abzuwarten; der Ort aber wur
446 1625 1295 1674 de dabey in die Asche gelegt. Aus Grodno ist der Hr.
450 1664 1302 1720 Oberste Albyczew von der Petersburgischen Legion mit
444 1700 1190 1774 einem Detaschement hierher auf dem Marsche.
670 1752 1067 1797 Paris, vom 17. Dec.
446 1832 1295 1877 lemente macht vieles Aufsehen, und erhalt das ganze
450 1911 1302 1959 die Versassung eines grossen Königreichs gewissermas¬
446 1957 1295 2006 sen davon abhänget. Die bekannte Sache des Herr
450 2039 1299 2088 ser von dem Könige begnadiget und alles Verfahren
444 2075 1289 2133 wider denselben niedergeschlagen wurde, setzten sich die
444 2116 1293 2168 sammtlichen Parlamenter des Königreichs dawider, und
442 2159 1295 2209 verurtheilten den gedachten Herzog einmuthig. Dem
442 2200 1295 2252 Hofe schien dieses Verständniß der Parlamenter unter
444 2241 1299 2297 einander gefahrlich; daher erfolgte das schon letzt ge¬
444 2280 1293 2330 dachte Edict, in welchem unter andern auch alle Correspon=
442 2327 1293 2381 denz unter den Parlamentern verboten, und die bevorste=
444 2362 1293 2418 hende Errichtung zweyer neuer Parlamenter bekannt
437 2405 1289 2455 gemacht wurde, indem es ungegründet sey, daß sie,
437 2450 1297 2500 wie das Palament zu Paris behauptet hatte, alle nur
435 2614 2155 2670 und beschloß, Vorstellungen dagegen zu thyn. Der den Wurzeln ausgerissen, rc. Hierzu kommen noch
457 567 2183 653 che uns des berühmten Hofgärtner und Architect Hrn. registriven. Weil das Parkament bey seinen Wider¬
1325 646 2185 703 sprüchen beharrete, so hielt der König den 7ten einen
1327 692 2187 741 grossen Gerichtshof, (Lit de Justice) in welchem das
453 724 2185 778 hereinholen sollen, jämmerlich ermordet worden. Wir gedachte Edict registrirt werden mußte. Das Parla¬
457 765 2183 817 leben noch beständig in der angenehmen Erwartung ment ließ hierauf den König den 11ten dieses durch den
453 810 2185 858 des so sehnlich gewünschten Friedens, und wir werden ersten Präsidenten ersuchen, ihnen lieber das Leben und
453 847 2185 901 immer von neuem hofnungsvoller gemacht, so ofte ihre Stellen zu nehmen, als ihre Einwilligung zu ei¬
1325 892 2179 953 nem der Verfassung des Königreichs so widrigen Schrit=
1334 937 2183 981 te zu fordern. Zugleich stellte das Parlament alle
457 1011 2179 1069 den sollten. In Großpolen sind anjetzo die Conföde= eher wieder anzutreten, als bis der König seinen
459 1054 2170 1106 rirte sehr stark. Zwischen Wieruszow und Kalisch, Vorstellungen Gehör gegeben. Der Präsident er¬
453 1093 2177 1144 sollen die Marschälle Pulawski, Zaremba, Malczewss, hielt nach einigen vergeblichen Versuchen endlich Ge¬
446 1174 2179 1228 mee von 20000 Mann zusammen haben. Die Con= gegenwärtige Betragen des Parlaments die Nothwen¬
457 1218 2168 1265 föderirten sind bis 1 Meile von hier in Mlodzyn ge= digkeit der Königl. Maaßregeln nur noch mehr bewei
1323 1259 2179 1310 se. Allein das Parlament beharret dessen ohngeach¬
457 1302 2168 1347 Bier und Getraide binnen einer gewissen Zeit verlangt, tet bey seinen Widersprüchen, und hat nochmals be¬
1323 1340 2172 1396 schlossen, nicht eher etwas vorzunehmen, als bis das
446 1381 2174 1435 Straße, und beunruhiget die Rußischen Postirungen gedachte Edict wieder aufgehoben worden. Seitdem
457 1420 2170 1472 sehr stark. Vor acht Tagen hat er den in Kornewo liegen alle Geschäffte und der Ausgang dieser Sache be¬
1321 1465 2179 1515 schäfftiget uns hier mehr, als die Frage, ob wir mit
1323 1506 2168 1556 Engelland Krieg oder Friede haben werden. Man
450 1545 2172 1595 ankam, machten sich diese irrenden Ritter davon, oh= befürchtet eine gänzliche Veränderung in dem Ministe¬
1317 1593 2170 1640 rio, in dem man zu Versailles grosse Bewegungen bemerkt.
1424 1629 2071 1683 Niederrhein, vom 20. December.
1358 1657 2170 1718 Man siehet hier Briefe von Madrit, vom 27sten
1319 1711 2170 1765 des abgewichenen Monats, worinn versichert wird, daß
1317 1756 2170 1799 der dortige Hof seine letzte Declaration nach London
483 1793 2164 1838 Der gegenwartige Vorgung mit dem hiesigem Par= wirklich abgeschickt habe, und daß also gegenwärtig die
1315 1830 2177 1877 Fortdauer des Friedens, oder die Kriegeserklarung nur
446 1875 2174 1922 Königreich in Erwartung. Er verdientes auch, indem allein von dem Großbrittannischen Hofe abhange. In
1325 1920 2170 1961 einem Privatschreiben aus Paris, vom 21sten De=
1317 1959 2170 2006 cember, meldet man, der Hof zu Madrit habe dem
446 1998 2168 2049 zogs von Aiguillon hat darzu Anlaß gegeben. Als die= Königl. Französischen in den bundigsten Ausdrücken
1323 2041 2170 2086 erklaret, daß derselbe, selbst nach erfolgter Kriegeser¬
1312 2084 2164 2136 klarung von Großbrittannischer Seite, noch immer
1312 2123 2168 2177 nicht anders, als mit dem außersten Mißvergnügen,
1317 2166 2118 2224 und Widerwillen, zu den Waffen greifen wurde.
1457 2209 2043 2254 London, vom 23. December.
1355 2237 2164 2302 Es ist Nachrich eingegangen, daß man ein kleines
1312 2276 2168 2338 Französisches Fahrzeug entdecket habe, welches an der
1319 2325 2168 2377 Küste von Wallis, Irland und um die Insel Man
1310 2366 2164 2420 kreutzet. Man hat darauf 2 Schaluppen, jede von
1312 2418 2164 2478 20 Kanonen, beerdert, in dem Irlandischen Canakauf
1317 2455 2168 2498 alles ein wachsames Auge zu haben. Vorgestern, in
435 2493 2161 2545 ein und eben dasselbe Parlament ausmachten, welches der Nacht, hatten wir hier einen entsetzlichen Sturm,
435 2524 2159 2582 nur in verschiendenen Ctassen getheilt sey. Den 3ten wodurch die Schiffe, auf der Themse sehr viel gelitten.
437 2573 2161 2618 dieses rathschlagete das Parlament über dieses Edict, Der Wind hat ganze Häuser umgeworfen, Baume mit
435 2659 2159 2705 erste Präsident gieng noch denselben Tag nach Versail= die grossen Ueberschwemmungen, wodurch großer Scha=
435 2689 2159 2754 les, richtete aber nichts weiter aus, als daß ihm noch= den angerichtet worden. Der Spanische Ambassadeur
433 2735 2159 2810 mals befohlen wurde, das Edict den folgenden Tag zu hat vor wenig Tagen ein Memorial ubergeben, worin
