2799 3213
667 1022 1521 1079 Briefe von der christlichen Religion überhaupt, z. E.
665 1055 1523 1120 der 15te im 3ten Th. haben uns gefallen. Zuweilen
665 1103 1523 1150 urtheilt der V. auch über gelehrte Werke, nicht immer
665 1146 1529 1226 mit gleichem Glück. z. E. er will wissen, warum
667 531 2398 630 danken nicht einmal so reich wie Holbergs seine, an Dante von der Hölle erhabner schreibt, als vom Pa¬
672 613 2394 676 Ergötzlichkeit aber hundertmal geringer als Bielefelds radiese, und glaubt, dies komme daher, weil bey schreck¬
678 648 2400 719 seine halten müssen. Er wechselt mit einem Grafen v. G. lichen Dingen die Einbildungskraft und die Furcht stär¬
676 693 2394 760 Briefe und versichert, daß sie nicht erdichtet sind. Die ker auf den Dichter wirken, als bey angenehmen Vor¬
672 737 2394 791 meisten enthalten Nachrichten und Urtheile über Per= würfen. Ein andermal 144 Br. 1ster Th. fällt er ein
672 773 2398 843 sonen, die von niemand, als den heiden Briefstellern Urtheil über Leihnitzens Theodicee, und zieht Male¬
672 823 2398 875 gekannt sind. Also intereßiren sie den Leser zu wenig. branche Recherche de la verité vor. Vermuthlich hat er
674 860 2398 916 Ueberall aber, wo der mönchische, abergläubische Ca= beide nicht recht nach ihrer Absicht gelesen, denn sonst müste
672 903 2398 955 tholik hervorsticht, sind sie unerträglich, und wir wun¬ er wissen, daß Leibniz einen andern Vorwurf, als Ma¬
672 940 2400 1001 dern uns daher nicht, daß eben Mönche den Marquis lebranche gehabt habe. Wie konnte er ihn denn mit
665 973 2405 1051 am ersten und geschwindesten übersetzen. Ein paar diesem vergleichen? Doch glauben wir, wenn Leibnitz
1547 1038 2402 1083 ein Catholik, und Malebranche ein Lutheraner wäre,
1555 1077 2407 1144 so möchte jener doch bey ihm in bessern Gunsten, als
1549 1113 1980 1191 dieser stehen. Kostet 5 fl.
845 1261 1343 1354 Berlin, vom 2. Februar.
663 1367 1529 1421 Obristlieutenant, Herrn von Bohlen, Wernerschen
663 1421 1519 1469 Husarenregiments, als Commandeur bey das Leibregi
665 1458 1521 1508 ment zu Pferde, versetzt. Se. Majestät, der König,
667 1499 1521 1545 haben den bisherigen Referendarium bey der Königs¬
672 1540 1519 1590 bergischen Krieges- und Domainenkammer, Herrr
665 1620 1532 1675 litäten, und bey der Oberexaminationscommißion be¬
663 1666 2398 1733 wiesenen Geschicklichkeit, zu Dero Krieges= und Do= ket, und Sich bey Ueberreichung dieses Geschenks des
663 1952 1519 2004 gekehret. Des Abends wurde die Leiche des Königl.
667 1995 1523 2036 Großbritannischen Gesandten, Herrn Mitchel, auf der
661 2036 1523 2103 Neustadt, in die Dorotheenstädtsche Kirche mit Fackeln
667 2077 1176 2140 standesmäßig zur Erde bestattet.
895 2110 1337 2175 Mitau, vom 30. Jan.
665 2190 1510 2251 Heinrich von Preußen, als Höchstderen Abreise den
663 2283 1516 2331 den in dieser Hochfürstl. Residenzstadt, alle nur mög¬
665 2324 1510 2374 liche Anstalten gemacht. Auf einer jeden von den
665 2409 1514 2459 Preußische Gränzen gehen, sind hundert Pferde zum
665 2446 1508 2500 Relais beordert, und die Hochfürstl. Küche, nebst der
665 2493 1519 2537 Kellerey, ist bereits zum voraus dahin abgesandt wor¬
663 2530 1508 2580 den. Die drey hiesigen Bürgergarden zu Pferde ste
659 2699 1512 2758 Post eingegangenen Briefen haben Jhro Majestät,
1540 1269 2405 1363 die Kaiserin, allergnädigst geruhet, an dem Geburts¬
706 1300 2398 1402 Se. Majestät, der König, haben ohnlängst den feste Sr. Königl. Hoheit des Prinzen Heinrich von
1555 1382 2394 1449 Preußen, welches den ten dieses eingefallen, eine
1549 1428 2398 1486 Comödie von dem jungen Adel aus dem Cadettenkorps
1549 1467 2400 1527 aufführen zu lassen, nach deren Endigung eine kostbare
1545 1506 2400 1575 Masquerade erfolget ist. Ihro Kaiserl. Majestät, ha¬
1545 1553 2400 1618 ben bey dieser prächtigen Fete, Se. Königl. Hoheit,
672 1577 2398 1657 Carl Heinrich von Haugwitz, wegen seiner guten Qua= mit einer von Allerhöchstderoselben, Höchsteigenen ho¬
1551 1625 2398 1698 hen Hand verfertigten Tabatiere aus Elfenbein beschen=
665 1716 2398 1774 mainenrath bey gedachter Kammer allergnädigst zu er¬ Ausdrucks bedienet, daß der Name des Maitre, der
665 1750 2402 1820 nennen geruhet. Am Donnerstage des Mittags, ha= diese Tabatiere verfertiget inwendig zu finden wäre,
665 1789 2398 1856 hen Ihre Königl. Hoheiten, der Prinz und die Prin= worauf denn Se. Königl. Hoheit bey Eröfnung dersel¬
665 1837 2409 1902 zeßin von Preussen, bey Sr. Königl. Hoheit, dem ben durch einen überaus kostbaren Ring, den Sie mit
667 1878 2394 1937 Prinzen Ferdinand, gespeiset. Gestern sind höchstge= Ihro Kaiserl. Majestät, wohlgetroffenen Portrait dar¬
663 1917 2398 1984 dachte Ihre Königl. Hoheiten, nach Potsdam zurück inn erblicket, Sich auf die vortreflichste Art surprenirt
1540 1960 2171 2034 zu sehen, das Vergnügen gehabt haben.
1720 2002 2210 2058 Aus Polen, vom 20. Jan.
1579 2038 2392 2108 Die Conföderirten haben am 13ten die Vorstadt Ka¬
1532 2069 2392 2147 zimierz bey Krakau eingenommen, der darinnen gestan¬
1536 2123 2394 2194 dene Rußische Lieutenant mit 80 Mann, hat sich bis
706 2153 2394 2231 Zum Empfang Sr. Königl. Hoheit des Prinzen aufs äusserste gewehret, bis der Herr Commendant von
1542 2205 2392 2277 Oebschelwitz mit der Garnison ausmarschiret, und die
667 2244 2394 2314 dieses, von St. Petersburg hat erfolgen sollen, wer= Conföderirten genöthiget, nach einem hartnäckigen Ge¬
1538 2285 2394 2368 fechte zurück zu weichen. Sie haben hierbey über250
1532 2329 2392 2398 Todte, und an 80 Bleßirte hinterlassen. Der Theil
663 2374 2392 2461 Stationen, die durch diese Fürstenthümer bis an die des Regiments der Königin, so noch übrig gewesen, hat
1542 2407 1943 2472 sich besonders distinguiret.
1724 2446 2207 2519 Livorno, vom 9. Januar.
1575 2476 2383 2563 Den 5ten dieses, Abends, langte eine in acht Tagen
1534 2524 2379 2606 von Mahon gekommene Rußische Fregatte allhier an
663 2571 2389 2649 hen in Bereitschaft, Seine Königl. Hoheit auf der und brachte die Bestätigung von der wirklichen Abreise
665 2617 2385 2682 Gränze zu empfangen. Nach den, aus St. Peters= aller Rußischen Schiffe aus dasigen Hafen nach dem
659 2654 2392 2723 burg, von 12ten, datirten und allhier mit der letzten Archipelagus. In der Nacht vom 7ten auf den 8ten
1532 2699 2389 2794 dieses, gegen 2 Uhr nach Mitternacht, haben wir all=
2320 2760 2398 2833 hier
