2799 3213
620 668 1187 737 Deutschen ausgelassen werden kann.
666 698 1478 785 Unter den Kritiken poetischer Schriften nehmen sich
618 759 1472 823 die über die Gedichte auf das Kaiserl. Beilager des
631 815 1472 864 halb rühmlich aus, weil man darinn feine Bemerkun
631 858 1476 908 gen über eine Nachahmung aus dem Horaz antrift, die
631 901 1476 944 uns sehr gefallen haben. Eines gewissen Eberle und
627 938 1279 983 Laimingers Gedichte werden scharf gebeizt
1377 940 1485 998 so wie
629 979 1442 1053 auch eine Ode auf eine andre feyerliche Gelegenheit.
672 1022 1480 1091 Unter den eignen Aussätzen hat uns ein Versuch in
627 1072 1472 1132 der griechischen Sprachlehre der hier nach gewisser
631 1117 1478 1169 Vorlesungen darüber eingerückt ist, wohlgefallen, und
627 1163 1478 1210 wir wünschten, daß diese Abhandlung von vielen Rek¬
635 1208 1487 1260 toren und Candidaten, die in manchen Schulanstalten
635 1245 1483 1292 das Griechische lehren, wohl studirt würde. Gemein¬
635 1290 1487 1344 hin thun sie dies, als trockne Grammatiker, nach al¬
631 1327 1478 1372 tem Herkommen, ohne den Geist der Sprache zu ken¬
635 1372 1478 1420 nen, und ohne ihren Unterricht für die Jugend als ei¬
631 1409 1478 1459 ne Grundlage einzurichten, durch welche künftig einem
635 1452 1478 1504 Lehrlinge die todte Sprache so habituell und zur Le¬
631 1493 1485 1543 sung claßischer Schriftsteller brauchbar gemacht würde,
642 1539 1487 1584 als wenn er es mit einer noch lebenden Sprache zu
642 1576 1483 1630 thun hätte. — — Ferner empfehlen sich einige
635 1619 1478 1675 Reden von Sonnenfels imgleichen dessen Gedichte
631 1660 1487 1712 zu welchen wir noch eine Ode von P. Denis über die
635 1701 1483 1757 Zusammenkunft des Kaisers mit dem Könige rechnen,
830 1824 1314 1917 Berlin, vom 8. Januar.
642 1947 1487 2006 lingschen Husarenregiment vacant gewordene Escadron
635 1991 1485 2042 des verstorbenen Majors, Herrn von Meseberg, den
638 2029 1491 2094 Rittmeister, Herrn von Lölhöfel, Wernerschen Husa¬
644 2073 1491 2127 rengiments, wiederum conferiret, und ihn zugleich
644 2114 1487 2179 zum Major ernannt. Bey dem Wernerschen Husa
638 2157 1491 2220 renregimente, ist der Rittmeister, Herr von Holtey,
638 2196 1496 2252 zum Major, der Staabsrittmeister, Herr von Win¬
642 2248 1496 2293 ter, zur Escadron, und der Premierlieutenant, Herr von
644 2289 1498 2345 Woychekowsky, zum Staabsrittmeister avancirt. Ge¬
642 2321 1496 2377 stern des Abends wurde im Opernhause das Singe¬
644 2360 1498 2421 spiel: Montezuma, zum erstenmal aufgeführt. Ge¬
653 2405 1496 2462 stern Vor= und Nachmittags, ist der Anfang mit der
644 2444 1496 2503 Ziehung der dvitten Classe der Königl. vierten Classen¬
644 2496 1493 2552 lotterie auf dem Berlinschen Rathhause gemacht wor¬
646 2527 1491 2591 gen. Unter den gezogenen Loosen ist das von 2000
646 2565 1487 2622 Rthlr. auf No. 6500. das Looß von 500 Rthir. au
638 2611 1496 2673 No. 10,68. ein Looß von 100 Rthlr. auf No. 8401.
638 2654 1493 2734 und das Looß von 1000 Rthlr. auf No. 24650. ge=
635 2695 756 2777 fallen.
625 551 2358 640 falsch, anstatt bald, und auch dies Wort ist nicht nö= die viel Feuer und Klopstockschen Schwung hat, ob
625 633 2354 709 thig, da es auch im Original nicht steht, und auch im wir gleich manches darinn verändert zu seyn wünsch¬
1491 679 2354 722 ten, besonders die öftere Trennung eines Satzes durch
1502 718 2347 767 etliche Strophen, die man nicht einmal an Klopstock
1502 759 2354 806 loben kann. Ein prosaisches Gedicht: Ungarns Ver=
1506 802 2358 852 wandlung hat uns minder gefallen, vielleicht weil der
1509 841 2354 890 Stoff des Gedichts zu sehr historisch, und für den, der
1498 875 2364 955 kein vaterländischer Leser ist, zu wenig interessant
1506 921 1606 981 wird.
1545 970 2356 1029 Aus den vermischten Stücken nennen wir noch et¬
1504 1022 2358 1074 was. Eine Preisaufgabe über eine deutsche Ueber¬
1504 1068 2356 1115 setzung der Zaire, und über eine Abhandlung über den
1506 1113 2362 1156 Satz: Ein weiser Regent, hat von einem aufgeklarten
1504 1143 2356 1193 Volk weniger, als von einem blinden, aberglaubischen
1506 1191 2358 1241 Volk zu befürchten. Die Preise sind ansehnlich, und
1506 1234 2364 1277 die letzte Aufgabe auch deshalb merkwürdig, weil sie in
1506 1269 2362 1346 einem katholischen Lande Aufsehen und Nutzen schaf=
1863 1314 2362 1375 Gellerts Gedächtniß bekommt
1504 1310 1666 1362 fen muß.
1513 1357 2356 1407 hier viele Anbetung und Denkmäler. — S. 264.
1504 1390 2358 1446 wird eine Feyer des Sonnenfelsischen Namensfestes
1506 1435 2358 1491 beschrieben, die ein Beweiß ist, daß man einen Refor¬
1509 1478 2362 1534 matoren der schönen Wissenschaften in Oesterreich zu
1513 1517 1738 1569 schätzen weiß.
1926 1524 2362 1576 Endlich Anzeigen von noch
1504 1530 2362 1612 zu erwartenden Kupferstichen gehören unter die ange¬
1504 1606 2360 1658 nehme Nachrichten aus Wien, woraus man den gu¬
1506 1638 2364 1712 ten Fortgang der Künste allda erkennen mag. Kosten
1504 1679 1839 1751 alle 4 Bande 12 fl.
1662 1822 2224 1906 Hamburg, vom 31. December.
1543 1878 2371 1958 Am Sonnabend Abend hatten die hiesigen vereinig=
672 1902 2371 1995 Se. Majestät, der König, haben die bey dem Bel, ten g. v. und v. Freymäurerlogen zu den drey Rosen
1509 1980 2367 2038 und zur goldnen Kugel die Ehre, durch den Besuch des
1509 2006 2373 2077 H. E. Landes=Großmeisters aller Freymäurerlogen in
1515 2062 2367 2137 Schweden, des Reichsraths Grafen von Scheffer Ex¬
1515 2090 1941 2168 cellenz erfreuet zu werden.
1673 2137 2204 2222 Warschau, vom 25. Dec.
1556 2194 2371 2284 Die Briefe von der großen Rußischen Armee ent¬
1522 2261 2377 2323 halten nichts veränderliches, sie bestatigen die völlige
1526 2306 2371 2362 Einrichtung der Winterquartiere. Die eroberten Oer¬
1515 2338 2373 2408 ter geben noch mehrere Gelegenheit, daß sie sich weiter
1517 2388 2371 2451 ausbreiten können, indem die meisten mit Besatzungen
1515 2431 2369 2494 versehen sind. In Bender sind 3000 Mann von der
1515 2470 2371 2529 Paninschen Armee geblieben, der General aber gehet
1517 2516 2367 2572 mit dem größten Theil nach Brahilow. Der Gene¬
1517 2548 2371 2619 rallieutenant Olitz bleibet am Dniester stehen, um den
1519 2591 2373 2660 Rucken zu decken. Choczim soll ganz und gar verlas¬
1517 2630 2373 2702 sen seyn, und wie es heißt, so wird es geschleift wer¬
1515 2676 2380 2738 den. In der hiesigen Gegend geschehen viele Mord¬
1522 2712 2375 2801 thaten, worunter diese besonders merkwürdig ist, wel¬
