2799 3213
730 587 1589 648 Monarchen dar, welcher will, daß sein Wille das Ge¬
728 628 1587 687 setz machen soll, und eines Korps Magistratpersonen,
728 672 1582 728 die sich nun schon viermal desselben Befehlen widerse
730 709 1580 776 tzet haben, die theils schriftlich von seiner Königl. Hand
728 752 1585 806 und theils durch die gemessensten und bezeichnetsten
735 800 1585 859 Befehlsbriefe (Lettres de Jussion) ertheilet worden sind
728 837 1591 904 ohne daß der Monarch seine absolute Macht, von wel¬
737 878 1589 959 cher er will, daß sie ihm wesentlich zustehe, gebrauche
743 933 856 1000 hat rc.
952 939 1380 1013 Danzig, vom 3. Jan,
776 980 1602 1074 Am Ende des Jahres 1769 hat man in hiesiger
739 1043 1589 1091 Stadt, an Waitzen, Roggen, Gärsten, Malz, Ha
737 1126 1600 1180 Vorrath von 20064 Lasten 6 Scheffeln gehabt. Die=
750 1167 1591 1230 ser Vorrath ist vom 2ten Januar bis zum 29sten De
735 1211 1591 1269 cember 1770 vermehret worden mit 69500 Lasten und
735 1250 1591 1317 20 Scheffeln, die eingekommen sind, und bestand alse
737 1289 1600 1352 der ganze Vorrath des Jahrs in 89554 Lasten und
750 1339 1598 1387 26 Scheffeln, Hiervon sind zur See und längst der
743 1454 1600 1535 und in der Stadt sind verbraucht 8321 Lasten 55
748 1502 889 1567 Scheffel
911 1519 1441 1589 Madrid, vom 15. December,
746 1656 1596 1709 lich die Kriegserklärung zwischen unserm und dem Eng
750 1793 1063 1863 ringste nachzulassen.
939 1826 1422 1909 Stockholm, vom 4. Jan.
789 1865 1598 1950 Mit der Krone Frankreich ist, wie man vernimmt,
750 1919 2463 2011 gegenwärtig ein neuer und ganz liquider Subsidien= in ihre Kutsche aber annoch Platz vor 2 Oersonen, so offeriret sich
752 1967 1128 2043 tractat auf dem Tapet.
889 2024 1476 2078 Braunschweig, vom 10. Jan.
791 2037 2054 2126 Jhro Königl. Hoheiten, der Kronprinz und der Prinz Wechsel-Ceurs & Species.
754 2111 1600 2176 Friedrich Adolph von Schweden, haben während
746 2143 2043 2202 Höchstdero Anwesenheit allhier der großen Wachtpa= Amsterd. 41Tage 311 gr
748 2195 1606 2252 rade verschiedentlich beyzuwohnen geruhet, nahmen
754 2228 2048 2291 am vorigen Sonnabend das hiesige Kunst= und Na= Hamburg 3W. 136½8r
754 2278 1606 2328 turaliencabinet in Augenschein, und besuchten den Tag
754 2302 1796 2374 darauf die berühmte Bibliothek zu Wolfenbüttel. Dantzig
748 2341 2043 2419 Sonntag Abends war bey Hofe Ball, und Montags Ducaten neue 9fl. 10 gr
750 2402 1606 2459 in dem prächtig erleuchteten Opernhause masquirter
750 2443 1609 2500 Ball. Dienstags erhoben sich Höchstdieselben nach
752 2485 1604 2537 Saledalum und besahen die dasige vortrefliche Gemäl¬
754 2504 2469 2580 degallerie, und Abends hatten Se. Königl. Hoheit, Oude  6 pr. C. ag. — kleine weiße 84-
754 2567 1611 2617 der Kronprinz, die Gnade, sich verschiedene von den
754 2608 1611 2667 Professoren vom hiesigen Collegio Carolino vorstellen
750 2650 1609 2726 zu lassen. Vorgestern, gegen 2 Uhr, sind Jhro Kö=
722 502 2472 639 stellet der übrigen Welt den merkwürdigen Anblick des nigl. Hoheiten unter Abfeurung der Kanonen von hie¬
1609 578 2315 639 sigen Wällen, von hier wiederum abger eiset.
1809 628 2263 693 Ancona, vom 21. Dec.
1648 661 2467 739 Briefen aus der Levante zufolge sind die Russen
1613 720 2474 780 noch von verschiednen Inseln im Archipel Meister, als
1606 765 2465 824 Paros, Thaso, Samandrochi und Porto Cavallo,
1613 809 2469 861 dergestalt, daß sie die Schiffarth auf diesem Meere
1615 848 2469 904 nach ihrem Gefallen behaupten können; die erste die¬
1613 889 2469 948 ser Inseln hat besonders einen sehr guten und geräu¬
1615 933 2472 989 migen Hafen, und die letztern erleichtern ihnen die
1617 980 2472 1026 Blocade der Dardanellen, indem sie dahin bey entsie¬
1624 1011 2472 1072 henden Stürmen, die auf dem Archipel ziemlich häu¬
739 1059 2472 1139 ber, Buchwaitzen, Grütze, Gärste und Erbsen, einen sis sind, einlaufen, imgleichen ihre Magazine und
1622 1096 2474 1156 Backöfen daselbst haben können. Am 14ten dieses
1617 1139 2474 1191 verspührten wir hier in der Nacht eine starke Erder¬
1617 1178 2476 1237 schütterung, welche eine Stunde darauf noch stärker
1615 1222 2426 1298 wiederkam, doch giengen beyde ohne Schaden ab.
1789 1269 2298 1330 Königsberg, vom 25. Jan.
1652 1315 2480 1383 Den 23sten des Morgens um 3 Uhr verstarb allhier
750 1359 2472 1426 Weichsel wieder ausgeführet worden 62874 Lasten 10 an einer Entkräftung Herr Coelestin Kowalewski, der
750 1406 2465 1469 Scheffel, und zu Lande 2563 Lasten und 8 Scheffel; Akademie Kanzler und Director, Prof. juris prima¬
1622 1446 2467 1500 rius der Juristen Facultät ordin. E. Königl. Preußi¬
1619 1489 2478 1550 schen Consistorii Bicepräsident und Officialis, im 71sten
1622 1528 2472 1589 Jahr seines Alters. Rechtschaffenheit und ein uner¬
783 1565 2467 1630 Unsere Streitigkeiten mit dem Römischen Stuhl müdeter Fleiß, beym Unterricht der studirenden Ju¬
752 1611 2469 1676 sind so gut als beygeleget; hingegen erwartet man täg= gend, waren die Hauptzüge des Characters dieses wür¬
1622 1652 2463 1706 digen Mannes, der dem Staate große Männer und
750 1689 2472 1754 lischen Hofe, indem Se. Majestät jetzt entschlossen zu geschickte Bürger gezogen hat, und dessen Andenken
752 1743 2472 1800 seyn scheinen, von Ihren Prätensionen nicht das ge= so wie überhaupt dem Lande, so insbesondere unserer
1615 1776 2356 1863 hohen Schule, unvergeßlich zu seyn verdienet.
1876 1822 2215 1880 AVERTISSEMENT.
1637 1854 2467 1911 Da eine Herrschaft gesonnen, innerhalb 8 oder höchstens 14 Ta¬
1617 1896 2474 1946 gen eine Reise nach Custrin und Frankfurt au der Oder zu thun,
1622 1948 2467 2000 solche, vor ein billiges, bis dahin selbige mitzunehmen; nähere
1624 1980 2469 2043 Nachrichten hievon kann man in No. 1024. am neuen Graben er=
1622 2017 1719 2052 halten.
2082 2024 2452 2102 Getreyde Preise.
1654 2082 2469 2150 den 24. Januar 1770. vom 11 bis 23. Jan. 1771.
2072 2135 2478 2191 Weitzen der beste 144gr.
2161 2163 2474 2211 der geringere 142 -
1693 2182 2467 2259 dito 71 Tage 3093gr. Noagen der beste 102-
2095 2235 2469 2306 — der geringere 99—
1696 2265 2045 2328 dito 6 W. 136 gr
2065 2278 2341 2343 Gerste die beste
2376 2287 2474 2350 66—
1828 2302 2045 2363 255p. C. dn
2069 2326 2335 2391 — die geringere
2387 2363 2476 2415 39-
2072 2363 2224 2413 Haaber
1693 2389 2043 2448 dito oude 9 fl. 31g5
2069 2391 2469 2465 Erbsen große graue105 —
1626 2406 2048 2500 Alberts Taler 1364 gr.
2093 2441 2478 2485 — kleine graue 90 -
1909 2474 2054 2530 109 gr.
2111 2478 2469 2528 — große weiße 90—
1624 2478 1737 2530 Rubel
1630 2550 2482 2635 Diese Gelehrte und Politische Zeitung wird des Montas
1676 2606 2428 2672 und des Freytags Vormittags um 10 Uhr in dem
1782 2643 2322 2717 Kanterschen Buchladen ansgegeben.
2254 2665 2487 2761 Beylage.
