2799 3213
653 518 1522 597 zu loben, und was ihn am meisten ziert, ist die Spra¬
660 581 2406 638 che der Bescheidenheit. Darauf muß er aber immer mer, z. E. vom Verdienst der Werke, so ungeändert
655 629 1520 677 rechnen, daß gewisse Journalisten ihm sogleich einen
664 675 1413 721 Platz unter den Schwärmern anweisen werden
660 716 2404 766 kann aber dabey ruhig seyn, weil diese Leute ihren die Liebe heißt hier noch immer das Mittel, das ewi¬
662 749 2404 808 Platz unter Schimpfern, Indifferentisten, und wah¬ ge Leben zu verdienen. Eine Menge Citationen aus
660 797 2400 873 ren Feinden des Christenthums sich selbst verdient den Vätern enthält jede Seite, und obgleich der V.
655 834 1063 910 haben. Kostet 15 gr.
984 980 1204 1063 Angspurg.
699 1019 2293 1104 Des Paters Cajetan von Bergamo evangelische undeutsche Mißgeburt ist. Koster 7 fl. 15 gr.
662 1076 1054 1161 Sittenreden, 3 Theile.
1583 516 2408 601 Erzkatholische Reden, worinn die gröbsten Irrthü¬
1546 634 2400 682 und in harten Ausdrücken vorgetragen werden, als ei¬
1548 673 2406 719 nige neuere Catholiken sie vorzutragen, sich schamen!
1539 843 2408 901 nach dem Titel nur die Sittenlehre abhandeln wollte,
1555 886 2404 932 so enthalten doch die meisten Reden das eigentliche
1546 925 2413 980 Dogmatische seiner Kirche. Wir können sie aber
1546 960 2410 1019 kaum seinen Glaubensgenossen empfehlen, weil die
1546 1010 2410 1067 Uebersetzung aus dem Italiänischen eine ungeheure,
871 1215 1333 1309 Berlin, vom 23. Febr.
703 1269 1522 1357 Se. Majestät, der König, haben ohnlängst den Lieu
664 1341 1522 1389 tenant und Adjutanten, bey dem Herrn Generalmajor
662 1383 1529 1435 von Krusemark, Herrn von Wedell, zum Stabsritt¬
662 1433 1518 1481 meister ernannt. Der Königl. Legationsrath und Re
671 1470 1529 1548 sident zu Danzig, Herr von Junck, ist aus Danzig
671 1511 1522 1568 hier angekommen. Gestern würde die Ziehung der
671 1553 1518 1598 vierten Classe der Königl. vierten Classenlotterie au
675 1674 1522 1722 und eins von 100 Rthlr. nach Königsberg in Preußer
664 1714 1526 1768 in die Hertz Levische Collecte. Die Ziehung der funf
671 1759 1529 1816 ten und letzten Classe dieser Königl. Lotterie, ist auf
668 1801 1341 1873 den 3ten April dieses Jahrs anberaumet.
862 1855 1361 1923 Livorno, vom 31. Januar.
716 1868 1529 1960 Den 26sten kam hieselbst in 15 Tagen von Paros
668 1945 1529 1999 eine Rußische Fregatte, von 38 Kanonen, und 330
671 1984 1529 2047 Mann Equipage, unter dem Capitain Gencurni¬
671 2040 817 2106 sow an.
897 2075 1320 2147 Florenz, vom 2. Febr.
710 2097 1529 2180 Vor Pisa haben wir die angenehme Nachricht er¬
668 2173 1531 2249 Halten, daß sich Ihro Königl. Hoheit, unsere Groß¬
668 2215 1396 2291 Herzogin, abermal gesegneten Leibes befinden.
836 2258 1378 2328 Warschau, vom 9. Februar.
719 2291 1529 2371 Nachrichten aus Petersburg zufolge, ist am 18ten
668 2358 1529 2428 Januar der Herr Kronjägermeister Branicki daselbst
666 2402 1529 2461 glücklich angekommen, und auf einem Ball en Masque
675 2443 1522 2495 der Kaiserin Majestät, von dem Herrn Generallieute
668 2489 1520 2537 nant Fürsten Repnin, vorgestellet worden, worau
675 2522 2012 2580 sogleich Ihro Majestät die Kaiserin Selbst demselben weroe, hält noch immer an.
668 2565 1526 2624 des Prinzen Heinrichs von Preußen Königl. Hoheit,
675 2609 1522 2663 auf das gnädigste dargestellet haben. Alle Nacht ste¬
1546 1206 2406 1285 rüchte, daß in Litthauen eine Conföderation, zum Be¬
1555 1283 2402 1333 sten des Königes, errichtet worden, von welcher der
1553 1324 2410 1374 Herr Bischof von Wilna, Massalski, das Haupt seyn
1557 1361 2410 1439 soll. Die nächste Post muß uns den Grund oder Un¬
1548 1402 2003 1474 grund dieser Sache bringen.
1709 1435 2258 1513 Bononien, vom 25. Januar.
1585 1483 2406 1561 Die Russen haben die Gewässer bey den Dardanel¬
1550 1542 2400 1598 len noch nicht verlassen. Alle Schiffe, welche zu Por¬
668 1594 2404 1648 dem Berlinschen Rathhause geendiget, und es siel das to Maone waren, sind seit 12 Tagen nach dem Archi¬
664 1631 2404 1694 Looß von 500 Rthlr. auf No. 2544. nach Lauenburg, pelago unter Segel gegangen; sie werden bey der In¬
1561 1672 2404 1733 sel Paros zusammenstoßen. Am 13ten dieses brachte
1548 1716 2406 1772 eine Rußische Fregatte den Grafen von Czernischew
1555 1764 2413 1807 von Porto Maone nach Livorno. Sie hatte auch viel
1553 1801 2406 1853 Bauholz am Bord, welches sie einem fremden Schif¬
1553 1840 2404 1892 fe, welches nach Constantinopel segeln wollte, abge¬
1553 1884 2406 1938 nommen hatte. Der Großsultan hat durch Bezahlung
1548 1927 2406 1979 eines großen Solds eine starke Anzahl neuer Kriegs¬
1550 1960 2413 2012 völker zusammengebracht, welche unweir Constantino¬
1553 2008 2406 2058 pel campiren. Es werden ihnen allerhand Lebens= und
1546 2058 2410 2106 Kriegsbedürfnisse zugeführt, in der That aber sind es
1546 2090 2400 2160 im Kriege eben so unerfahrne Leute, als diejenigen,
1555 2132 2406 2180 welche den letzten Feldzug mitgemacht haben." Aller
1555 2173 2406 2225 dieser auf das neue gemachten kriegerischen Anstalten
1546 2212 2410 2273 ungeachtet, dauern die Conferenzen mit den bekannten
1548 2252 2406 2306 Ministern und dem Divan noch immer fort, und man
1555 2304 2413 2378 versichert, daß der Friede nicht weit mehr entfernet
1735 2369 2210 2461 Wien, vom 9. Februar.
1590 2432 2413 2498 Das Gerücht, daß eine Armee Kaiserl. Königl.
1546 2467 2410 2541 Truppen an der Polnischen Gränze zu stehen kommen
1725 2541 2225 2622 Aus Polen, vom 6. Febr.
1592 2578 2406 2663 Nachrichten aus der Moldau zufolge, haben der
671 2657 2415 2707 hen bey uns noch Rußische Piquets mit Kanonen auf Herr Generalfeldmarschall, Graf von Romanzon, im¬
671 2691 2410 2752 den Straßen. Den Augenblick verbreitet sich das Ge= mer noch das Hauptquartier in Jassy, der Herr Gene¬
