2799 3213
627 528 2385 625 Antwort. Sollte der Spanische Hof die Forderungen, an respective erfreulichen und betrübten Begeben¬
635 587 1708 649 welche in dem Ultimato von Englischer Seite enthalten heiten seyn.
644 638 1518 692 sind, zugestehen: so soll sogleich ein ordentlicher Ge¬
631 701 2380 773 die Kriegsdeclaration nicht weit entfernt seyn. Der St. Johanniskirche bey, und nahmen alsdann die
638 747 1498 815 König hat 166 Officiers bey der Armee ernannt, wel
646 791 1502 856 che sich sogleich nach ihren Regimentern begeben müssen.
653 928 1505 985 fer fort. Man hat bereits 36000 Seeleute zusammen
644 1002 1509 1072 willigten Zahl fehlen. Allein, Admiral Hawke drin¬
651 1199 1920 1295 Portsmouth, daß zu Cowes 250 Seeleute aus den diese Brut kommen kan.
651 1249 1513 1304 Schiffen genommen worden, die im Auslaufen begrif.
655 1288 1516 1354 fen waren. Hiedurch muß nun nothwendig die Hand¬
666 1535 1520 1596 Hauptstadt in Terreneuve, fertig zu halten. Das
666 1623 1518 1679 um die Englischen Schiffe von dort nach England zu
655 1657 1869 1719 begleiten. Seit dem 12ten December 1769 bis zu Nachfolger ernannt.
666 1699 1526 1760 demselben Tage des gegenwärtigen Jahrs, sind in hie¬
675 1738 1520 1804 siger Hauptstadt geboren 8761 Knaben und 8348
668 1788 1524 1845 Magdchen, und gestorben 11219 Manns= und 11224
662 1828 1513 1895 weibliche Personen, folglich in allem geboren 17109
666 1869 1524 1926 und verstorben 22443 Menschen, so daß die Zahl der
668 1902 1520 1959 Gestorbenen um 5334 grösser ist, als die Zahl der Ge¬
662 1909 2343 2005 bornen. Unter den Verstorbenen haben sich 397 zwi, ben zu Cadix eingenommen hatte, heraus zu holen.
673 1987 1524 2057 schen 80 und 90, 56 zwischen 90 und 100, einer von
670 2031 1537 2116 102, einer von 103, und einer von 107 Jahren be¬
668 2081 812 2153 sunden.
703 2177 1533 2251 Bis Dato scheint es wohl noch nicht, als ob die
675 2446 1526 2509 der einzige Grund der Verbreitung ist) sich wieder
668 2489 1522 2553 geausfert. Lucko die Hauptstadt in Pollhynien is
668 2533 1526 2590 jetzo der nächste inficirte Ort von hier. Es ist im
668 2568 1537 2629 mer ein Wunder, daß nicht schon ganz Polen, und
679 2610 1533 2666 hauprachlich Warschau längst angesteckt ist. Von
670 2690 2024 2789 gen, vielleicht aber wird im kurzem ein Ueberfluß schen Langgasse sub No. 134. melden.
1553 596 2382 673 Gestern, als am ersten Weyhnachtstage, wohnten
642 657 2387 736 sandte von hier nach Madrid gehen, wo nicht, so dürfte Se. Majestät, der König, dem Gottesdienst in der
1524 740 2380 795 Glückwunsche zum Feste, in den Schloßzimmern an.
1529 784 2385 843 Gedachten Tages und heute ist beständig grosses Lär=
642 830 2387 902 Auch sind von Sr Majestät 11 neue Admirals ernannt men auf unsern Strassen gewesen. Die hiesigen soge¬
646 867 2385 937 worden. Das Pressen gehet mit verdoppeltem Ei= nannten Studenten, an andern Orten heissen sie Schü¬
1529 908 2385 967 ler, haben es sich zur Schuldigkeit gemacht gehabt, in¬
646 950 2385 1026 so daß nur noch 4000 an der von dem Parlement bes dem sie von einer Kirche zur andern laufen, um die
1531 994 2387 1053 Kripleins zu besuchen, alle Juden und Russen zu
653 1031 2389 1112 get darauf, daß man noch 20000 Mann nöthig hätte, maltraitiren; ja man hat schon den Pöbel mit darein
651 1072 2389 1144 und daß man deshalb mit dem Pressen fortfahren müsse, gemischet gehabt, und es ist zu wünschen, daß nicht
646 1114 2385 1184 Den 21sten in der Nacht sind auf der Themse allein noch Ungluck daraus entstehe, denn Einhalt ist noch
651 1153 2389 1223 1500 Mann gepreßt worden. Auch hat man von nicht geschehen, ob man gleich auf keiner Gasse durch
1660 1210 2254 1299 Constantinopel, vom 20. Nov.
1572 1271 2398 1334 Obgleich man hier von dem Verluste der Vestungen
659 1317 2396 1393 lung in Stecken gerathen. Allein, man presset sogar Bender, Ackermann und Brahilow, wie auch von dem
651 1356 2391 1426 von den Schiffen, welche Protection erhalten haben, Abfalle der Tartarn, mit Privatnachrichten versichert
659 1400 2391 1470 und daraus erhellet deutlich, daß wir wohl sicherlich ist, so läßt doch die Pforte von allen diesen Begeben¬
655 1443 2391 1513 Krieg erwarten müssen. Zwey Regimenter haben Be= heiten nichts kund werden. Gleichwol hat man von
659 1478 2391 1557 fehl erhalten, sich zum Einschiffen nach Placentia, der dem Mißvergnügen des Großsultans über den bisheri¬
1544 1520 2396 1588 gen Tartar=Chan sehr deutliche Merkzeichen. Se.
659 1557 2385 1636 Kriegsschif Monmouth ist nach dem Sund beordert, Hoheit haben denselben abgesetzt, und dargegen den im
1544 1599 2396 1692 Jahr 1766 degradirten Chan Selim Gueray zu dessen
1723 1699 2212 1773 Marseille, vom 24. Dec.
1579 1723 2398 1813 Die Englische Fregatte, der Allarm, warf den
1544 1784 2393 1854 12ten dieses auf hiesiger Rhede die Anker. Der Ca¬
1537 1828 2400 1891 pitain derselben hat unsern Kauflenten nur 24 Stun=
1544 1869 2398 1928 den Zeit geben wollen, die Piaster, die er für diesel¬
1795 1998 2140 2077 AVERTISSEMENT.
1577 2048 2402 2120 Im Palmbaum auf dem Steindamm, sind von ei¬
666 2099 2398 2206 Auszug eines Schreibens von Warschau, vom 26. Dec. ner Stube mittelst Aufbrechung derselben, und des
1546 2138 2404 2206 darauf befindlichen Coffers, folgende Münz=Sorten
1553 2179 2404 2254 gestohlen worden, als: 264. Stück Sächsische Ein=
668 2219 2404 2297 Pestanstalten sobald überflüßig werden möchten, denn drittel, ein Frauzösisches 2. Guldenstück, ein Stück,
668 2258 2400 2339 obgleich die Seuche an verschiedenen Orten bereits worauf eine Stadt gestochen, und andere rare Stü¬
668 2302 2398 2378 aufgehöret hat, so dauret sie doch an den mehresten cke mehr, auch etwas Courant Geld an Achtehalbern,
675 2352 2406 2422 noch fort, und an verschiedenen Orten hat sie wei und halbe Gulden. Wer davon Nachricht zu geben
675 2385 2409 2470 gen schlechter Policeyanstalten (als welches überhaupt weiß, oder bey wem es zum Verkauff gebracht werden
1553 2426 2398 2503 solte, wird ersuchet solches dem Herrn Orgelbauer Cas¬
1548 2481 2160 2559 parini gegen Recompens anzuzeigen.
1823 2524 2160 2610 AVERTISSEMENT
1557 2572 2398 2642 Die Prinzen von Wolkonsky machen bekannt, daß sie in einigen
670 2616 2398 2703 Neuigkeiten kan ich jetzt ihnen wohl nicht viel sa¬ Tagen von hier abreisen werden, falls jemand an ihnen oder ih¬
1544 2640 2406 2708 ren Bedienten etwas zu fordern hätte, der kann sich in der Altstädt=
