2679 3213
1099 400 1713 491 Beylage zum 9ten Stück,
590 489 2255 597 der Königsbergschen gelehrten und politischen Zeitung, 1771.
588 625 1369 744 Fortsetzung der im rten Stück abgebrochenen
895 703 1068 766 Beylage.
606 733 1419 824 Wenn man die Todten=Register verschiedener Län¬
551 796 1414 863 der mit einander vergleicht, so ergiebt sich, daß auf den
551 837 1410 893 Dörfern gemeiniglich 1 von 40, in den kleinern Städten
551 867 1416 926 1 von 32, in mittelmäßigen Städten 1 von 28, und in den
551 906 1419 967 größten Stadten 1 von 24 bis 25 jährlich stirbt. Für ein
558 943 1421 1006 ganzes Land zusammen genommen, rechnet man 1 von 36.
558 986 1416 1049 Von tausend Lebenden muß man alle Jahre 28 rechnen,
556 1032 748 1083 die sterben.
618 1034 1412 1135 Von 100,000 Sklaven sterben jährlich in Märtinies
549 1105 688 1159 29,000.
608 1101 1419 1189 Wenn 100 Kinder zu gleicher Zeit gebohren werden,
558 1170 1060 1220 so sind von denselben noch übrig
809 1205 1083 1263 nach 6 Jahren=
1049 1252 1163 1300 51 40
878 1243 988 1306 16
1042 1287 1170 1373 1
1049 1362 1161 1442 6
1047 1403 1233 1483 3
871 1440 1027 1520 70
878 1507 1038 1548 80*
618 1512 1414 1583 Unter 100 Kindern, die in einem Jahre sterben, mu
564 1576 1412 1626 man allezeit 3 todtgebohrne rechnen. Wenn man jedoch
560 1611 1423 1661 dieses Verhältniß in besondern Orten untersucht, so ist es
560 1654 1421 1698 nicht allenthalben einerl/h. Jn Dresden ist ein todtge=
560 1674 1801 1754 bohrnes Kind unter 16, in Berlin ist eines unter 30 und eine von 125 Jahren.
564 1726 1025 1780 in Schweden nur unter 50.
631 1728 1419 1821 Unter 200 Kindern, die gebohren werden, kan man
560 1786 1386 1842 noch nicht eins rechnen, welches in der Geburt stirbt.
614 1821 1412 1875 Unter 100 Kindern die gebohren werden, kan man noch
564 1864 1419 1920 nicht eins rechnen, das in den Wochen der Mutter stirbt.
621 1901 1421 1951 Von 1000 Kindern, welche die Mütter stillen, ster=
564 1940 1412 1992 ben höchstens 300, aber von 1000 Kindern, welche durch
567 1979 1137 2033 Ammen gestillet werden, sterben 500.
564 2046 1419 2100 den Wochen gestorben ist. Und unter 400 Todten sindt
564 2085 1421 2137 man nur eine, die in den Geburtsschmerzen gestorben ist.
614 2119 1419 2171 Man hat beobachtet, daß an den natürlichen Blat=
564 2158 1198 2227 tern mehr Magdchen als Knaben sterben.
614 2171 1419 2249 Jm Jahre 1745. hat man in den Englischen Pflanz=
564 2232 1419 2284 orten in Amerika angefangen, des Qnecksilbers sich bey
567 2301 1425 2355 pfropfte. Man zehlt in diesen Ländern nur einen Tod=
564 2340 1429 2396 ten unter 800 oder 1000, welche auf diese Art behandelt
564 2377 1419 2433 worden. Wenn hingegen das Quecksilber nicht gebraucht
567 2420 1421 2470 wird, so muß man einen auf 80 bis 100 rechnen. Der
560 2450 1419 2508 große Boerhave hat zuerst eine heilsame Würkung des
567 2487 1198 2550 Quecksilbers bey den Blattern vermuthet.
627 2506 1425 2582 Von Kindern, welche die natürlichen Blattern be=
560 2554 1068 2619 kommen, sterben 8 von hundert.
610 2578 1425 2651 Von 300 Kindern, denen die Blattern eingepropft
567 2640 952 2703 worden, stirbt zur eins.
627 2651 1421 2718 Man hat beobachtet, daß in dem Blatternhospital zu
564 2694 2297 2798 konden von zuz eingepropften Kindern nur zehen geston, kommenen Kraften seines Geistes; ja er gieng an diesem
1438 614 2292 690 ben sind: dahingegen von 6456, welche die natürliche
1427 677 2292 753 Blattern zu eben dieser Zeit hatten, 1634 Kinder das Le=
1434 722 1767 776 ben eingebüßt haben.
1475 731 2301 802 Nach einer Berechnung, die in Engelland gemacht
1436 783 2299 843 worden, haben sich unter 100,000 Menschen, die gestor=
1434 830 1728 895 ben sind, befunden
1706 839 2009 930 7 von 100 Jahren
1700 910 1786 962 5
1702 947 1788 1001 5
1704 988 1786 1032 4
1695 1012 1788 1064 2:
1702 1049 1871 1109 4 105
1698 1086 1873 1140 2 : 106
1706 1120 1860 1163 1 107
1516 1133 2150 1224 Unter einer Million Verstorbener waren
1704 1196 2005 1256 7 von 108 Jahren
1752 1235 1864 1289 105
1711 1280 1799 1326 4
1700 1304 1873 1365 3 1I1
1711 1354 1799 1401 3.
1711 1371 1884 1438 3  116
1713 1416 1879 1462 1= 118
1488 1421 2299 1507 Nach diesem Verhältniß befindt sich unter 3125 Tod=
1438 1462 2020 1544 ten nur eine Person von 100 Jahren.
1501 1505 2301 1574 In den Brandenburgischen Landen ist eine Berech¬
1445 1557 2299 1607 nung der Verstorbenen innerhalb 6 Jahren gemacht wor=
1445 1589 2297 1646 den. Jhre Anzahl belief sich auf 351, 998. Unter denselben
1438 1628 2297 1685 war eine Person von 114, eine von 115, eine von 120 und
1499 1678 2299 1771 Es hat Menschen gegeben, welche ein ganz außeror¬
1440 1745 1920 1797 dentliches Alter erreicht haben.
1492 1754 2297 1821 Johann Nowin von Szatlowacaransbetscher, aus dem
1445 1799 2297 1860 Temeswarer Bannat, lebte mit seinem Weibe Sara
1438 1851 2297 1903 Desson 147 Jahre in der Ehe, und starb im 172ten Jahre.
1445 1888 2299 1959 Seine Frau wurde 164 Jahre alt. Bey seinem Tode war
1442 1927 1948 1992 sein jüngster Sohn 90 Jahre alt.
1499 1942 2299 2005 Peter Zorten, ein Bauer von Keveresch aus dem Te=
627 1990 2301 2067 Unter 115 Todten rechnet man nur eine Frau, die in meswarer Bannat, starb den 5ten Jenner 1724 in seinem
1438 2033 2301 2082 185sten Jahre. Sein jüngst. Sohn hatte dazumal 97 Jahre.
1490 2067 2301 2121 Jm Jahre 1670 starb zu Ellerton, in der Grafschaft
1445 2113 2297 2162 Yorkshire, ein Einwohner, Namens Johann Jenkins,
1442 2145 1732 2197 im 169sten Jahre.
1488 2152 2297 2227 Thomas Parre, ein Bauer von Shrophshire, starb in
1449 2217 2301 2260 Londen, wohin ihn Karl der 1. König in Engelland, hatte
560 2255 2299 2316 denjenigen zu bedienen, denen man die Blattern ein= kommen lassen, in einem Alter von 152 Jahren und 9
1445 2290 2297 2342 Monaten. In seinem 120 Jahre hatte er sich wieder
1445 2327 2217 2392 verheurathet, und lebte nach diesem noch 32 Jahre.
1505 2353 2297 2433 Jmn Jahre 1648 starb zu Minshual Thomas Damin
1445 2392 1726 2457 im 155sten Jahre.
1516 2424 2299 2502 Johann Effingham starb den 6 Febr. 1757 in einem
1449 2472 1793 2543 Alter von 144 Jahren.
1514 2493 2301 2560 In dem vergangenen Jahre lebte noch zu Helbret in
1451 2541 2299 2599 Jütland der alte Normann, Christian Jakobs Dracken=
1451 2584 2299 2630 berg, in einem Alter von 145 Jahren. Er wurde 1626 ge¬
1445 2627 2303 2673 bohren nach dem Verzeichniß des Kirchenregisters. Den
1445 2658 2297 2710 6 Nov. 1767. begieng er noch seinen Geburtstag bey voll=
2206 2731 2297 2794 Tags
