2799 3213
971 534 1223 606 Wirbelbeine.
718 575 1523 640 An dem Halse sind sieben Wirbelbeine. Es giebt
671 635 1529 687 jedoch Menschen, welche achte haben, und bey andern
668 671 1533 718 finden sich nur sechse. Wo an dem Halse acht Wirbel¬
668 709 1525 754 beine sind, da hat der Rücken nur eilf an statt zwöf, und
665 743 1526 800 eilf zu jeder Seite. Jn diesem Falle vermindert die
665 780 1526 827 Länge des Halses die Hohlung der Brust, welches macht,
668 819 1525 870 daß das Blut durch die Lunge mühsamer sich bewegt,
665 853 1526 915 und daher von einigen als eine Gelegeuheit zur Auszeh¬
665 901 1013 953 rung angesehen wird.
738 910 1526 974 Man giebt vor, daß diejenigen welche nur sechs Wir¬
678 954 1518 1011 belbeine an dem Halse haben, dem Schlag mehr unter
678 998 1523 1049 worfen sind, als andere Menschen, weil nach der Maße
674 1034 1521 1083 nach welcher sich der Hals in der Länge vermindert, die
674 1070 1528 1124 Weite der Brust sich vergrößert, und folglich auch die
674 1108 1528 1158 Lunge, welches verursachen kan, daß sich viel leichter
681 1148 1538 1218 Stockungen formiren können, welche den Lauf deß Geblüts
671 1187 1121 1254 an dem Kopse unterbrechen.
736 1199 1534 1262 Gewöhnlicher Weise hat der Mensch zwölf Ribben:
681 1249 1529 1301 aber gleich wie man 13 Wirbelbeine an dem Rücken fin¬
678 1288 1533 1342 der, so findet man auch 13 Ribben. Zuweilen findet man
681 1323 1542 1404 nur 11 auf einer Seite, und 12 auf der andern. Man
681 1370 1116 1433 nennt die letzten Adamiten.
1011 1406 1210 1494 Muskeln.
739 1448 1538 1534 Der einfachen Muskeln sind 446. Es sind 4 Paar
674 1521 1539 1570 Nerven, davon 10 aus dem Gehirnmark, und 30 aus
681 1549 1539 1604 dem Rückgradmark entspringen. Die Anzahl der Drüsen
676 1595 1083 1660 scheint unzählich zu seyn.
1065 1635 1171 1717 Zgrd
738 1674 1541 1757 Das Herz zieht sich in einer Stunde 4000 mat zu¬
686 1748 1536 1800 sammen. Einige schätzen die Masse des Geblüts auf
686 1787 1544 1860 15, andere auf 25 Pfunde. Sie geht alle Stunden 18
678 1829 1241 1896 mal durch das Herz des Menschen.
1060 1873 1178 1956 Puls.
743 1920 1536 1987 Der Puls einer erwachsenen Person, die gesund ist,
689 1977 1536 2038 schlägt in einer Minute nicht unter 80 noch über 90 mal.
686 2013 1539 2067 Gemeiniglich hat er 84 Pulsschläge. Bey Kindern
692 2051 1542 2101 schlagt er bis 115 mal. Der Puls alter Leute schlägt
689 2091 1542 2130 nicht über 70 mal. Die Geschwindigkeit des Blutes ist
692 2137 1998 2200 so groß, daß es in einer Minute wenigstens 125 Fuß gr. 8. Bern 771. 12 gr.
692 2169 875 2235 durchlauft.
862 2205 1383 2274 Unmerkliche Ausdünstung.
749 2261 1544 2334 Nach Dr. Keil belaufen sich die Ausdünstungen eines
686 2301 1539 2371 Menschen in Engel. auf 39 Unzen innerhalb 24 Stunden.
757 2349 1546 2402 Sanctorius giebt an, daß von einem Pfunde Speisen
692 2375 1547 2440 welche ein Mensch zu sich nimmt, 5,8. durch die unmerk¬
695 2424 1544 2482 liche Ausdünstung, und 3,8. durch die andern Wege weg¬
687 2469 803 2538 gehen.
757 2539 1538 2617 In den wöchentlichen Königsbergischen Nach
695 2608 1544 2665 richten des vergangnen Jahres 1770. findet man
689 2639 1539 2702 N. 43. ein Verzeichniß derer Officiers des Regi
697 2684 1546 2767 ments von Anhalt, so von 40. 1700. die Ehre
1546 508 2409 619 gehabt gegen den Feind für ihren König das Leben
1797 573 2155 650 zu verlieren, u. s. f.
1603 616 2415 681 So edel und heldenmäßig bey der Nachwelt die Ab¬
1555 669 2407 728 sicht erscheinen wird, welche man bey der Errichtung
1557 710 2406 764 dieses militärischen Mausolåi gehabt: so sehr
1555 744 2415 803 stimmt sie gleichfals mit den Gesinnungen des Alter¬
1559 780 2411 836 thums. Um dies zu bestätigen, können wir nicht um=
1560 818 2415 870 hin, jener Ehrentafel folgende Stelle aus des großen
1560 857 2407 912 Perikles Rede bey Gelegenheit der erschlagnen Athe¬
1555 891 2409 948 nienser, als die Lacädemonier unter Anführung des
1559 924 2414 994 Archidamus in Attica eingedrungen waren, hinzuzufüͤgen.
1559 982 2406 1042 Auszug des Thueydides 1 Th. S. 174. nach der
1674 1044 2388 1091 franz. Uebersetzung des Ablancourt.
1616 1081 2414 1160 "Da sie ihren Leib dem gemeinen Wesen opferten,
1559 1127 2414 1205 „so haben sie sich einen ewigen Ruhm erworden, und ein
1577 1168 2411 1220 prächtiges Denkmal errichtet; nicht so sehr hier, wo
1585 1199 2411 1269 ihre Gebeine ruhen, als in dem Andenken der Men¬
1575 1239 2411 1292 schen, die nicht aufhören werden, ihre unsterbliche
1567 1279 2417 1336 Thaten jedesmal zu preisen, so oft sich Gelegenheiten
1577 1314 2411 1373 zeigen werden, ihnen nachzuahmen, oder davon zu reden.
1617 1353 2412 1407 Und da wir jetzt auch von Kriegsleuten sprechen; so
1560 1396 2412 1458 mögen diese Gedanken aus einem Paar berühmter
1555 1432 2117 1492 Schriftsteller für sie hingesetzt seyn.
1621 1446 2411 1518 Valerius Maximus 1. 7. K. 2. schreibt: "die
1572 1492 2419 1547 "mächtigsten Reiche feuren sich zur Tugend an bey Be=
1573 1536 2411 1583 "wegungen, und eine zu große Muße stürzt sie in die
1577 1572 2417 1622 Weichlichkeit. Jn der That, der Krieg, deßen Na¬
1570 1611 2411 1653 "men schon Grauen erweckt, hat die Reinigkeit unsrer
1577 1643 2414 1691 "Sitten erhalten, und der Frieden, deßen bloßen Na=
1567 1681 2414 1746 "men zu hören Vergnügen gebiert, hat unstre Stadt mit
1573 1728 1938 1783 Lastern überschwemmt.
1630 1741 2411 1816 Tacitus Hist. 1. 4.: "Es ist nicht möglich eine
1573 1788 2419 1842 "Nation im Frieden zu erhalten ohne Hülfe der Armeen,
1567 1836 2414 1888 noch Armeen ohne Geld zu unterhalten, noch Geld zu
1570 1868 2417 1928 Pfinden, als vermitteist des Schoßes und der Auflagen.
1560 1943 2420 2047 Folgende neue Bücher sind bey den Verleger die¬
1797 2000 2189 2086 ser Zeitung zu haben.
1570 2062 2417 2130 Hallers Abhandlung über die Futterkräuter der Neuern,
2029 2111 2420 2165 Hassenkamps Sendschrei¬
1567 2152 2424 2213 ben an Herrn Professor Bohn die Stelle 1 Sam. 6, 19.
1573 2184 2425 2246 betreffend, gr. 8. Rint. 771. 10 gr. Möhsens, Ver=
1573 2218 2419 2288 zeichniß einer Sammlung von Bildnißen größtentheils
1567 2259 2432 2319 berühmter Aerzte, mit Nachrichten und Anmerkungen;
1578 2295 2417 2367 sowohl zur Geschichte der Arzneigelahrtheit, als vor¬
1572 2327 2419 2402 nehmlich der Künste, mit Vignetten, 4 Berl. 9 fl.
1577 2373 2425 2440 Fortgesetzte neue genealogisch=historische Nachrichten der
1577 2412 2428 2472 99=107 Theil, 8. Leipz. 770, 2 fl. 21 gr. Die neue
1577 2451 2427 2512 Clariße eine wahrhafte Geschichte von de Beaumont,
2018 2484 2424 2528 Geschichte des Grafen von
1567 2495 1987 2564 2 Theile 12, 2 fl. 15 gr.
1871 2513 2428 2567 Sammlung neuer Reisebeschreibun¬
1577 2529 1844 2595 P... 12, 1 fl.
1573 2552 2424 2622 gen, aus dem englischen, und mit Anmerkungen von
1573 2586 2432 2656 Köhler, 2 Theile, 3 fl. Vogels Leben und Sterben
1567 2634 2433 2689 der Heiligen GOttes auf alle Tage der zwölf Monaten
1570 2673 2257 2748 des Jahrs, 2 Theile, gr. 4. Hamb. 770, 12 fl.
