2799 3213
725 551 2072 612 betrafen. Ungeachtet der Hof noch nichts von dem Jn= Unterhalte nur 300 Pfund.
723 599 1580 653 halt derselben bekannt machen lassen, so weiß man doch
731 644 1580 694 zuverläßig, daß wir mit Spanien Friede behalten.
729 723 1580 773 Rocheford am 22ten dieser an den Lordmaire dieser
725 768 1580 820 Stadt geschriegen, bezeugt dieses deutlich. Derselbe
723 888 1580 944 um 2 Uhr der Spanische Ambassadeur eine Erklährung
723 935 1578 983 wegen der Expedition auf den Inseln Falkland, eigent
723 976 1580 1031 lich von Egmont, unterschrieben habe, welche der Kö¬
731 1061 1580 1109 zwischen unserm und dem Spanischen Hofe fortdanern
729 1144 1580 1194 sen, unter welchen dieser Vergleich zu Stande gekom=
723 1430 1573 1484 sie künftig den Insulten andrer Seemachte weniger
725 1682 2281 1751 gen, indem er den z0sten Sept. 1710 geboren war. tigkeiten ferner keine Folgen haben würden.
716 1716 1571 1764 Ausser den liegenden Gründen, die der Verstorbene
714 1756 1565 1808 besaß, und welche ihm jährlich ungefähr 45000 Pf
716 1792 1571 1844 Sterl. einbrachten, hatte er 700000 Pf. Sterl. in
710 1886 1567 1931 ler anwenden können, als er that. Bey theuren Zei¬
718 1920 1562 1973 ten unterstützte er allezeit eine Menge Elender, die sonsi
710 2012 1556 2057 nes Lebens, ließ er jährlich ordentlicher Weise tausen
718 2046 1558 2101 Pfund unter die Armen austheilen. Der Erbe der
716 2090 1552 2137 Titel und Güter des verstorbenen Herzogs von Bed
716 2129 1560 2179 ford ist dessen Enkel, der bisherige Maxquis Francis¬
707 2181 1554 2229 cus von Tavistock. Der ansehnlichen Vermächtniss
701 2216 1562 2272 ungeachtet, die der Abgelebte in seinem Testamente ver¬
710 2259 1558 2311 ordnet hat, wird doch der junge Herzog, wann er zu
710 2298 1558 2348 seiner Majorennität, oder zu seinem 18ten Jahre, ge¬
703 2344 1552 2394 langet ist, noch ein jährliches Einkommen von 70000
701 2385 1558 2439 Pf. Sterl. haben. Bis dahin genießt er, nach dem
707 2509 1552 2552 fin Gover, seiner Großmutter, welche, so lange sie
699 2548 1556 2600 lebt, jährlich 8000 Pfund, und über dieses alle Klei¬
701 2595 1556 2639 nodien, goldene und silberne Geräthe, Gemahlde rc.
701 2630 1547 2678 empfängt. Die zween Brüder des jungen Her
699 2676 1547 2752 zogs bekommen, wann sie majorenn sind, jeder
720 484 2463 595 renzen bey Hofe gehalten worden, welche diese Sache 50000 Pfund, bis dahin aber jeder zum jährlichen
1736 582 2320 658 Coppenhagen, vom 26. Jan.
1643 621 2461 703 Zur Erleichterung der armen Einwohner hiesiger
731 688 2461 744 Ein Briefe, welchen der Staatssekretair Graf von Hauptstadt, müssen, auf allerhöchsten Befehl, aus
1604 731 2461 786 dem Königl. Rocken=Magazin auf Christianshaven,
1601 773 2454 829 vorgängig 2000 Tonnen Rocken, gegen 3 Reichs¬
723 801 2456 866 lautet so: "Mylord, ich ergreife die erste Gelegen= thaler die Tonne, ausgeliefert werden, und soll da¬
723 851 2456 918 heit, Ew. Herrlichkeit zu benachrichtigen, daß heute mit am Königl. Geburtstage, den 29sten dieses,
1601 898 2081 959 der Anfang gemacht werden.
1762 940 2302 987 Rotterdam, vom 26. Jan.
1638 953 2461 1033 Folgender Brief aus Paris vom 18ten dieses hat
725 1022 2452 1076 nig ebenfals genehmiget, so daß das gute Vernehinen das Gerücht von der Dauer des Friedens allgemein
1604 1065 2454 1120 gemacht: Es ist kein Zweifel mehr, daß der Friede
725 1109 2452 1163 wird." Man will auch bereits die Bedingungen wis= zwischen England und Spanien fortdauern werde.
1604 1150 2459 1196 Man sagt, daß unser Monarch sogleich nach der Ver¬
731 1189 2454 1241 men. Spanien giebt nemlich die Falklandischen In= weisung des Herzogs von Choiseul, an den König von
733 1226 2448 1287 seln an England zurück, und bezahlt 500000 Pf. St. Spanien geschrieben habe, daß man, um Frieden zu
729 1272 2454 1330 für die Manillischen Ranzionsgelder und übrigen An= behalten, jetzt etwas aufopfern müsse, und daß er von
731 1313 2454 1367 førderungen rc. Dem ungeachtet dauern unsre Ru= der Freundschaft Sr. Katholischen Majestät erwarte,
731 1354 2454 1408 stungen zur See nach fort, vermuthlich um unsre See= daß sie alles bewilligen würden, was zur Aufrechthal¬
718 1397 2448 1450 macht auf einem repectablen Fusse zu erhalten, damit tung des Friedens mit England nöthig wäre. Der
1597 1437 2452 1486 Courier, welcher nunmehro von Madrid zurückgekom¬
718 1480 2448 1532 ausgesetzt sey. Den 14ten haben wir einen Herrn men, hat eine genugthuende Antwort mitgebracht.
723 1523 2452 1571 verloren, der in allem Betrachte bedauert zu werden Der König hat selbst öffentlich gesagt, daß man end¬
714 1547 2450 1617 verdienet. Es verstarb selbigen Tages Hr. John Rus= lich Frieden beschlossen habe, und obgleich die letzte
723 1597 2448 1649 sel, Herzog von Bedford, Marquis von Tavistock rc. Antwort von England noch nicht zurück wäre, so könn¬
718 1647 2448 1706 in einem Alter von 60 Jahren, 3 Monaten und 15 Ta= te man doch vollkommen sicher seyn, daß diese Strei=
1851 1723 2170 1797 Einpaßirte Fremde,
1762 1762 2270 1834 vom 2ten bis 8ten Februar.
1628 1803 2450 1875 Der Herr von Klinckhowström, Capitain, kommt
714 1836 2443 1907 unsern Stocks. Nie hatte jemand so grosse Güter ed= von Bartenstein, log. bey Felgenhäuerin auf den Roß¬
1582 1903 2448 1955 garten. Herr von Finkenstein, Legationsrath, kommt
1588 1944 2437 1994 von Scheneberg, log. bey Nikolowitz in der Altstadt.
714 1973 2439 2038 umgekommen waren. In den letzten 10 Jahren sei= Herr Ollias, Rußischkaiserl. Cabinetscourier, kommt
1588 2031 2437 2077 von Petersburg; Herr Sulzer, Kaufmann aus
1582 2070 2439 2118 Engelland, kommt von Riga, log. bey Seyfrieds im
1575 2109 2441 2157 Kneiphof. Herr von Davisson, Kriegsrath, kommt
1580 2157 2435 2200 von Danzig, log. bey Remus im Kneiphof. Der
1582 2196 2437 2244 Herr Generalmajor von Pomeiske, kommt von Rie¬
1584 2237 2443 2292 senburg, log. bey der Frau Kammerdirectorin von
1575 2274 2433 2331 Wegnerin. Herr Robert Cumin, kommt von Danzig,
1575 2318 2433 2372 Herr Develle, Hosmahler, kommt von Paris, ge¬
1580 2361 2437 2417 het nach Petersburg, log. bey Schenk in der Junker¬
1580 2400 2435 2454 gasse. Herr Jacobi, Regimentsquartiermeister, kommt
707 2417 2437 2496 Testamente, jährlich 600 Pfund, unter der Mit= von Mohrungen; Herr Beolhier und Herr Cheneviere,
705 2461 2430 2548 Aufsicht der verwitweten Herzogin einer gebornen Grä= Kaufleute, kommt von Petersburg, log. bey Remus
1578 2530 2435 2578 im Kneiphof. Herr Gerz, Stallmeister, kommt von
1575 2571 2433 2624 Engelland, log. bey Felgenhauerin auf den Roßgarten.
1573 2608 2433 2660 Herr Schröder und Herr Schindler, Kaufleute, kom¬
1571 2654 2437 2728 men von Petersburg, log. bey Lehmann in der Vor¬
1573 2697 1673 2762 stadt.
