2799 3213
638 416 980 501 Jm Jahr 1749 belief
579 449 1361 560 sichdas gemünzte Geld auf 30 Milion. Pf. St.
625 527 1076 586 die beweglichen Güͤter 600
623 553 982 625 die liegenden Gründe
989 608 1320 695 1000 Mill. Pf. St.
841 671 1189 738 Von dem Wasser.
636 697 1446 782 Die Oberfläche des Meers, welches das feste Land
584 729 1450 817 uberall umgiebt, betraͤgt 6,192,000 deutsche Quadratmei=
586 786 1413 856 len. Seine Tiefe ist nirgends über eine deutsche Meile.
625 830 1452 888 Das Meerwasser enthält nebst dem Salze noch ein
590 849 1442 921 harzigtes Wesen, welches denjenigen, die es haben trink¬
586 899 1437 984 bar machen wollen, lange Zeit unbekannt gewesen, und
586 936 1296 995 das bis hieher ihre Bemühungen vereitelt hat.
653 976 1448 1036 Zwey und dreyßig Pfunde Meerwasser geben ein
588 997 1433 1067 Pfund Salz. Dieses macht das Meerwasser so schwehr
586 1043 1442 1117 daß es sich zu dem gemeinen Wasser wie 73 zu 70 verhält.
640 1089 1442 1143 Das Meer ist nicht allenthalben gleich salzig. Jn
579 1121 1446 1178 der Mitte ist es mehr gesalzen als auf der Oberfläche.
581 1154 1442 1213 Dieses nimmt zu, jemehr man sich der Linie nähert.
581 1193 1442 1256 Um Schottland herum ist es weniger, gegen Portugal
581 1230 1442 1291 zu ist es mehr gesalzen. Gegen die Kanarischen Inseln
581 1276 1437 1322 nimmt es noch mehr zu. Wenn man sich hingegen dem
577 1337 1433 1420 Vorgebürge der guten Hofnung ist es ungemein wenigen
577 1376 1028 1426 gesalzen, als unter der Linie.
640 1402 1433 1474 Diejenigen, die keinen Begriff von dem Geschmacke
581 1492 1442 1544 wenn sie 6 Unzen Meersalz und 48 Graue von dem
568 1518 1428 1585 Wasser, das bey der Distillation der Steinkohlen überge=
577 1561 1428 1611 het, unter 23 Unzen gemeines Wasser mischen. Dieses
577 1598 1428 1646 Wasser hat vollkommen den Geschmack des Meerwassers.
575 1657 1435 1725 Meers jährlich so viel ausdünstet, daß es eine Fläche von
564 1714 1431 1770 60 Zollen in der Dicke machen würde. Halley hat ge¬
568 1735 1422 1807 funden, daß die Summe der Ausdünstungen, welche in
571 1788 1431 1838 einem einzigen Tage aus dem Mittelländischen Meere
573 1823 1424 1877 aufsteigen, 5280 Millionen Tonnen betrage. Alle große
571 1853 2010 1923 Flüße, die sich in das Meer ergießen, können diesen Ab= Mann weniger auf jegliche Kanone.
568 1901 1424 1951 gang nicht ersetzen. Denn das, was sie täglich an Was=
564 1968 2099 2034 Tonnen. Aber diese Ausdünstung wird reichlich durch auf 14,197 Pf. Sterl. ohne die Equipage.
562 1995 1422 2066 den Regen ersetzt, welcher in unsern Gegenden 40 bis 44
553 2219 1409 2278 Ueber die verschiedenen Arten von Fischen ernährt es noch
557 2262 1418 2321 vierfüßige und geflügelte Thiere, Insekten, Muscheln,
547 2289 1409 2356 Schnecken, und absonderlich gewisse Mittelgeschöpfe,
547 2330 1407 2393 welche halb Pflanzen und halb Thiere sind, und die den
542 2365 1903 2428 Namen der Polypen führen. Man trifft auch nicht we= Schiffsbreite 25 Fuß übertrift.
542 2410 1400 2458 niger das Pflanzenreich bis auf die Bäume in demselben an
555 2441 1402 2500 Wenn man den Erzehlungen der Seefahrer Glauben
542 2476 1413 2552 beymessen darf, so haben sie so gar Meermänner mit
540 2515 1028 2574 Weibern und Kindern gesehen.
597 2545 1398 2611 Man hat an verschiedenen Orten wahrgenommen,
533 2574 1398 2641 daß die Grenzen des Meers enger werden. Jn Schwe=
531 2633 1398 2687 den sindt man Städte und Dörfer, die in den vorigen
525 2672 1391 2731 Zeiten an dem Ufer des Meers gestanden, und heurzutag
1468 442 2339 527 sich weit davon entfernt befinden. Die Spitzen verschie=
1463 514 2339 566 dener Felsen, die sonst unter dem Wasser waren, ragen
1470 544 2341 614 über dasselbe hervor. An andern Orten, welche vor 40
1470 579 2350 638 bis 60 Jahren Meerbusen und Seehafen waren, sieht
1465 625 2347 679 man Felder und Wiesen. Nach einer Berechnung, welche
1474 666 2341 710 aus verschiedenen Beobachtungen gezogen worden, er=
1465 703 2339 760 giebt sich, daß die Ostsee alle Jahre um einen halben Zoll,
1470 732 2341 817 und um 45 Zolle in einer Zeit von 100 Jahren abnimmt.
1722 773 2071 856 Schiffrechenkunst.
1520 836 2330 930 Wenn man die Schiffahrt der Europäer in 22 Theile
1472 860 1779 945 theilt, so hat davon
1544 919 1792 969 Großbritannien
2188 921 2339 1002 9 Theile
1544 936 1988 1010 Die vereinigten Niederlande
1546 999 1979 1041 Die Nordischen Königreiche
1533 1023 2069 1097 Die Handelsstädte in Deutschland
1596 1080 2051 1141 und die Oesterreichischen Nie=
1592 1106 1738 1167 derlande
1537 1115 1707 1189 Frankreich
1533 1152 1914 1228 Spanien und Portugal
1542 1206 2021 1280 Jtalien und das übrige Europa
1526 1239 2321 1313 Im Jahre 1660 schätzte man die sämtliche Kauf¬
1463 1289 2326 1348 mannsschiffe von Engelland auf 500, 000 Tonnen. Jm
586 1307 2321 1383 Südpol nähert, so nimmt es wieder ab, und bey dem Jahre 1688 auf 800,000 u. im Jahre 1749. auf 1,600,000.
1457 1363 2321 1433 Es hat sich also die Schiffahrt in Engelland in Zeit von
1461 1387 1801 1444 61 Jahren verdoppelt.
1513 1420 2321 1500 Die Kriegsschiffe werden in sechs verschiedene Größen
575 1435 2323 1531 des Meerwassers haben, können sich denselben verschaffen, abgetheilt, und führen von 16 bis 100 Kanonen. Sie
1463 1502 2308 1568 sind nach Verhältniß der Anzahl der Kanonen bemann.
1463 1542 2315 1598 In Frankreich rechnet man auf eine 4pfündige Kanon=
1461 1583 2313 1637 3 Personen, einen Kanonier, einen Matrosen und einen
1457 1616 2308 1677 Soldaten; auf eine Kanone von 6 Pfunden 5; sieben
634 1637 2315 1712 Man rechnet, daß von der ganzen Oberfläche des auf eine von acht; neun auf eine von 12 Pfunden; 11 auf
1457 1683 2317 1744 eine 18 pfündige; 13 auf eine 24 pfündige, und 15 auf eine
1452 1720 2308 1786 36 pfündige. Ein Schiff also von 60 Kanonen, welches
1450 1766 2308 1816 gemeiniglich sechs und zwanzig 18 pfündige, 26 zwölspfün=
1448 1801 2313 1860 dige und 8 sechspfündige Kanonen führt, erfordert 560
1448 1836 2308 1918 Menschen. Die Engellander und Holländer rechnen einen
1507 1912 2323 1973 Jn Engelland kostet ein Kriegsschlff von 100 Kans¬
564 1929 2308 2012 ser zuführen, beläuft sich höchstens auf 1827 Millionen nen 30,553 Pf. Sterl. und eins von 60 Kanonen kommt
1505 2023 2310 2086 Ein Schiff vom ersten Range hat 163 Fuß in die
564 2036 2302 2117 Zolle und unter dem heissen Erdgürtel, wo es einige Linge, 44 in die Breite und 20.1,3 in die Tiefe. Zu dem
564 2080 2299 2145 Monate hindurch beständig regnet, bis 80 Zolle beträgt. größten Seegel werden nicht weniger als 363 und zu
612 2119 2299 2197 Das Meer ist der Aufenthalt von einer unendlichen allen Seegeln zusammen 1404 Französische Ellen Tuch
553 2121 2302 2232 Anzahl Geschöpfen, welche denjenigen, die sich auf dem erfordert. Das größte Schiffseit ist 600 Fuß laag, hat
557 2186 2299 2256 festen Lande befinden, weniger oder mehr ähnlich sind. 20 Zoll im Umfang, und wiegt 7772 Pfund. Der Anker
1446 2236 2304 2291 hat 18 Fuß und 5832 Pfunde. Das Verhältniß des großen
1439 2275 2306 2334 Mastes gegen das Schiff ist dreymal die Breite des
1439 2313 2302 2367 Schiffes, wenn diese von 25 Fuß ist: wofern sie aber dar=
1433 2343 2299 2424 über ist, so werden so viele Fuß hinzugethan, als die
1487 2408 2299 2506 Ein wohlgebautes Schiff kan 40 bis 50 Jahre ge
1428 2437 1681 2508 braucht werden.
1479 2469 2289 2552 Die Portion für einen Matrosen und einen Solda=
1426 2532 2295 2591 ten ist in Frankreich von 18 Unzen Zwyback und drey
1431 2567 2291 2620 Viertelmaaß Wein mit eben so viel Wasser. Sie bekom.
1422 2611 2291 2657 men wöchentlich vier Mahlzeiten von Fleisch, drey von
1420 2639 2291 2718 Fischen und sieben von Zugemüse. Man rechnet ein halb
1418 2678 1890 2750 Pfund Fleisch auf den Maun.
