2679 3213
1350 1371 1835 1464 den 18. Februar 1771.
875 1384 1330 1477 14tes Stück. Montag
849 1467 979 1547 Bern.
520 1514 1337 1614 J. A. E. Ludwigs Abhandlung von den Erdäpfeln.
481 1828 2207 1913 wurfen und möglichen Fragen dabey abgeholfen zu seyn als mit dreymal so viel Kartoffeln gekommen wären,
492 1932 1345 1997 zu Mehlichte, und Feste in der Frucht bey häufigem
483 1958 2205 2034 Genuß und weniger Bewegung dem menschlichen Kör= re Nutzung geben, und also auch von anderer Beschaf
490 1993 2203 2080 per viel schade, besonders Stockungen und zähe Säfte fenheit, als die in Deutschland und hier in Preußen
485 2058 1339 2129 verursache? Hiezu möchte die Untersuchung eines Arz¬
483 2099 1341 2171 tes besonders in Vergleichung einiger Krankheiten un=
483 2177 1532 2249 möchten wir fragen: ob nicht besser und einleuchtender 1 fl. 9 gr.
485 2229 1343 2294 gezeigt werden könne, daß der Nutzen der Erdäpfel,
481 2259 1343 2337 wenn sie auf Feldern gesäet werden, die Kosten, der
492 2307 1347 2374 Düngung und den verlornen Ertrag der Felder durch
490 2359 1352 2409 andre Saat, hinlänglich ersetze? Wir zweiseln daran.
490 2392 1347 2452 Unser V. handelt besonders vom Namen, Alter, Fort¬
490 2435 1343 2489 pflanzung, Beschaffenheit, Gattungen, der Zeit des
490 2476 1341 2530 Verpflanzens, der Zubereitung des Feldes, und haupt
496 2519 1352 2578 sächlich vom Nutzen der Kartoffeln zum Brodt, zur
477 2545 2220 2617 Nahrung, zum Getränke. Er giebt güte Anleitung ben haben, sehen besonders darauf, daß sie die Unrecht¬
492 2621 2218 2708 zum Brodte zu brauchen, jedoch mit der Vor= thut wohl, daß er diesen Punkt ubergeht, und bloß
496 2656 2210 2788 sichtigkeit, wie im Sächsischen, da erst der Erdäpfel, historisch und philosophisch die innern Quellen und
1350 1447 2216 1525 muß gekocht, alsdenn mit Sauerteig vermengt, und
1360 1497 2212 1571 zu ein Dresdner Viertel Erdäpfel eine Mezze Mehl
1358 1542 2218 1610 genommen wird. Er lehrt ferner, sie vor dem Frost
522 1590 2214 1666 Wir haben in dieser Schrift von den sogenannten bewahren, und unter dem vielfältigen Nutzen preiset
474 1625 2218 1698 Kartoffeln so viel aus geprüfter und gesammleter Er= er auch einen bey der Ruhr an. Den Nutzen bey der
483 1668 2218 1739 fahrung, nutzbares und praktisches gefunden, daß wir Mastung der Pferde und Kühe rühmt er zwar auch;
483 1716 2218 1787 sie allen ökonomischen Lesern empfehlen; und wir be= wir haben ihn aber bisher nicht einmal bey dem Mast¬
485 1744 2212 1828 haupten zuverläßig, daß kaum ein mehreres davon ge= vieh und den Schweinen so ausgebreitet gefunden, daß
483 1789 2216 1872 sagt werden könne, außer daß wir noch gewissen Ein= wir nicht bey einem Drittheil Getreidemastung weiter
483 1869 2212 1952 wünschten, z. E. wir möchten fragen: ob nicht das gar Eins wünschten wir noch, daß, da wir augenscheinlich
1365 1924 2220 1984 sehen, wie die irrländischen Kartoffeln eine viel weite¬
1365 2049 2210 2103 seyn müssen, man einmal bey uns die Probe machte,
1360 2080 2216 2145 irrländschen Saamen kommen ließe, und ihn bey uns
487 2114 2212 2203 ter dem gemeinen Mann, viel beytragen. Sodann versuchte. Kostet in der Kanterschen Buchhandlung
1668 2311 1900 2407 Frankfurt.
1406 2376 2212 2459 Geschichte des Ursprungs und Wachsthums des
1360 2446 1973 2515 Pabstthums, bis auf die Reformation.
1406 2478 2216 2556 Einige Schriftsteller, die über diese Materie geschrie¬
496 2580 2220 2664 für den Landmann, es in diesen Korntheuren Zeiten mäßigkeit der päbstlichen Macht zeigten. Unser V.
2114 2699 2223 2760 Trieb¬
