2679 3213
1061 459 1704 559 Beylage zum 19ten Stück,
550 556 2209 685 der Königsbergschen gelehrten und politischen Zeitung, 1771.
550 759 1330 863 Fortsetzung der im 17ten St. abgebrochenen
806 817 1102 898 Beylage.
656 883 1239 978 Das Türkische Frauenzimmer.
570 950 1376 1017 Sie verlangen, daß ich sie von den türkischen Damen
522 965 2261 1061 von ihrer Lebensart, von ihren Belustigungen, von ihrer Beinkleider sind, ist genau nach dem Leibe gemacht und
522 1033 1383 1089 Kleidung, von der Art, wie sie von ihren Männern be=
522 1043 2263 1133 handelt werden, unterhalten soll. Ich gehorche Ihnen hängende Ermel. Ueber alles dieses kömmt ein Güntel,
520 1078 2263 1165 mit Vergnügen: aber machen sie sich gefaßt, verschie= der wohl vier Finger breit ist. Wer das Vermögen dazu
520 1146 1383 1196 denes in meiner Erzehlung zu finden, daß Ihnen ganz
526 1152 2263 1239 neu, und denjenigen Begriffen gerad entgegengesetzt vor= besetzen: wo nicht, so wird er auf Atlaß so schön und
526 1211 1387 1280 kommen wird, welche Sie sich aus den Reisebeschreibun=
526 1252 1385 1313 gen gemacht haben. Manner können unmöglich zu
526 1291 1385 1348 dieser Art Kenntnisse gelangen. Man muß von unserm
526 1380 961 1433 kischen Häuser zu erhalten.
530 1469 1389 1535 glücklichen Einfluß über das schöne Geschlecht in Kon¬
539 1613 1396 1676 der Nase beschreibt und allein der mahren Schönheit fähig
543 1689 1396 1748 drückende Gesichtsbildungen anzutreffen, die in den
539 1724 1391 1789 Abendländern nur allzugemein sind. Die Farbe der
537 1763 1391 1835 Haut ist von einer blendenden Weiße, welche durch die
535 1782 2272 1869 glanzende Schwärze der Haare und das Feuer der eben Damen hoben die Freiheit, darein zwstecken, was ihnen
550 1946 1400 2011 ständigkeit, weiche dem Reitze einer Schönen so vortheil=
543 1982 1396 2043 haft ist. Mit einem Wort, wenn Apelles wieder in die
546 2019 1404 2089 Welt zurück kame, so würde er keine Mühe haben, in
552 2089 1404 2150 Göttin der Schönheit darnach zu malen. Die Skla=
552 2128 1404 2189 vinnen selber sind reitzende Geschöpfe, und würden überall
554 2165 1406 2245 Schönheiten seyn, nur nicht in den Häusern ihrer Frauen.
550 2248 1400 2319 Reiz eines schönen Weibes vorheithafter seyn könnte,
552 2291 1411 2345 als die türkische. Das erste Stück sind ein paar weite
550 2322 1400 2393 Beinkleider, welche bis auf die Fersen herunter gehen
552 2361 1400 2439 und die Beine mit mehrerer Erbarkeit bedecken, als unser
556 2428 1406 2502 Damast, mit silbern Blumen. Die Schuhe sind von
554 2504 1406 2578 wird ein Hemd von einem schönen weißen Seidenflor
559 2545 1409 2617 gezogen, das an den Enden umher gestickt ist. Dieses
559 2587 1411 2643 Kleidungsstück hat weite Ermel, welche bis auf die Helfte
559 2617 1409 2680 des Arms gehen. Man befestiget es an dem Halse mit
550 2650 1415 2715 einem Diamantknopfe, welches jedoch nicht hindert, daß
552 2695 1406 2785 man die Form und die Farbe der Brust nicht sehr wohl
1398 720 2256 809 durch diesen Flor bemerken könnte. Der Anterey ist eine
1400 783 2254 843 Art Weste, die ganz knap anliegt. Sie ist von weißem
1398 822 2259 883 mit Gold durchwürkten Damast, mit langen zurückfal¬
1398 856 2248 919 lenden und mit goldenen Fränzchen besetzten Ermeln; sie
1406 891 2254 956 wird mit Knöpfen von Diamant oder Perlen zugemacht.
1406 930 2261 996 Der Kaftan, der von eben dem Zeuge ist, wovon die
1406 1004 2265 1067 geht bis auf die Füße. Er hat enge und lang herunter
1406 1115 2269 1174 hat, läßt ihn mit Diamanten oder andern Edelsteinen
1402 1189 2261 1259 prächtig gestickt, als es möglich ist. Wenigstens aber
1402 1226 2272 1300 muß er vorne mit einer Schnalle von Diamanten fest
1413 1263 2272 1330 gemacht werden. Der Kurde ist ein weiter Rock, den
535 1296 2267 1383 Geschlechte seyn, um den Zutritt in das Innere der tür= man zurückwirft, oder in welchen man sich einhüllt,
1413 1343 2272 1400 nachdem die Witterung beschaffen ist. Er ist von einem
591 1374 2276 1454 Eben der Himmel, welcher ehemals die Griechischen reichen Zeuge gefürtert; die Ermel hängen nur sehr we¬
537 1409 2265 1496 Schönheiten bildete, verbreitet noch heutzutage seinen nig über die Achseln her. Der Kopfputz ist eine Mütze,
1409 1456 2269 1511 welche man Talposch nennt. Des Winters ist sie von
535 1480 2274 1569 stantinopel. Alle Gesichter sind hier nach dem griechi= einem schönen mit Diamanten oder Perlen besetzten
537 1524 2272 1609 schen Profil, oder derjenigen fast geraden und nur ganz Sammt: des Sommers ist es ein sehr reicher Zeug von
541 1561 2272 1641 fanft gesenkten Linie gezeichnet, welche die Stirn mit Silber. Diese Mütze, welche an einer Seite des Kopfes
1417 1596 2274 1656 angesteckt ist, wird ein wenig schief gesetzt, und hat am
543 1637 2272 1713 ist. Es ist etwas seltenes, solche leere und nichts aus= Ende einen Zierrat von Golde. Man macht sie entweder
1415 1672 2274 1728 mit einem Ring von Diamanten oder mit einem reich=
1415 1702 2280 1767 gestickten Kopftuche fest. Auf der andern Seite des
1409 1743 2272 1800 Kopfes erscheinen die Haare ganz nachläßig, und die
546 1817 2272 1900 jo schwarzen Augen noch mehr erhöht wird. Ihr äußer= einfallt. Einige bringen Blumen darein, andere eine
537 1852 2276 1932 liches Bezeigen ist sanft, höflich und einnehmend. Jn Reigerfeder: wiewohr die gewöhnlichste Mode ein Strauß
539 1891 2278 1974 ihrer ganzen Person herrscht die verehrungswürdige An= von Edelsteinen ist, welcher die natürlichen Blumen
1422 1926 2276 1985 nachahmt. Es sind Knospen von Perlen, Rosen von
1424 1967 2282 2028 Rubin von verschiedener Schattirung, Schaßmine von
1430 2002 2280 2063 Diamanten, Schonquillen von Topasen. Alles dieses ist
552 2035 2280 2122 Konstantinopel mehr als ein Model zu finden, um die mit so vieler Kunst verfertiget und von einer so vortrefli=
1430 2074 2282 2139 chen Schmelzarbeit, daß man sich nicht leicht etwas schö=
1424 2111 2282 2169 ners vorstellen kan. Die Haare fallen so lang, als Fe
1433 2145 2280 2211 sind, hinten herunter, und machen verschiedene mit Per=
613 2185 2285 2276 Es giebt vielleicht keine Kleidung, welche für den len oder Band durchflochtene Zöpfe. Ich habe niemals
1430 2222 2278 2287 so viel schönes Haar gesehen. Auf dem Kopfe einer ein¬
1430 2261 2280 2322 zigen Dame habe ich einmal hundert und zehen solcher
1424 2302 2059 2367 Zöpfe gezehlt, alle von eigenen Haaren:
1478 2326 2282 2398 Die türkischen Weiber wohnen in Zimmern, die von
556 2369 2280 2463 Röcke. Sie sind gemeiniglich von hellrosenfarben allan übrigen abgesondert sind. Man nennt ihre Woh¬
1433 2406 2285 2472 nungen Haram. Der Name Serail wird nur dem Ha¬
559 2443 2287 2532 weißen Safian und mit Gold gestickt. Ueber dieses ram des Großsultans gegeben. Um sich einen Begrif
1426 2480 2293 2548 davon zu machen, muß man wissen, daß ein jedes türki¬
1433 2522 2285 2580 sches Haus, es mag groß oder klein seyn, in zween
1441 2556 2287 2617 Theile abgetheilt ist, welche durch einen sehr engen
1433 2600 2285 2652 Gang an einander hängen. Bey dem Hauptgebäude
1437 2635 2287 2691 fallt zuerst ein großer Hof und eine offene Galerie in die
1437 2665 2295 2756 Augen, welche rings herum geht und einen sehr schönen
2161 2700 2293 2761 Anblick
