2679 3213
833 1414 1771 1495 4tes Stück. Montag, den 14. Januar 1771.
808 1455 953 1551 Wien.
489 1506 1297 1613 Bibliothek der Oesterreichischen Litteratur, dritter
446 1568 758 1649 und vierter Band.
446 1692 1299 1741 aufrichtig sagen, was wir darinn Gutes finden, und
449 1801 699 1871 Bänden reden.
485 1833 1290 1927 Einmal entdecken wir an den B. daß ihr Geschmae
440 1914 1288 1974 richtig und gründlich, und dies mehr, als bey einigen
442 1965 1297 2008 andern ihrer Landsleute sey, die auch ähnliche Jour.
442 2000 1295 2053 näle schreiben. Sie haben Gefühl des Schönen, ver
457 2034 1292 2091 stehen die Regeln der genauen Kritik, und treffen
442 2081 1290 2141 durch beides geleitet, sehr bald auf die Anstöße der Au
449 2119 1299 2183 toren, die sie beurtheilen. Ihre Sprache hat zwar
442 2155 1292 2222 nicht durchgehends eine ganz correkte Richtigkeit, doch
440 2190 1290 2264 kann man den Fleiß nicht unbemerkt lassen, den si
442 2239 1292 2296 anwenden, um sich ihrer ganz zu bemächtigen. Wi
444 2286 1295 2341 wünschten nur, daß sie sich nicht zu sehr von einer ge¬
442 2322 1292 2380 wissen modischen Wortschöpfung, und der ängstlicher
442 2354 1299 2425 Nachahmung des freyen Tons im Urtheilen, den sie
440 2399 1297 2472 vermuthlich aus einer bekannten Schule deutscher Jour¬
444 2440 1288 2504 nalisten angenommen haben, hinreißen ließen. Mai
440 2489 1295 2557 kann unpartheyisch urtheilen, ohne grob zu werden.
446 2519 1301 2589 Allein in diesen Fehler verfallen die V. oft, und nie¬
440 2570 1290 2647 mand wird es billigen, daß sie ihren Klemm mi
442 2608 1141 2690 einer mehr, als orbilischen Ruthe peitschen.
489 2668 1297 2739 Sodann müssen wir anmerken, daß es den V. doch
440 2696 1292 2811 an einem Geschick fehlt, mitten in ihre Kririken jene
1299 1485 2177 1545 eigne feine Reflexionen einzumischen, die z. E. die V.
1314 1532 2170 1579 der ehemaligen Berlinischen Litteraturbriefe so unge¬
1320 1579 2175 1626 zwungen und lehrreich anzubringen wußten. Dadurch
1322 1621 2168 1671 wird ein sonst, aus Beurtheilungen fremder Schrif=
487 1626 2170 1713 Wir wollen bey Anzeige dieses kritischen Journals ten, bestehendes Journal zugleich ein eignes Werk der
1322 1700 2170 1747 V. und theilt nicht bloß Lob und Tadel aus, sondern
449 1728 2164 1803 was wir noch wünschten, im Verfolg zu finden, und breitet sich mit ihrem eignen Geiste der Nachforschung
446 1775 2164 1852 zuletzt von einigen einzelnen Stücken in diesen zwo auch auf neue Gegenstände aus, und giebt dem gelob¬
1314 1820 2175 1882 ten und getadelten Schriftsteller Gelegenheit in seinem
1314 1861 2117 1903 Fache etwas zu lernen, und künftig auszuüben. —
1316 1899 2170 1950 Nächstdem gestehen wir noch überhaupt, daß das gan=
1316 1948 2164 2000 ze Journal denen, die nicht Oesterreicher sind, und
1307 1985 2170 2040 dem Gange die Wissenschaften in einem Lande nachzu¬
1320 2029 2164 2083 spähen Beruf haben, bey manchen Kritiken zu gedehnt,
1316 2074 2164 2132 und durch Localeinfälle zu fremd und weniger nutzbar
1314 2108 1628 2168 vorkommen müssen.
1359 2121 2164 2207 Wir wollen nun einige einzelne Stücke und zwar
1314 2190 2162 2243 Uebersetzungen, denn Kritiken und endlich prosaische
1314 2239 2162 2286 und poetische Aufsätze, die man hier mitgetheilt hat,
1316 2279 2164 2329 aufführen. Gleich im dritten Band ist eine prosaische
1314 2322 2166 2373 Uebersetzung des Gedichts des Herrn Dorat: La
1312 2369 2162 2412 Comoedie; welches zu seinem Werk von der Declama=
1316 2401 2164 2455 tion gehört. Die Uebersetzung deucht uns überflüßig,
1314 2442 2168 2495 da das Original überall verständlich ist, es wäre denn,
1316 2480 2162 2538 daß man in Oesterreich noch Muster guter Uebersetzum
1316 2531 2164 2581 gen brauchte. Dem mußte aber auch diese theils rich¬
1314 2568 2168 2617 tiger, theils ungezwungner seyn. Gleich die zwote
1307 2608 2164 2657 Zeile, wo Dorat die Comödie beschreibt; sie sey die
1314 2649 2166 2700 Kunst de parler, de gemir, de tonner sur la scene,
1316 2692 2168 2743 übersetzt der V. die Kunst jetzt zu reden, jetzt zu
1316 2726 1809 2807 schweigen, jetzt zu donnern.
1833 2732 2168 2803 Das jetzt steht hier
2059 2773 2164 2845 falsch,
