<?xml version="1.0" encoding="UTF-8" standalone="yes"?>
<PcGts xmlns="http://schema.primaresearch.org/PAGE/gts/pagecontent/2013-07-15" xmlns:xsi="http://www.w3.org/2001/XMLSchema-instance" xsi:schemaLocation="http://schema.primaresearch.org/PAGE/gts/pagecontent/2013-07-15 http://schema.primaresearch.org/PAGE/gts/pagecontent/2013-07-15/pagecontent.xsd">
    <Metadata>
        <Creator>prov=READ-COOP:name=PyLaia@TranskribusPlatform:version=2.15.0:model_id=39995:lm=none:date=16_07_2024_15:46</Creator>
        <Created>2024-07-16T15:27:15.997+02:00</Created>
        <LastChange>2024-07-16T15:46:03.993+02:00</LastChange>
        <TranskribusMetadata docId="3303927" pageId="75045916" pageNr="3" tsid="177980684" status="IN_PROGRESS" userId="222699" imgUrl="https://files.transkribus.eu/Get?id=AGBGVAARNRBIFDNKRBUIVUTH&amp;fileType=view" xmlUrl="https://files.transkribus.eu/Get?id=EWSOTRCWBAXSLDMVHRMYSJUG" imageId="60813947"/>
    </Metadata>
    <Page imageFilename="75045916.jpg" imageWidth="2679" imageHeight="3213">
        <ReadingOrder>
            <OrderedGroup id="ro_1721137563993" caption="Regions reading order">
                <RegionRefIndexed index="0" regionRef="r_10"/>
                <RegionRefIndexed index="1" regionRef="r_11"/>
            </OrderedGroup>
        </ReadingOrder>
        <Relations/>
        <TextRegion id="r_10" custom="readingOrder {index:0;}">
            <Coords points="398,530 1295,524 1284,2766 398,2766"/>
            <TextLine id="r_10_tl_1" custom="readingOrder {index:0;}">
                <Coords points="421,661 2148,643 2148,609 2046,598 423,630"/>
                <Baseline points="432,653 450,653 495,653 540,650 585,650 630,650 674,653 719,650 764,650 809,650 854,647 898,647 943,647 988,647 1033,644 1077,644 1122,644 1167,644 1212,647 1257,647 1301,647 1346,644 1391,644 1436,644 1481,644 1525,644 1570,642 1615,642 1660,642 1705,642 1749,642 1794,642 1839,642 1884,639 1928,639 1973,639 2018,639 2063,639 2108,636 2152,636"/>
                <TextEquiv>
                    <Unicode>weit von Posen, ziehen sich die Conföderirte auch wie= gieng der Herr Obriste von Udom, von dem Nache¬</Unicode>
                </TextEquiv>
            </TextLine>
            <TextLine id="r_10_tl_2" custom="readingOrder {index:1;}">
                <Coords points="417,697 2146,686 2146,648 1960,641 417,667"/>
                <Baseline points="429,695 435,695 480,695 525,695 570,692 615,692 659,695 704,695 749,692 794,692 839,689 883,689 928,689 973,689 1018,689 1063,689 1107,689 1152,686 1197,686 1242,686 1286,689 1301,686 1346,686 1391,686 1436,683 1481,686 1525,686 1570,683 1615,683 1660,683 1705,683 1749,683 1794,683 1839,680 1884,680 1928,680 1973,680 2018,680 2063,680 2108,677 2152,677"/>
                <TextEquiv>
                    <Unicode>der zusammen, daß also auch öfters Zankereyen mit burgischen Infanterieregiment mit dem kleinen hier</Unicode>
                </TextEquiv>
            </TextLine>
            <TextLine id="r_10_tl_3" custom="readingOrder {index:2;}">
                <Coords points="417,751 2152,727 2111,682 417,699"/>
                <Baseline points="429,737 474,737 519,734 564,734 609,734 653,734 698,734 743,734 788,731 833,731 877,728 922,728 967,728 1012,728 1057,728 1101,728 1146,728 1191,728 1236,728 1281,731 1301,728 1304,728 1349,728 1394,728 1439,728 1484,728 1528,728 1573,725 1618,725 1663,725 1708,725 1752,725 1797,725 1842,722 1887,722 1931,722 1976,722 2021,722 2066,722 2111,719 2155,716"/>
                <TextEquiv>
                    <Unicode>denen Cordonstruppen vorfallen. Der Obriste Dre= nachgelassenem Korps Rußischer Truppen diesen Fein¬</Unicode>
                </TextEquiv>
            </TextLine>
            <TextLine id="r_10_tl_4" custom="readingOrder {index:3;}">
                <Coords points="421,870 1274,866 1274,822 1226,818 421,831"/>
                <Baseline points="432,862 471,859 516,856 561,856 606,856 650,856 695,856 740,856 785,856 830,854 874,854 919,854 964,854 1009,854 1054,854 1098,854 1143,854 1188,851 1233,851 1278,856"/>
                <TextEquiv>
                    <Unicode>etwas mehreres, als denen Truppen eine Erholung</Unicode>
                </TextEquiv>
            </TextLine>
            <TextLine id="r_10_tl_5" custom="readingOrder {index:4;}">
                <Coords points="423,987 1269,984 1269,943 1220,935 423,952"/>
                <Baseline points="435,982 468,982 513,982 558,979 603,979 647,979 692,979 737,979 782,979 827,979 871,979 916,979 961,976 1006,976 1051,976 1095,976 1140,976 1185,976 1230,979 1275,976"/>
                <TextEquiv>
                    <Unicode>tober in dem Lager zu Konieczno ausgegeben hat, sol</Unicode>
                </TextEquiv>
            </TextLine>
            <TextLine id="r_10_tl_6" custom="readingOrder {index:5;}">
                <Coords points="425,1036 1269,1025 1269,984 1224,980 425,987"/>
                <Baseline points="438,1030 468,1024 513,1024 558,1021 603,1021 647,1018 692,1021 737,1021 782,1021 827,1021 871,1021 916,1021 961,1018 1006,1018 1051,1018 1095,1018 1140,1018 1185,1018 1230,1018 1275,1018"/>
                <TextEquiv>
                    <Unicode>schon ein Gegenmanifest erschienen seyn, wøvon mar</Unicode>
                </TextEquiv>
            </TextLine>
            <TextLine id="r_10_tl_7" custom="readingOrder {index:6;}">
                <Coords points="421,1075 1276,1073 1276,1028 1241,1023 421,1036"/>
                <Baseline points="432,1063 474,1066 519,1063 564,1063 609,1063 653,1063 698,1060 743,1060 788,1060 833,1060 877,1060 922,1060 967,1060 1012,1060 1057,1060 1101,1060 1146,1060 1191,1060 1236,1057 1281,1060"/>
                <TextEquiv>
                    <Unicode>aber noch nichts als die Copien haben will. Um</Unicode>
                </TextEquiv>
            </TextLine>
            <TextLine id="r_10_tl_8" custom="readingOrder {index:7;}">
                <Coords points="421,1112 1092,1116 1276,1103 1278,1073 421,1073"/>
                <Baseline points="432,1104 474,1104 519,1104 564,1104 609,1104 653,1104 698,1101 743,1101 788,1101 833,1104 877,1101 922,1101 967,1098 1012,1098 1057,1098 1101,1098 1146,1098 1191,1098 1236,1095 1281,1095"/>
                <TextEquiv>
                    <Unicode>Warschau ist es wieder ziemlich unruhig; die Herrn</Unicode>
                </TextEquiv>
            </TextLine>
            <TextLine id="r_10_tl_9" custom="readingOrder {index:8;}">
                <Coords points="421,1157 1218,1153 1274,1146 1276,1103 423,1112"/>
                <Baseline points="432,1149 471,1149 516,1146 561,1146 606,1146 650,1143 695,1143 740,1140 785,1140 830,1143 874,1140 919,1140 964,1140 1009,1137 1054,1137 1098,1137 1143,1137 1188,1137 1233,1137 1278,1137"/>
                <TextEquiv>
                    <Unicode>Szytz und Migczinski, sollen daselbst sehr herum</Unicode>
                </TextEquiv>
            </TextLine>
            <TextLine id="r_10_tl_10" custom="readingOrder {index:9;}">
                <Coords points="425,1196 1276,1192 1263,1144 425,1151"/>
                <Baseline points="438,1194 474,1188 519,1185 564,1185 609,1185 653,1185 698,1182 743,1182 788,1182 833,1182 877,1179 922,1182 967,1179 1012,1179 1057,1179 1101,1179 1146,1179 1191,1179 1236,1179 1281,1179"/>
                <TextEquiv>
                    <Unicode>schwärmen. Ohngeachtet dessen schmeichelt man sich</Unicode>
                </TextEquiv>
            </TextLine>
            <TextLine id="r_10_tl_11" custom="readingOrder {index:10;}">
                <Coords points="423,1237 1269,1226 1250,1185 423,1207"/>
                <Baseline points="435,1230 453,1230 498,1230 543,1227 588,1227 633,1227 680,1226 680,1226 728,1224 773,1224 818,1224 862,1224 907,1224 952,1224 997,1224 1042,1221 1086,1224 1131,1224 1176,1224 1221,1221 1266,1221 1275,1224"/>
                <TextEquiv>
                    <Unicode>doch, daß der Friede diesen Winter zwischen Rußland</Unicode>
                </TextEquiv>
            </TextLine>
            <TextLine id="r_10_tl_12" custom="readingOrder {index:11;}">
                <Coords points="421,1403 1274,1395 1274,1360 1215,1351 421,1366"/>
                <Baseline points="432,1397 471,1394 516,1391 561,1391 606,1391 650,1394 695,1391 740,1391 785,1391 830,1391 874,1391 919,1388 964,1388 1009,1388 1054,1388 1098,1388 1143,1388 1188,1388 1233,1388 1278,1388"/>
                <TextEquiv>
                    <Unicode>gekommen ist, welcher dazu viele Hofnung mitge¬</Unicode>
                </TextEquiv>
            </TextLine>
            <TextLine id="r_10_tl_13" custom="readingOrder {index:12;}">
                <Coords points="425,1436 1634,1440 1634,1401 1535,1386 425,1403"/>
                <Baseline points="438,1433 471,1433 516,1436 561,1436 606,1433 650,1433 695,1433 740,1433 785,1430 830,1433 874,1430 919,1430 964,1430 1009,1430 1054,1427 1098,1427 1143,1430 1188,1430 1233,1430 1278,1427 1289,1427 1334,1427 1379,1427 1424,1427 1469,1427 1513,1427 1558,1427 1603,1427 1639,1427"/>
                <TextEquiv>
                    <Unicode>bracht haben soll. Der General Romanzow stehet mit wiesen werden kann.</Unicode>
                </TextEquiv>
            </TextLine>
            <TextLine id="r_10_tl_14" custom="readingOrder {index:13;}">
                <Coords points="421,1487 1272,1483 1272,1433 421,1438"/>
                <Baseline points="432,1472 477,1478 522,1475 567,1475 612,1475 656,1472 701,1472 746,1475 791,1472 836,1472 880,1475 925,1475 970,1472 1015,1472 1060,1469 1104,1472 1149,1472 1194,1472 1239,1469 1275,1472"/>
                <TextEquiv>
                    <Unicode>einem Theil seiner Armee in Jaßi, und das übrige ist</Unicode>
                </TextEquiv>
            </TextLine>
            <TextLine id="r_10_tl_15" custom="readingOrder {index:14;}">
                <Coords points="417,1528 1269,1522 1269,1483 1235,1472 417,1483"/>
                <Baseline points="429,1516 468,1516 513,1516 558,1516 603,1513 647,1513 692,1513 737,1513 782,1513 827,1513 871,1513 916,1513 961,1513 1006,1510 1051,1513 1095,1513 1140,1513 1185,1510 1230,1510 1275,1510"/>
                <TextEquiv>
                    <Unicode>in denen nahe liegenden Gegenden vertheilet; der Ge=</Unicode>
                </TextEquiv>
            </TextLine>
            <TextLine id="r_10_tl_16" custom="readingOrder {index:15;}">
                <Coords points="421,1572 1272,1567 1272,1520 1215,1513 421,1535"/>
                <Baseline points="432,1555 468,1555 513,1558 558,1555 603,1555 647,1555 692,1555 737,1555 782,1555 827,1555 871,1555 916,1552 961,1555 1006,1552 1051,1552 1095,1552 1140,1552 1185,1552 1230,1552 1275,1552"/>
                <TextEquiv>
                    <Unicode>neral Panin soll sein Hauptquartier in Brahilow ge¬</Unicode>
                </TextEquiv>
            </TextLine>
            <TextLine id="r_10_tl_17" custom="readingOrder {index:16;}">
                <Coords points="417,1600 1082,1595 1151,1628 1269,1602 1269,1567 1066,1552 417,1569"/>
                <Baseline points="429,1597 468,1597 513,1597 558,1597 603,1597 647,1597 692,1597 737,1597 782,1597 827,1594 871,1594 916,1594 961,1594 1006,1594 1051,1594 1095,1594 1140,1594 1185,1594 1230,1591 1275,1594"/>
                <TextEquiv>
                    <Unicode>nommen haben, ein großer Theil seiner Armee aber</Unicode>
                </TextEquiv>
            </TextLine>
            <TextLine id="r_10_tl_18" custom="readingOrder {index:17;}">
                <Coords points="421,1643 1267,1641 1267,1604 1205,1597 1170,1619 1084,1595 421,1604"/>
                <Baseline points="432,1642 468,1639 513,1639 558,1636 603,1636 647,1636 692,1636 737,1639 782,1636 827,1636 871,1636 916,1636 961,1636 1006,1636 1051,1633 1095,1633 1140,1636 1185,1633 1197,1633 1242,1633 1272,1633"/>
                <TextEquiv>
                    <Unicode>ist, nach den Gränzen von Polen marschirt. Von</Unicode>
                </TextEquiv>
            </TextLine>
            <TextLine id="r_10_tl_19" custom="readingOrder {index:18;}">
                <Coords points="417,1692 1267,1692 1267,1641 417,1645"/>
                <Baseline points="429,1678 474,1681 519,1681 564,1678 609,1678 653,1678 698,1678 743,1678 788,1678 833,1678 877,1678 922,1675 967,1675 1012,1675 1057,1675 1101,1675 1146,1675 1191,1675 1236,1675 1272,1678"/>
                <TextEquiv>
                    <Unicode>denen Türken höret man weiter nichts, als daß sie sich</Unicode>
                </TextEquiv>
            </TextLine>
            <TextLine id="r_10_tl_20" custom="readingOrder {index:19;}">
                <Coords points="423,1768 2137,1787 2094,1738 423,1733"/>
                <Baseline points="435,1755 477,1764 522,1764 567,1761 612,1761 656,1761 701,1758 746,1761 791,1761 836,1758 880,1758 925,1761 970,1758 1015,1758 1060,1758 1104,1758 1149,1758 1194,1758 1239,1758 1281,1758 1301,1773 1346,1776 1391,1776 1436,1776 1481,1776 1525,1776 1570,1776 1615,1776 1660,1776 1705,1773 1749,1773 1794,1773 1839,1773 1884,1773 1928,1773 1973,1773 2018,1773 2063,1773 2108,1773 2141,1773"/>
                <TextEquiv>
                    <Unicode>wieder eine formidable Armee zusammen zu bringen. beyzuwohnen, in welchem sich der Herr Kapellmeister</Unicode>
                </TextEquiv>
            </TextLine>
            <TextLine id="r_10_tl_21" custom="readingOrder {index:20;}">
                <Coords points="423,1813 1267,1809 1254,1762 423,1768"/>
                <Baseline points="435,1803 465,1803 510,1803 555,1803 600,1800 644,1800 689,1800 734,1800 779,1800 824,1800 868,1800 913,1800 958,1800 1003,1797 1048,1797 1092,1797 1137,1797 1182,1797 1227,1800 1272,1794"/>
                <TextEquiv>
                    <Unicode>Unser größter Feind, die ansteckende Krankheit, sol</Unicode>
                </TextEquiv>
            </TextLine>
            <TextLine id="r_10_tl_22" custom="readingOrder {index:21;}">
                <Coords points="417,1859 1269,1846 1269,1807 1215,1798 417,1818"/>
                <Baseline points="429,1848 468,1845 513,1842 558,1842 603,1842 647,1839 692,1836 737,1839 782,1839 827,1836 871,1836 916,1836 961,1836 1006,1836 1051,1836 1095,1836 1140,1836 1185,1836 1230,1836 1275,1839"/>
                <TextEquiv>
                    <Unicode>sich nach sichern Berichten größtentheils geleget haben,</Unicode>
                </TextEquiv>
            </TextLine>
            <TextLine id="r_10_tl_23" custom="readingOrder {index:22;}">
                <Coords points="421,1891 1267,1882 1267,1844 1172,1837 423,1859"/>
                <Baseline points="432,1887 465,1884 510,1884 555,1884 600,1884 644,1881 689,1881 734,1881 779,1878 824,1878 868,1878 913,1878 958,1875 1003,1875 1048,1875 1092,1875 1137,1878 1182,1878 1227,1878 1272,1878"/>
                <TextEquiv>
                    <Unicode>und wann ja noch was stürbe, von keiner sonderlichen</Unicode>
                </TextEquiv>
            </TextLine>
            <TextLine id="r_10_tl_24" custom="readingOrder {index:23;}">
                <Coords points="423,1934 1269,1932 1248,1880 423,1895"/>
                <Baseline points="435,1926 468,1926 513,1926 558,1926 603,1926 647,1923 692,1923 737,1923 782,1920 827,1920 871,1920 916,1920 961,1920 1006,1920 1051,1920 1095,1920 1140,1920 1185,1920 1230,1920 1275,1917"/>
                <TextEquiv>
                    <Unicode>Erheblichkeit seyn. Seit dem 14ten November ist in</Unicode>
                </TextEquiv>
            </TextLine>
            <TextLine id="r_10_tl_25" custom="readingOrder {index:24;}">
                <Coords points="417,1975 1222,1977 1269,1967 1272,1923 417,1943"/>
                <Baseline points="429,1967 468,1964 513,1967 558,1964 603,1964 647,1964 692,1964 737,1964 782,1964 827,1961 871,1961 916,1961 961,1961 1006,1961 1051,1961 1095,1961 1140,1961 1185,1961 1230,1961 1275,1961"/>
                <TextEquiv>
                    <Unicode>Kaminiek kein Mensch, und in Sambor seit dem 12ten</Unicode>
                </TextEquiv>
            </TextLine>
            <TextLine id="r_10_tl_26" custom="readingOrder {index:25;}">
                <Coords points="417,2018 1790,2005 2111,2042 2137,1967 417,1975"/>
                <Baseline points="429,2009 438,2009 483,2009 528,2009 573,2006 618,2006 662,2006 707,2006 752,2003 797,2006 842,2003 886,2003 931,2003 976,2003 1021,2003 1066,2000 1110,2003 1155,2003 1200,2003 1245,2003 1289,2000 1334,2000 1379,2000 1424,2003 1469,2000 1513,2000 1558,2003 1603,2000 1648,2000 1693,2000 1737,2003 1782,2003 1827,2003 1872,2003 1917,2003 1961,2000 2006,2000 2051,2000 2096,2003 2141,1997"/>
                <TextEquiv>
                    <Unicode>niemand mehr daran gestorben, sonsten aber hat sie in richten zufolge, sind bis 11 Französische Kriegesschiffe</Unicode>
                </TextEquiv>
            </TextLine>
            <TextLine id="r_10_tl_27" custom="readingOrder {index:26;}">
                <Coords points="417,2057 1833,2064 1790,2005 417,2014"/>
                <Baseline points="429,2051 450,2051 495,2051 540,2048 585,2048 630,2048 674,2048 719,2048 764,2048 809,2048 854,2045 898,2045 943,2045 988,2045 1033,2045 1077,2042 1122,2045 1167,2045 1212,2045 1257,2045 1301,2042 1346,2042 1391,2042 1436,2042 1481,2042 1525,2042 1570,2045 1615,2045 1660,2045 1705,2042 1749,2042 1794,2042 1839,2045"/>
                <TextEquiv>
                    <Unicode>dem letztern Bezirk die erbarmlichsten Verwustungen nach dem Archipelago ausgelaufen.</Unicode>
                </TextEquiv>
            </TextLine>
            <TextLine id="r_10_tl_28" custom="readingOrder {index:27;}">
                <Coords points="421,2120 518,2116 553,2126 570,2118 626,2129 654,2116 689,2120 689,2072 674,2075 641,2051 546,2070 507,2053 471,2066 462,2057 421,2059"/>
                <Baseline points="432,2099 468,2093 513,2093 558,2093 603,2093 647,2090 692,2096"/>
                <TextEquiv>
                    <Unicode>zurück gelassen.</Unicode>
                </TextEquiv>
            </TextLine>
            <TextLine id="r_10_tl_29" custom="readingOrder {index:28;}">
                <Coords points="633,2178 881,2154 1043,2163 1043,2100 1004,2094 956,2111 833,2088 732,2122 702,2122 676,2096 633,2107"/>
                <Baseline points="644,2152 689,2149 734,2152 779,2149 824,2149 868,2149 913,2149 958,2149 1003,2146 1048,2146"/>
                <TextEquiv>
                    <Unicode>Thorn, vom 26. Dec.</Unicode>
                </TextEquiv>
            </TextLine>
            <TextLine id="r_10_tl_30" custom="readingOrder {index:29;}">
                <Coords points="460,2221 1066,2208 1440,2241 1440,2200 1304,2204 1161,2154 460,2174"/>
                <Baseline points="471,2212 513,2212 558,2212 603,2212 647,2212 692,2212 737,2209 782,2209 827,2209 871,2209 916,2209 961,2209 1006,2209 1051,2209 1095,2206 1140,2209 1185,2206 1230,2209 1275,2209 1295,2221 1337,2227 1382,2227 1427,2230 1445,2230"/>
                <TextEquiv>
                    <Unicode>Am verwichenen Sonnabend als den 22sten dieses werden.</Unicode>
                </TextEquiv>
            </TextLine>
            <TextLine id="r_10_tl_31" custom="readingOrder {index:30;}">
                <Coords points="417,2262 1269,2262 1269,2217 417,2215"/>
                <Baseline points="429,2257 468,2257 513,2254 558,2254 603,2254 647,2254 692,2254 737,2254 782,2254 827,2251 871,2251 916,2251 961,2251 1006,2251 1051,2248 1095,2248 1140,2248 1185,2248 1230,2248 1275,2254"/>
                <TextEquiv>
                    <Unicode>Monats kam ein Korps von den Conföderirten, bey</Unicode>
                </TextEquiv>
            </TextLine>
            <TextLine id="r_10_tl_32" custom="readingOrder {index:31;}">
                <Coords points="417,2306 1269,2301 1269,2262 1159,2254 417,2262"/>
                <Baseline points="429,2299 468,2296 513,2296 558,2296 603,2296 647,2296 692,2293 737,2296 782,2293 827,2293 871,2293 916,2293 961,2293 1006,2293 1051,2293 1095,2290 1140,2290 1185,2290 1230,2290 1275,2290"/>
                <TextEquiv>
                    <Unicode>welchem sich zween Marschälle, Radziminski und</Unicode>
                </TextEquiv>
            </TextLine>
            <TextLine id="r_10_tl_33" custom="readingOrder {index:32;}">
                <Coords points="417,2344 1274,2338 1241,2297 417,2306"/>
                <Baseline points="429,2338 471,2338 516,2338 561,2335 606,2335 650,2338 695,2335 740,2335 785,2335 830,2335 874,2335 919,2335 964,2335 1009,2332 1054,2332 1098,2332 1143,2332 1188,2332 1233,2332 1278,2332"/>
                <TextEquiv>
                    <Unicode>Stempowski, zween Obersten, Nowieski und Lewko¬</Unicode>
                </TextEquiv>
            </TextLine>
            <TextLine id="r_10_tl_34" custom="readingOrder {index:33;}">
                <Coords points="421,2398 1272,2383 1272,2338 1161,2331 421,2344"/>
                <Baseline points="432,2379 468,2379 513,2379 558,2376 603,2376 647,2379 692,2376 737,2376 782,2376 827,2376 871,2376 916,2376 961,2376 1006,2373 1051,2373 1095,2373 1140,2373 1185,2373 1230,2373 1275,2373"/>
                <TextEquiv>
                    <Unicode>wicz, nebst einem Rittmeister Stußewski, befunden,</Unicode>
                </TextEquiv>
            </TextLine>
            <TextEquiv>
                <Unicode></Unicode>
            </TextEquiv>
        </TextRegion>
        <TextRegion id="r_11" custom="readingOrder {index:1;}">
            <Coords points="1294,518 2190,509 2174,2766 1284,2766"/>
            <TextLine id="r_11_tl_1" custom="readingOrder {index:0;}">
                <Coords points="421,591 2152,561 2126,492 1146,520 956,481 732,529 538,486 423,531"/>
                <Baseline points="432,573 456,573 501,570 546,570 591,570 636,570 680,570 725,570 770,570 815,567 859,567 904,567 949,567 994,567 1039,564 1083,564 1128,564 1173,564 1218,564 1263,564 1307,561 1352,561 1397,561 1442,561 1487,561 1531,561 1576,561 1621,561 1666,561 1711,561 1755,561 1800,558 1845,558 1890,558 1934,558 1979,558 2024,555 2069,555 2114,555 2158,552"/>
                <TextEquiv>
                    <Unicode>sich nach einer kurzen Verweilung gegen Czenstochau in der Mitte auf das heftigste fort. So bald von ihr</Unicode>
                </TextEquiv>
            </TextLine>
            <TextLine id="r_11_tl_2" custom="readingOrder {index:1;}">
                <Coords points="421,624 1880,626 2152,607 2154,561 421,591"/>
                <Baseline points="432,621 456,618 501,615 546,612 591,612 636,609 680,612 725,612 770,615 815,609 859,609 904,606 949,606 994,606 1039,603 1083,603 1128,606 1173,606 1218,606 1263,606 1307,603 1352,603 1397,603 1442,603 1487,603 1531,603 1576,603 1621,603 1666,603 1711,603 1755,603 1800,600 1845,600 1890,600 1934,597 1979,597 2024,597 2069,597 2114,597 2158,600"/>
                <TextEquiv>
                    <Unicode>zu, gezogen hat. In Großpolen besonders, nicht rer Anrückung die Nachricht in unserer Stadt einlief,</Unicode>
                </TextEquiv>
            </TextLine>
            <TextLine id="r_11_tl_3" custom="readingOrder {index:2;}">
                <Coords points="421,781 2150,769 2150,725 421,740"/>
                <Baseline points="432,776 471,776 516,776 561,776 606,776 650,776 695,776 740,776 785,773 830,773 874,770 919,773 964,770 1009,770 1054,770 1098,770 1143,770 1188,770 1233,770 1278,773 1301,770 1304,770 1349,770 1394,770 1439,770 1484,767 1528,767 1573,767 1618,767 1663,767 1708,767 1752,767 1797,767 1842,767 1887,764 1931,764 1976,764 2021,764 2066,761 2111,761 2155,761"/>
                <TextEquiv>
                    <Unicode>witz stehet noch in seinem alten Posten zu Kobielkowe, den entgegen, schlug selbige nach einem achtstündigen</Unicode>
                </TextEquiv>
            </TextLine>
            <TextLine id="r_11_tl_4" custom="readingOrder {index:3;}">
                <Coords points="423,831 2150,816 2122,766 423,784"/>
                <Baseline points="435,815 471,818 516,818 561,815 606,815 650,815 695,815 740,815 785,815 830,812 874,812 919,812 964,812 1009,812 1054,815 1098,812 1143,812 1188,812 1233,812 1278,812 1301,809 1304,809 1349,809 1394,809 1439,809 1484,809 1528,809 1573,809 1618,809 1663,806 1708,806 1752,806 1797,806 1842,806 1887,806 1931,806 1976,803 2021,803 2066,803 2111,803 2155,803"/>
                <TextEquiv>
                    <Unicode>einige wollen aus diesem langen ruhigen Stillstande, Gefechte zurücke und verfolgte sie bis auf eine halbe</Unicode>
                </TextEquiv>
            </TextLine>
            <TextLine id="r_11_tl_5" custom="readingOrder {index:4;}">
                <Coords points="1295,857 2003,864 2152,853 2154,818 1297,818"/>
                <Baseline points="1307,851 1352,851 1397,851 1442,848 1487,848 1531,851 1576,848 1621,848 1666,848 1711,848 1755,848 1800,848 1845,848 1890,848 1934,848 1979,845 2024,845 2069,845 2114,845 2158,845"/>
                <TextEquiv>
                    <Unicode>Meile von unserer Stadt. Sie hinterließen bis zwan¬</Unicode>
                </TextEquiv>
            </TextLine>
            <TextLine id="r_11_tl_6" custom="readingOrder {index:5;}">
                <Coords points="421,911 2146,900 2131,848 423,866"/>
                <Baseline points="432,904 477,904 522,901 567,898 612,898 656,898 701,898 746,895 791,895 836,895 880,895 925,895 970,895 1015,895 1060,892 1104,892 1149,895 1194,892 1239,892 1284,892 1301,895 1346,892 1391,892 1436,889 1481,889 1525,892 1570,889 1615,889 1660,889 1705,889 1749,889 1794,889 1839,889 1884,889 1928,889 1973,886 2018,889 2063,886 2108,886 2152,880"/>
                <TextEquiv>
                    <Unicode>zu gönnen, schließen. Gegen dem merkwürdigen Pa- zig an Todten, und nach Aussage der Gefangenen ist</Unicode>
                </TextEquiv>
            </TextLine>
            <TextLine id="r_11_tl_7" custom="readingOrder {index:6;}">
                <Coords points="421,952 2146,941 2109,887 421,909"/>
                <Baseline points="432,943 471,940 516,940 561,940 606,940 650,940 695,937 740,940 785,937 830,937 874,937 919,937 964,937 1009,934 1054,934 1098,934 1143,934 1188,934 1233,934 1278,934 1301,934 1346,934 1391,934 1436,934 1481,934 1525,931 1570,931 1615,931 1660,931 1705,931 1749,931 1794,931 1839,931 1884,931 1928,931 1973,928 2018,931 2063,928 2108,925 2152,928"/>
                <TextEquiv>
                    <Unicode>tente, welches der Herr Pulawski unterm 22ten Oc= die Anzahl der Bleßirten sehr groß gewesen. Von</Unicode>
                </TextEquiv>
            </TextLine>
            <TextLine id="r_11_tl_8" custom="readingOrder {index:7;}">
                <Coords points="1293,982 1688,974 1936,1006 2146,982 2146,943 2059,926 1293,939"/>
                <Baseline points="1304,976 1346,976 1391,976 1436,973 1481,973 1525,973 1570,973 1615,973 1660,970 1705,970 1749,970 1794,973 1839,973 1884,973 1928,973 1973,973 2018,973 2063,970 2108,970 2152,970"/>
                <TextEquiv>
                    <Unicode>Rußischer Seite bestehet der Verlust nur in einem Ko¬</Unicode>
                </TextEquiv>
            </TextLine>
            <TextLine id="r_11_tl_9" custom="readingOrder {index:8;}">
                <Coords points="1297,1045 1429,1049 1492,1021 1539,1049 1621,1034 1638,1049 1835,1049 1835,989 1794,978 1297,984"/>
                <Baseline points="1310,1021 1346,1018 1391,1018 1436,1018 1481,1015 1525,1018 1570,1018 1615,1015 1660,1015 1705,1015 1749,1015 1794,1015 1839,1015"/>
                <TextEquiv>
                    <Unicode>saken und drey bleßirten Pferden.</Unicode>
                </TextEquiv>
            </TextLine>
            <TextLine id="r_11_tl_10" custom="readingOrder {index:9;}">
                <Coords points="1472,1097 1876,1088 1930,1103 1967,1088 1967,1051 1880,1036 1798,1056 1759,1041 1641,1049 1621,1034 1472,1047"/>
                <Baseline points="1484,1074 1528,1074 1573,1077 1618,1077 1663,1077 1708,1077 1752,1077 1797,1077 1842,1077 1887,1077 1931,1077 1970,1077"/>
                <TextEquiv>
                    <Unicode>Warschau, vom 9. Dec.</Unicode>
                </TextEquiv>
            </TextLine>
            <TextLine id="r_11_tl_11" custom="readingOrder {index:10;}">
                <Coords points="1334,1144 2144,1146 2144,1075 1990,1103 1844,1088 1818,1112 1334,1090"/>
                <Baseline points="1346,1131 1391,1134 1436,1134 1481,1134 1525,1134 1570,1137 1615,1134 1660,1134 1705,1134 1749,1134 1794,1134 1839,1134 1884,1134 1928,1134 1973,1134 2018,1134 2063,1134 2108,1134 2149,1134"/>
                <TextEquiv>
                    <Unicode>Man hat zeither viel von verschiedenen Districten</Unicode>
                </TextEquiv>
            </TextLine>
            <TextLine id="r_11_tl_12" custom="readingOrder {index:11;}">
                <Coords points="1295,1185 2146,1179 2120,1138 1364,1157 1295,1127"/>
                <Baseline points="1307,1179 1343,1179 1388,1176 1433,1176 1478,1179 1522,1179 1567,1176 1612,1179 1657,1179 1702,1179 1746,1176 1791,1176 1836,1176 1881,1176 1926,1176 1970,1176 2015,1176 2060,1176 2105,1173 2149,1173"/>
                <TextEquiv>
                    <Unicode>und Starosteyen geredet, so die Oesterreichischen</Unicode>
                </TextEquiv>
            </TextLine>
            <TextLine id="r_11_tl_13" custom="readingOrder {index:12;}">
                <Coords points="1293,1228 2042,1233 2144,1220 2146,1179 1295,1185"/>
                <Baseline points="1304,1215 1349,1221 1394,1221 1439,1221 1484,1221 1528,1218 1573,1221 1618,1221 1663,1221 1708,1221 1752,1221 1797,1221 1842,1221 1887,1218 1931,1218 1976,1218 2021,1218 2066,1218 2111,1215 2152,1215"/>
                <TextEquiv>
                    <Unicode>Truppen in Polen besetzet, und daselbst auch das Un¬</Unicode>
                </TextEquiv>
            </TextLine>
            <TextLine id="r_11_tl_14" custom="readingOrder {index:13;}">
                <Coords points="421,1276 2146,1265 2081,1215 1852,1250 421,1235"/>
                <Baseline points="432,1272 435,1269 480,1269 525,1269 570,1269 615,1266 659,1266 704,1269 749,1269 794,1266 839,1266 883,1266 928,1266 973,1266 1018,1266 1063,1263 1107,1263 1152,1263 1197,1263 1242,1263 1286,1263 1298,1263 1343,1263 1388,1260 1433,1260 1478,1263 1522,1263 1567,1263 1612,1263 1657,1260 1702,1260 1746,1260 1791,1260 1836,1263 1881,1263 1926,1260 1970,1260 2015,1257 2060,1260 2105,1257 2149,1260"/>
                <TextEquiv>
                    <Unicode>und den Türken zu Stande kommen würde, welches garische Wappen aufsetzen lassen. Nunmehro aber</Unicode>
                </TextEquiv>
            </TextLine>
            <TextLine id="r_11_tl_15" custom="readingOrder {index:14;}">
                <Coords points="425,1323 2146,1308 2146,1265 2049,1263 425,1274"/>
                <Baseline points="438,1313 480,1310 525,1310 570,1310 615,1310 659,1307 704,1310 749,1310 794,1310 839,1307 883,1307 928,1307 973,1307 1018,1307 1063,1304 1107,1304 1152,1304 1197,1304 1242,1304 1286,1304 1295,1304 1301,1304 1346,1304 1391,1301 1436,1301 1481,1304 1525,1301 1570,1304 1615,1301 1660,1301 1705,1301 1749,1301 1794,1301 1839,1301 1884,1301 1928,1301 1973,1301 2018,1301 2063,1301 2108,1298 2152,1301"/>
                <TextEquiv>
                    <Unicode>sich besonders, darauf gründet; daß am 16ten ein Cou= weiß man zuverläßig, daß solches eigentlich solche Oer¬</Unicode>
                </TextEquiv>
            </TextLine>
            <TextLine id="r_11_tl_16" custom="readingOrder {index:15;}">
                <Coords points="423,1366 2144,1360 2144,1308 2075,1302 423,1325"/>
                <Baseline points="435,1352 474,1352 519,1352 564,1352 609,1349 653,1352 698,1352 743,1352 788,1349 833,1352 877,1349 922,1349 967,1346 1012,1346 1057,1346 1101,1346 1146,1346 1191,1346 1236,1346 1281,1346 1304,1346 1343,1343 1388,1346 1433,1343 1478,1343 1522,1343 1567,1343 1612,1346 1657,1343 1702,1343 1746,1343 1791,1343 1836,1343 1881,1343 1926,1343 1970,1343 2015,1343 2060,1340 2105,1340 2149,1343"/>
                <TextEquiv>
                    <Unicode>rier bey dem Rußischen Abgesandten in Warschau an= ter sind, die vor diesem zu Ungarn sonderlich zu Zips</Unicode>
                </TextEquiv>
            </TextLine>
            <TextLine id="r_11_tl_17" custom="readingOrder {index:16;}">
                <Coords points="1293,1399 2144,1405 2122,1347 1293,1351"/>
                <Baseline points="1304,1388 1343,1385 1388,1385 1433,1385 1478,1385 1522,1388 1567,1385 1612,1385 1657,1385 1702,1385 1746,1385 1791,1385 1836,1385 1881,1385 1926,1385 1970,1385 2015,1385 2060,1385 2105,1382 2149,1382"/>
                <TextEquiv>
                    <Unicode>gehöret haben, und mit Documenten seiner Zeit be¬</Unicode>
                </TextEquiv>
            </TextLine>
            <TextLine id="r_11_tl_18" custom="readingOrder {index:17;}">
                <Coords points="1436,1492 1997,1502 1999,1449 1952,1438 1900,1457 1872,1427 1837,1427 1770,1453 1690,1429 1658,1457 1578,1464 1528,1438 1438,1436"/>
                <Baseline points="1448,1490 1493,1487 1537,1487 1582,1490 1627,1490 1672,1487 1716,1487 1761,1490 1806,1487 1851,1487 1896,1487 1940,1487 1985,1490 2003,1490"/>
                <TextEquiv>
                    <Unicode>Hamburg, vom 28. December.</Unicode>
                </TextEquiv>
            </TextLine>
            <TextLine id="r_11_tl_19" custom="readingOrder {index:18;}">
                <Coords points="1332,1544 2150,1537 2150,1492 2042,1470 1980,1502 1427,1507 1332,1459"/>
                <Baseline points="1343,1534 1349,1534 1394,1531 1439,1528 1484,1528 1528,1528 1573,1531 1618,1528 1663,1528 1708,1528 1752,1528 1797,1528 1842,1528 1887,1528 1931,1528 1976,1528 2021,1528 2066,1528 2111,1525 2155,1528"/>
                <TextEquiv>
                    <Unicode>Ihro Königl. Hoheiten, der Kronprinz und der</Unicode>
                </TextEquiv>
            </TextLine>
            <TextLine id="r_11_tl_20" custom="readingOrder {index:19;}">
                <Coords points="1287,1582 2141,1580 2126,1533 1792,1554 1287,1524"/>
                <Baseline points="1298,1573 1340,1570 1385,1570 1430,1570 1475,1570 1519,1570 1564,1570 1609,1570 1654,1570 1699,1567 1743,1567 1788,1570 1833,1567 1878,1567 1923,1567 1967,1570 2012,1567 2057,1567 2102,1567 2146,1570"/>
                <TextEquiv>
                    <Unicode>Prinz Adolph von Schweden, sind den 23sten Nach=</Unicode>
                </TextEquiv>
            </TextLine>
            <TextLine id="r_11_tl_21" custom="readingOrder {index:20;}">
                <Coords points="1287,1623 2141,1626 2129,1578 1287,1582"/>
                <Baseline points="1298,1609 1343,1612 1388,1612 1433,1609 1478,1612 1522,1612 1567,1609 1612,1612 1657,1609 1702,1609 1746,1609 1791,1609 1836,1609 1881,1609 1926,1609 1970,1609 2015,1609 2060,1609 2105,1609 2146,1609"/>
                <TextEquiv>
                    <Unicode>mittag bey allem hohen Wohlseyn allhier angelanget,</Unicode>
                </TextEquiv>
            </TextLine>
            <TextLine id="r_11_tl_22" custom="readingOrder {index:21;}">
                <Coords points="1282,1667 2137,1664 2137,1626 2051,1615 1282,1619"/>
                <Baseline points="1295,1651 1337,1651 1382,1654 1427,1654 1472,1651 1516,1651 1561,1651 1606,1651 1651,1651 1696,1651 1740,1651 1785,1654 1830,1651 1875,1651 1920,1651 1964,1651 2009,1648 2054,1651 2099,1651 2143,1648"/>
                <TextEquiv>
                    <Unicode>und in der Stadt London am Jungfernsteige abgetre¬</Unicode>
                </TextEquiv>
            </TextLine>
            <TextLine id="r_11_tl_23" custom="readingOrder {index:22;}">
                <Coords points="1287,1710 2141,1701 2141,1667 2018,1651 1926,1677 1287,1667"/>
                <Baseline points="1298,1690 1343,1693 1388,1699 1433,1696 1478,1693 1522,1693 1567,1696 1612,1693 1657,1693 1702,1693 1746,1693 1791,1693 1836,1693 1881,1693 1926,1693 1970,1690 2015,1693 2060,1693 2105,1693 2146,1693"/>
                <TextEquiv>
                    <Unicode>ten. Heute haben Ihre Königl. Hoheiten ge¬</Unicode>
                </TextEquiv>
            </TextLine>
            <TextLine id="r_11_tl_24" custom="readingOrder {index:23;}">
                <Coords points="421,1731 2141,1746 2141,1699 2083,1695 421,1690"/>
                <Baseline points="432,1725 468,1722 513,1719 558,1719 603,1719 647,1719 692,1719 737,1719 782,1722 827,1719 871,1719 916,1719 961,1716 1006,1716 1051,1716 1095,1716 1140,1716 1185,1716 1230,1716 1275,1719 1298,1731 1343,1734 1388,1734 1433,1734 1478,1734 1522,1731 1567,1734 1612,1734 1657,1734 1702,1734 1746,1731 1791,1731 1836,1731 1881,1731 1926,1731 1970,1731 2015,1731 2060,1731 2105,1731 2146,1731"/>
                <TextEquiv>
                    <Unicode>alle mögliche Muhe geben, jenseits der Donau ruhet, einem Concerte in dem Wurmbischen Hause</Unicode>
                </TextEquiv>
            </TextLine>
            <TextLine id="r_11_tl_25" custom="readingOrder {index:24;}">
                <Coords points="1289,1822 2141,1835 2120,1781 1289,1785"/>
                <Baseline points="1301,1812 1346,1815 1391,1815 1436,1815 1481,1815 1525,1818 1570,1818 1615,1818 1660,1818 1705,1818 1749,1818 1794,1818 1839,1818 1884,1818 1928,1815 1973,1815 2018,1815 2063,1818 2108,1815 2146,1812"/>
                <TextEquiv>
                    <Unicode>Bach mit dem vollkommensten Beyfalle auf dem For¬</Unicode>
                </TextEquiv>
            </TextLine>
            <TextLine id="r_11_tl_26" custom="readingOrder {index:25;}">
                <Coords points="1289,1872 1328,1863 1345,1874 1384,1861 1405,1876 1420,1865 1446,1878 1483,1865 1500,1874 1550,1865 1610,1878 1610,1822 1518,1833 1461,1820 1289,1818"/>
                <Baseline points="1301,1857 1346,1854 1391,1854 1436,1854 1481,1854 1525,1854 1570,1857 1615,1860 1618,1857"/>
                <TextEquiv>
                    <Unicode>te Piano hören ließ.</Unicode>
                </TextEquiv>
            </TextLine>
            <TextLine id="r_11_tl_27" custom="readingOrder {index:26;}">
                <Coords points="1507,1919 1574,1934 1701,1917 1926,1932 1926,1869 1796,1874 1774,1859 1729,1876 1708,1861 1686,1874 1662,1863 1507,1874"/>
                <Baseline points="1519,1917 1564,1914 1609,1917 1654,1917 1699,1914 1743,1914 1788,1917 1833,1917 1878,1914 1923,1917 1931,1917"/>
                <TextEquiv>
                    <Unicode>Livorno, vom 4. Dec.</Unicode>
                </TextEquiv>
            </TextLine>
            <TextLine id="r_11_tl_28" custom="readingOrder {index:27;}">
                <Coords points="1313,1967 2141,1967 2144,1891 1811,1939 1315,1913"/>
                <Baseline points="1325,1955 1340,1955 1385,1958 1430,1958 1475,1958 1519,1961 1564,1958 1609,1958 1654,1961 1699,1961 1743,1958 1788,1958 1833,1958 1878,1955 1923,1958 1967,1955 2012,1955 2057,1955 2102,1955 2146,1952"/>
                <TextEquiv>
                    <Unicode>Den mit einigen Schiffen hier eingegangenen Nach¬</Unicode>
                </TextEquiv>
            </TextLine>
            <TextLine id="r_11_tl_29" custom="readingOrder {index:28;}">
                <Coords points="1479,2109 1580,2124 1664,2107 1686,2120 1772,2107 1826,2126 1954,2116 1954,2040 1867,2042 1779,2077 1716,2064 1619,2083 1479,2059"/>
                <Baseline points="1490,2105 1534,2102 1579,2105 1624,2105 1669,2105 1713,2105 1758,2105 1803,2105 1848,2105 1893,2105 1937,2105 1958,2105"/>
                <TextEquiv>
                    <Unicode>Triest, vom 6. December.</Unicode>
                </TextEquiv>
            </TextLine>
            <TextLine id="r_11_tl_30" custom="readingOrder {index:29;}">
                <Coords points="1328,2154 2141,2154 2141,2088 2100,2081 1824,2124 1461,2116 1330,2079"/>
                <Baseline points="1340,2146 1385,2143 1430,2143 1475,2146 1519,2143 1564,2146 1609,2146 1654,2146 1699,2143 1743,2146 1788,2143 1833,2143 1878,2143 1923,2143 1967,2143 2012,2143 2057,2141 2102,2143 2146,2141"/>
                <TextEquiv>
                    <Unicode>Wie verlautet, so sollen allhier ehestens einige Ma¬</Unicode>
                </TextEquiv>
            </TextLine>
            <TextLine id="r_11_tl_31" custom="readingOrder {index:30;}">
                <Coords points="1282,2202 2135,2193 2135,2154 2096,2150 1282,2159"/>
                <Baseline points="1295,2191 1334,2191 1379,2188 1424,2188 1469,2188 1513,2188 1558,2188 1603,2188 1648,2188 1693,2188 1737,2185 1782,2185 1827,2185 1872,2185 1917,2185 1961,2185 2006,2185 2051,2185 2096,2185 2141,2182"/>
                <TextEquiv>
                    <Unicode>gazine von Mund- und Kriegesprovisionen angelegt</Unicode>
                </TextEquiv>
            </TextLine>
            <TextLine id="r_11_tl_32" custom="readingOrder {index:31;}">
                <Coords points="1490,2234 2135,2247 2135,2193 1490,2195"/>
                <Baseline points="1501,2227 1546,2227 1591,2230 1636,2230 1681,2227 1725,2227 1770,2227 1815,2227 1860,2227 1905,2227 1949,2227 1994,2227 2039,2227 2084,2227 2129,2227 2141,2227"/>
                <TextEquiv>
                    <Unicode>Man spricht auch von dem Marsch eines</Unicode>
                </TextEquiv>
            </TextLine>
            <TextLine id="r_11_tl_33" custom="readingOrder {index:32;}">
                <Coords points="1289,2284 1988,2286 1988,2241 1958,2236 1289,2232"/>
                <Baseline points="1301,2275 1322,2272 1367,2272 1412,2272 1457,2272 1501,2272 1546,2272 1591,2272 1636,2272 1681,2272 1725,2272 1770,2272 1815,2272 1860,2272 1905,2272 1949,2272 1994,2272"/>
                <TextEquiv>
                    <Unicode>zahlreichen Korps Oesterreichischer Truppen.</Unicode>
                </TextEquiv>
            </TextLine>
            <TextLine id="r_11_tl_34" custom="readingOrder {index:33;}">
                <Coords points="1375,2344 2049,2340 2049,2297 2018,2284 1805,2282 1757,2303 1474,2277 1375,2299"/>
                <Baseline points="1388,2332 1433,2329 1478,2329 1522,2332 1567,2332 1612,2332 1657,2332 1702,2332 1746,2332 1791,2332 1836,2332 1881,2332 1926,2332 1970,2329 2015,2329 2054,2332"/>
                <TextEquiv>
                    <Unicode>London, vom 14. und 18. December.</Unicode>
                </TextEquiv>
            </TextLine>
            <TextLine id="r_11_tl_35" custom="readingOrder {index:34;}">
                <Coords points="1328,2383 2135,2377 2122,2327 1513,2357 1328,2327"/>
                <Baseline points="1340,2373 1379,2370 1424,2370 1469,2373 1513,2373 1558,2373 1603,2373 1648,2373 1693,2373 1737,2373 1782,2373 1827,2373 1872,2373 1917,2373 1961,2370 2006,2370 2051,2370 2096,2370 2141,2361"/>
                <TextEquiv>
                    <Unicode>Was man auch immer von der Negociation zwi¬</Unicode>
                </TextEquiv>
            </TextLine>
            <TextLine id="r_11_tl_36" custom="readingOrder {index:35;}">
                <Coords points="421,2444 2135,2418 2135,2375 421,2398"/>
                <Baseline points="432,2427 477,2421 522,2418 567,2418 612,2421 656,2421 701,2418 746,2418 791,2418 836,2415 880,2418 925,2418 970,2418 1015,2415 1060,2415 1104,2412 1149,2412 1194,2415 1239,2418 1284,2415 1301,2415 1334,2415 1379,2412 1424,2412 1469,2412 1513,2415 1558,2415 1603,2415 1648,2415 1693,2412 1737,2415 1782,2415 1827,2415 1872,2415 1917,2412 1961,2412 2006,2412 2051,2412 2096,2409 2141,2409"/>
                <TextEquiv>
                    <Unicode>gegen Dibow, jenseits der Weichsel unserer Stadt ge= schen unserm Ministerio und dem Spanischen Mini¬</Unicode>
                </TextEquiv>
            </TextLine>
            <TextLine id="r_11_tl_37" custom="readingOrder {index:36;}">
                <Coords points="421,2476 2137,2461 2137,2420 2034,2416 421,2446"/>
                <Baseline points="432,2469 474,2460 519,2460 564,2460 609,2463 653,2460 698,2460 743,2460 788,2460 833,2457 877,2460 922,2460 967,2460 1012,2457 1057,2457 1101,2454 1146,2454 1191,2454 1236,2457 1281,2457 1301,2460 1337,2457 1382,2454 1427,2454 1472,2454 1516,2457 1561,2457 1606,2457 1651,2454 1696,2457 1740,2457 1785,2457 1830,2457 1875,2457 1920,2454 1964,2454 2009,2454 2054,2451 2099,2451 2143,2451"/>
                <TextEquiv>
                    <Unicode>gen über angerückt. Nach Aussage des gefangenen ster sagen mag, so ist dennoch nichts Zuverläßiges da¬</Unicode>
                </TextEquiv>
            </TextLine>
            <TextLine id="r_11_tl_38" custom="readingOrder {index:37;}">
                <Coords points="425,2515 2139,2498 2139,2457 425,2478"/>
                <Baseline points="438,2505 465,2502 510,2502 555,2502 600,2502 644,2502 689,2499 734,2499 779,2499 824,2499 868,2499 913,2499 958,2499 1003,2499 1048,2499 1092,2496 1137,2496 1182,2496 1227,2499 1272,2499 1295,2496 1337,2496 1382,2496 1427,2496 1472,2496 1516,2499 1561,2499 1606,2499 1651,2496 1696,2499 1740,2496 1785,2499 1830,2499 1875,2499 1920,2499 1964,2496 2009,2496 2054,2493 2099,2493 2143,2493"/>
                <TextEquiv>
                    <Unicode>Cornets waren sie sieben- bis achthundert Pferde stark, von zu berichten, weit alles auf die Zurückkunft des</Unicode>
                </TextEquiv>
            </TextLine>
            <TextLine id="r_11_tl_39" custom="readingOrder {index:38;}">
                <Coords points="421,2558 2135,2545 2135,2498 421,2515"/>
                <Baseline points="432,2547 438,2544 483,2544 528,2544 573,2544 618,2544 662,2544 707,2544 752,2541 797,2541 842,2541 886,2541 931,2541 976,2541 1021,2541 1066,2538 1110,2538 1155,2538 1200,2541 1245,2541 1289,2541 1334,2538 1379,2538 1424,2538 1469,2538 1513,2538 1558,2541 1603,2538 1648,2538 1693,2538 1737,2538 1782,2538 1827,2541 1872,2538 1917,2538 1961,2538 2006,2538 2051,2535 2096,2535 2141,2538"/>
                <TextEquiv>
                    <Unicode>und hatten die Absicht die hiesige Weichselbrücke zu rui- Couriers ankömmt, den letzterer vor 14 Tagen nach</Unicode>
                </TextEquiv>
            </TextLine>
            <TextLine id="r_11_tl_40" custom="readingOrder {index:39;}">
                <Coords points="421,2593 2135,2584 2103,2541 421,2558"/>
                <Baseline points="432,2588 438,2585 483,2585 528,2582 573,2585 618,2582 662,2582 707,2582 752,2582 797,2582 842,2582 886,2582 931,2582 976,2582 1021,2582 1066,2579 1110,2579 1155,2579 1200,2579 1245,2579 1289,2579 1334,2579 1379,2579 1424,2579 1469,2582 1513,2582 1558,2582 1603,2579 1648,2579 1693,2579 1737,2582 1782,2579 1827,2582 1872,2579 1917,2579 1961,2579 2006,2576 2051,2576 2096,2576 2141,2579"/>
                <TextEquiv>
                    <Unicode>niren, um von der Königl. Salzniederlage auf Dibow Madrid geschickt, und welcher im Januar wieder hier</Unicode>
                </TextEquiv>
            </TextLine>
            <TextLine id="r_11_tl_41" custom="readingOrder {index:40;}">
                <Coords points="421,2642 2141,2632 2090,2578 421,2593"/>
                <Baseline points="432,2630 444,2627 489,2624 534,2624 579,2624 624,2624 668,2624 713,2624 758,2624 803,2624 848,2624 892,2624 937,2624 982,2624 1027,2624 1071,2621 1116,2621 1161,2624 1206,2624 1251,2621 1295,2621 1340,2621 1385,2621 1430,2621 1475,2621 1519,2624 1564,2621 1609,2621 1654,2621 1699,2621 1743,2621 1788,2621 1833,2621 1878,2618 1923,2618 1967,2618 2012,2618 2057,2618 2102,2618 2146,2615"/>
                <TextEquiv>
                    <Unicode>das Salz bequem, und ungehindert wegführen, zu kön erwartet wird. Sonst wird es hier von Tage zu Ta¬</Unicode>
                </TextEquiv>
            </TextLine>
            <TextLine id="r_11_tl_42" custom="readingOrder {index:41;}">
                <Coords points="421,2688 2137,2666 2120,2627 1956,2623 421,2644"/>
                <Baseline points="432,2669 441,2666 486,2666 531,2666 576,2666 621,2666 665,2666 710,2666 755,2666 800,2666 845,2666 889,2666 934,2666 979,2666 1024,2663 1069,2663 1113,2663 1158,2663 1203,2663 1248,2663 1292,2666 1337,2663 1382,2663 1427,2663 1472,2666 1516,2666 1561,2666 1606,2663 1651,2663 1696,2663 1740,2663 1785,2663 1830,2663 1875,2663 1920,2663 1964,2660 2009,2660 2054,2660 2099,2657 2143,2660"/>
                <TextEquiv>
                    <Unicode>nen. Sie hatten zu dieser Absicht ihre Attaque wohl ge kriegerischer, und man hält es nunmehro für un¬</Unicode>
                </TextEquiv>
            </TextLine>
            <TextLine id="r_11_tl_43" custom="readingOrder {index:42;}">
                <Coords points="414,2711 1647,2744 2139,2709 2139,2664 414,2685"/>
                <Baseline points="427,2708 441,2711 486,2711 531,2711 576,2711 621,2711 665,2711 710,2711 755,2711 800,2711 845,2708 889,2708 934,2708 979,2708 1024,2708 1069,2708 1113,2708 1158,2708 1203,2708 1248,2708 1292,2705 1337,2708 1382,2708 1427,2708 1472,2708 1516,2711 1561,2711 1606,2708 1651,2708 1696,2708 1740,2708 1785,2708 1830,2708 1875,2708 1920,2708 1964,2708 2009,2705 2054,2705 2099,2699 2143,2702"/>
                <TextEquiv>
                    <Unicode>eingerichtet, und setzten solche von beyden Flügeln und möglich, daß der Friede bestehen könne, ob man gleich</Unicode>
                </TextEquiv>
            </TextLine>
            <TextEquiv>
                <Unicode></Unicode>
            </TextEquiv>
        </TextRegion>
    </Page>
</PcGts>
