2799 3213
922 596 1333 672 Brest, vom 18. Dec.
702 783 1102 852 becke, und 9 Flütschiffe.
913 822 1343 915 Altona, vom 1. Jan.
735 874 1546 963 Vom 1sten Advent 1769 bis zum 1sten Advent 1777
691 1065 1015 1141 der Copulirten 176.
889 1104 1380 1204 Bucharest, vom 2, Dec.
737 1172 1561 1246 Die gefangenen Türken, welche den Russen bey der
696 1235 1556 1283 Einnahme von Brahilow, in die Hände gefallen, ver¬
698 1278 1550 1333 sichern, daß die Pest bey der Armee des Großveziers
696 1322 1552 1369 noch stark wüthe. Dieser Feldherr hat das Comman¬
691 1359 1559 1404 do über die Truppen, welche bey Isaccia stehen, einem
702 1402 1552 1482 Seraskier übergeben, und ist darauf nach Babadagh
698 1439 874 1502 gegangen.
826 1493 1415 1587 Von der Türkischen Gränze,
1013 1563 1256 1632 vom 6. Dec.
728 1615 1552 1672 Die Furcht, daß die Russen die Dardanellen forci¬
691 1652 1541 1715 ren möchten, hat sich in Constantinopel ziemlich ver
691 1715 2013 1782 mindert, nachdem noch mehrere Truppen nach densel= mit unter den Gefangenen.
691 1746 1543 1802 ben abgeschicket worden; desto besorgter aber ist jetzt
696 1791 1552 1837 der Divan, daß sie nunmehro von der Seite des schwar¬
691 1826 1541 1878 Meeres, auf welchem sie schon viele Schiffe haben sol
691 1865 2417 1922 len, den Eingang in diese Hauptstadt desto leichter fin, datirten Briefen zufolge, haben des Königs von Preus=
691 1915 1541 1956 den möchten: eine Unternehmung, die den Russen durch
691 1954 1543 2019 diesen Weg schon mehrmalen und zwar schon lange vor
691 1996 1541 2043 her, ehe die Türken den halben Mond aufgesteckt, ge
698 2037 1550 2089 lungen ist, als im Jahre 864, unter Rurick, dem Stif=
696 2078 1541 2141 ter des Rußischen Reichs, das 1stemal, denn fernen
691 2113 1043 2193 906, 931 und 944,
865 2174 1389 2269 Madrid, vom 27. November.
735 2222 1537 2311 Ob zwar im Publico noch geglaubt wird, daß der
689 2293 2006 2359 Zwist mit England durch Frankreichs Vermittelung Wechsel-Cours & Species.
687 2354 1535 2400 gütlich könne beygelegt werden, so verspüret man doch
687 2385 2413 2428 nicht den geringsten Nachlaß bey der Ausführung der Amsterd. 41Tage 313 gr. Weitzen der beste 144gr.
689 2430 1546 2482 Befehle, welche erlassen sind, die Land= und Seemacht
685 2459 1985 2532 der Monarchie in einen formidabeln Stand zu setzen, Hamburg 3W. 138 gr.
689 2511 1541 2563 und die Plätze in Amerika mit Besatzungen rc. wohl
683 2548 1985 2602 zu versehen. Die regulairen Königl. Truppen in Dantzig 252 P.C dn.
680 2591 1985 2645 Amerika werden schon auf 25000 Mann geschätzet, Ducaten neue 9fl. 9½ gr.
674 2630 1546 2687 und die im hiesigen Königreiche mögen, mit Einbe¬
674 2674 1987 2724 greisung der Landmilitz, 100000 Mann betragen. Alberts Taler 136½ gr.
680 2717 1672 2769 Noch einige Regimenter haben Befehl, nach Sevilien Rubel
683 2761 1989 2850 aufzubrechen; und, was die Marine betrift, so müssen Oude 1 6 pr. C.ag.
1567 602 2448 680 zu Ferrol und in andern Häven 34 Schiffe von der Li¬
746 652 2439 717 In unserm Haven liegen gegenwärtig 4 Kriegs= nie in Bereitschaft seyn. Der Gouverneur von Bue¬
700 702 2439 770 schiffe vom ersten Range, 16 vom zweyten, und 11 nos Ayres, Herr Bucarelli, welcher die Engländer von
698 743 2445 826 vom dritten, 12 Fregatten, 5 Corvetten, 1 Sche= der Insel Falkland delogiret hat, und den 20sten die¬
1569 796 2430 852 ses, mit dem Schiffe St. Rosalia, nebst einem Schatze
1572 843 2443 893 von 1500000 Piastern und vielen köstlichen Gütern,
1578 880 2437 933 zu Cadix angelanget ist, wird alle Augenblicke bey Ho¬
1574 919 2441 976 fe erwartet. Von gedachtem Cadix sind 3 Gallionen,
696 941 2435 1028 sind allhier 668 geboren, 651 verstorben, und 178 Paar eine nach Buenos Ayres und 2 nach Lima abgegangen,
698 998 2435 1065 copuliret. In der Herrschaft Pinneberg ist die An= von welchem letzteren Orte hingegen die Gallione, der
698 1028 2428 1096 zahl der Gebornen 803, der Verstorbenen 690, und Herkules, um dessentwillen man sehr besorgt gewesen.
1578 1083 2430 1141 nach einer Fahrt von 171 Tagen, mit 873536 Pia=
1585 1124 2430 1200 stern in Gold und Silber, und andern Gutern, eben¬
1569 1156 2030 1219 falls glücklich eingetroffen ist.
1735 1211 2259 1278 Warschau, vom 24. Dec.
1606 1263 2430 1317 In diesen Tagen ist hier die angenehme Nachricht
1574 1302 2430 1361 eingegangen, daß der Kronjägermeister, Graf Bra¬
1578 1354 2430 1402 nicky, bey Wassocky, unweit Breszie, das ganze Korps
1567 1389 2428 1450 des Sava, und einiger andern Marschälle gänzlich ge¬
1567 1426 2426 1482 schlagen und zerstreuet habe, so, daß Sava selber, bloß
1569 1476 2430 1526 der Hurtigkeit seines Pferdes es zu danken gehabt, daß
1565 1519 2424 1569 er der Gefangenschaft entkommen ist. Vierzig der
1561 1552 2428 1609 Conföderirten sind bey diesem Choc, auf dem Platz ge¬
1565 1598 2422 1652 blieben, 500 derselben zu Gefangenen gemacht, 600
1574 1635 2430 1687 Pferde aber, nebst aller ihrer Bagage und zwo Kano¬
1563 1682 2428 1743 nen erbeutet worden. Der Marschall Comolinsky ist
1798 1765 2224 1839 Mitau, vom 3. Jan.
1600 1793 2422 1869 Den letzten aus St. Petersburg vom  December
1574 1902 2419 1952 sen Majestät, an Se. Kaiserl, Hoheit den Großfürsten,
1567 1946 2415 2000 Allerhöchstdero schwarzen Adlerorden übersandt. Nach
1567 1982 2415 2048 eben diesen Briefen ist von des Prinzen Heinrichs von
1569 2028 2415 2078 Preußen Königl. Hoheit den 112 December, gegen
1563 2069 2415 2115 Abend die Reise nach Moskau angetreten worden.
1561 2113 2413 2159 Se. Erlauchten der Herr Graf Ivan Tzernischew,
1561 2152 2413 2202 werden Höchstdieselben daselbst bewirthen, und sind
1559 2189 2409 2243 bereits voraus gereiset, der Herr General Bibikow
1561 2228 2156 2306 aber begleiten Se. Königl. Hoheit.
2028 2295 2398 2361 Getreyde Preise.
2017 2337 2400 2398 vom 3 bis 9. Jan. 1771.
1591 2343 1980 2398 den 10. Januar 1770.
2089 2415 2413 2469 der geringere 132-
1630 2428 1991 2491 dito 71 Tage 3114gr.
2006 2443 2413 2517 Roggen der beste 108—
2104 2493 2409 2552 der geringere 102-
1632 2517 1930 2578 dito 6 W. 137
2319 2539 2413 2585 72—
2002 2513 2267 2585 Gerste die beste
2317 2567 2411 2619 66—
2015 2569 2263 2641 — die geringere
2319 2606 2411 2661 40—
2002 2615 2167 2665 Haaber
1624 2635 1982 2693 dito oude 9 fl. 3 gr.
2006 2637 2406 2711 Erbsen große graue 105-
2039 2687 2406 2735 — kleine graue 90-
2030 2722 2409 2776 — große weiße 105-
1839 2722 1982 2774 109 gr.
2317 2752 2411 2824 8
2067 2756 2287 2824 - kleine weiße
2213 2800 2409 2880 Beylage.
