2799 3213
667 526 1528 611 lagi fortwährend die Contributionen ein, und müssen
672 639 1165 717 die nöthigen Lieferungen thun.
904 652 1311 739 Paris, vom 10. Jan.
720 689 1532 778 Jetzt siehet man hier ein seltenes mechanisches Kunst
674 796 1532 863 den. Es bestehet in einem Concert, welches von 4 me
683 993 2239 1076 einige Stücke dabey. Ein junger Schäfer bläset sehr daß unsere öffentliche Fonds gestiegen sind.
680 1046 1552 1117 artig auf der Queerflöte. Die Aufsicht über das See¬
683 1085 1552 1154 wesen, welche der Herzog von Praslin gehabt, ist von
687 1130 1552 1209 dem Könige dem General=Controlleur, Herrn Abt
689 1178 1546 1261 Terray, auf drey Monate besonders aufgetragen
680 1237 822 1300 worden.
856 1235 1378 1315 Genua, vom 28: December.
713 1274 1546 1361 Nach Briefen aus Madrit scheint der Krieg eben so
687 1369 1550 1448 immer mit unglaublichem Eifer betrieben werden. Von
693 1400 2109 1485 Cadix geht ein Schif nach dem andern mit Kriegsvöl= ga, log. bey Remus im Kneiphof.
696 1461 1554 1532 kern, Lebensmitteln und Munition nach Indien ab, und
696 1509 1554 1574 erst kürzlich ist der Befehl gegeben worden, noch 11
696 1589 1143 1661 sem Welttheile auszurüsten.
904 1602 1361 1685 Venedig, vom 4. Jan.
698 1711 1563 1767 eine freye Schiffahrt auf dem schwarzen Meere, den
698 1746 1552 1817 Abtritt der Crimm, die Unabhängigkeit der Tartarer
698 1830 1559 1904 alle Türkische Staaten bis ans Ufer der Donau verlan=
696 1869 1556 1941 gen, wenn es zum Frieden kommen sollte. Da aber
698 1917 1559 1982 die Pforte diese Bedingungen verworfen, so rüstet sie
706 1952 1554 2022 sich aufs beste zum Kriege. Unsere Republick beobachte
706 1991 1561 2056 dabey eine genaue Neutralität, und unterhält eine gute
713 2041 1563 2119 Flotte zu Corfu bey dem Eingange in das Adriatische
704 2085 1302 2156 Meer, zur Sicherheit ihrer Staaten.
902 2119 1374 2176 London, vom 4. Januar.
743 2132 2006 2228 Die entscheidende Antwort des Königs von Spanien Amsterd. 41Tage 311 gr
702 2202 1567 2263 in Ansehung des Kriegs wird noch immer erwartet;
706 2250 2011 2311 indeß setzen wir unsere kriegerischen Anstalten mit dem Hamburg 3W. 137 gr
713 2293 1572 2354 nemlichen Eifer fort. Diese Woche sind von neuem
704 2332 1748 2404 verschiedene Kriegsschiffe in Commißion genommen Dantzig
713 2369 1565 2437 worden; die Werbungen zum Land= und Seedienst ge=
720 2409 1567 2474 schehen in allen drey Königreichen gleich stark, und die
711 2456 1832 2515 Bureaux von der Marine haben wegen Lieferung von Alberrs Taler
711 2502 1569 2554 Lebensmitteln, Munition und Kriegesgerathschaften,
711 2537 1572 2598 mit verschiedenen Privatpersonan Accorde geschlossen,
720 2580 1576 2643 ausser demjenigen, was aus das Königl. Magazinen
711 2622 1580 2687 genommen werden kann, dergestalt, daß es an nichts
715 2661 1574 2722 fehlt, einen Krieg zur See anzufangen. Wie versi¬
717 2702 1582 2798 chert wird, so hat der Hof ansern Amerikanischen Co=
1554 500 2415 602 lonien Befehl geschickt, daß sie die Ausfuhre von kes
667 585 2409 648 solche Inseln auch zu den Ausbesserungen ihrer Schiffe nerley Provisionen oder Kriegsbedürfnissen in ein an¬
1550 615 2415 683 dres Land, ausser nach Großbrittannien, und was da¬
1546 659 2417 720 von abhängt, verstatten sollen. Unser Ministerium
1561 704 2422 765 scheint so viel als möglich verhindern zu wollen, daß die
676 741 2422 826 stück, welches von dem Herrn Richard verfertiget wor= andern Mächte bey dem Kriege, welcher zwischen uns
1554 780 2422 843 und Spanien entstehen dürfte, nicht die Neutralität
674 824 2419 904 chanischen Figuren mit vieler Richtigkeit aufgefuhret ergreifen sollen, aus Furcht, daß sie alsdann die Feinde
674 878 2424 954 wird. Eine Dame spielt das Clavier, und ein Abt unserer Krone mit Mund- und Kriegesvorrath versor¬
676 906 2424 996 und ein Spanier spielen den Baß und die Violine. Die gen und ihre Zubringer werden möchten. Das Ge¬
676 954 2422 1035 vierte Person schlägt den Tact. Auch singt die Dame rücht von einem Vergleiche mit Spanien hat gemacht,
1828 1046 2156 1124 Einpaßirte Fremde,
1739 1089 2250 1163 vom 26ten bis 30ten Januar,
1600 1135 2426 1200 Herr Baron von Strojanow, Obrister, kommt von
1567 1191 2430 1246 Riga, gehet nach Danzig, log. bey Lehmann in der
1565 1228 2428 1291 Vorstadt. Herr Graf von Opack, Kammerherr, kommt
1567 1267 2428 1322 von Aeys, log. bey Schultz auf dem Steindamm.
689 1313 2424 1396 unvermeidlich zu seyn, als die Zurüstungen dazu noch Die Herren Grafen von Jolar, und von Gouvon,
1574 1352 2430 1433 Herr Ellen, und Herr Lenk, Kaufleute, kommen von Ri¬
1828 1459 2174 1532 NIR TCMNNT.
1606 1493 2430 1561 Es ist des Abends um 11 Uhr, auf der Straße von dem
696 1539 2435 1611 Schiffe mit Geschütz und Kriegsbedürfnissen nach die= Kneiphöfschen Junkerhofe bis zur Schmiedegaße eine silberne
1569 1574 2435 1613 Taschenuhr mit drey Gehäusen, wovon das erstere von Schild¬
1578 1602 2426 1646 pat, und das Zifferblat silber ist verloren gegangen. Sollte je¬
1578 1628 2428 1672 mand diese Uhr wieder finden, der kann sie gegen einen Recom¬
735 1628 2430 1732 Briefe aus Constantinopel melden, daß die Russen pens von 1 Ducaten bey Herr Droz in der Französischen Gaße
1582 1689 1713 1748 abliefern.
1593 1706 2435 1793 Dor Lonegteannuchsner beit lesh, vasheshit ue der Annisicher
702 1806 2435 1852 von der Pforte, und die unumschrankte Herrschaft über Langgasse im Möllerschen Hinterhause, zeiget an daß die Loose zu
1585 1811 2428 1859 4ten Classe der 4ten Berliner Csassenlotterie, bey Verlust ihre
1585 1835 2437 1882 Rechts bis den 4ten Februar renovirt werden müssen, auch sind
1578 1863 2432 1906 noch bey ihm zu haben, ganze, halbe, und viertel Kauf= und Mieths
1582 1889 2430 1935 loose, das Kaufloos zu 7 und einen halben Rthlr. das Miethsloo¬
1582 1917 2439 1963 zu 4 Rthlr. Auch zeiget er an daß er alle Arten von Jouwelen
1582 1943 2435 1991 kauft und verkauft, und daß gefaßte Ringe, Ohrrosen, und Hals
1582 1969 2443 2032 stücke, sowohl ven Rosenstein als Brillanten, um billigen Preis
1582 2011 1885 2069 bey ihm zu haben sind.
2045 2039 2430 2119 Getreyde Preise.
1574 2043 2015 2143 Mrchl=Tauer 16 Jheus.
2024 2100 2445 2163 vom 24 bis 30. Jan. 1771.
1615 2119 2002 2172 den 31. Januar 1770.
2030 2145 2432 2204 Weitzen der beste 150gr
2135 2182 2439 2228 der geringere 135-
1654 2195 2006 2261 dito 71 Tage 3091g.
2032 2213 2439 2280 Roggen der beste 110-
2061 2254 2443 2322 — der geringere 102-
1661 2280 2017 2339 dito 6 W. 1363gr.
2037 2300 2439 2363 Gerste die beste 69—
1800 2326 2017 2382 25½p. C. dn
2356 2337 2443 2389 66—
2043 2341 2293 2409 — die geringere
1589 2365 2180 2437 Ducaten neue 9fl. 114gr. Haaber
2361 2378 2450 2428 39—
1669 2409 2015 2467 dito oude 9fl. 41gr
2041 2402 2441 2478 Erbsen große grauero5 -
2352 2452 2441 2500 96-
1869 2450 2013 2504 1432gr
2067 2456 2330 2506 — kleine graue
2065 2491 2326 2545 — große weiße
1876 2495 2024 2548 109 gr.
1591 2498 1704 2548 Rubel
2361 2524 2445 2580 84—
2065 2526 2326 2589 — kleine weiße
1593 2528 2039 2604 Oude 15, 8 pr. C.ag.
1598 2602 2467 2678 Diese Gelehrte und Politische Zeitung wird des Montag
1652 2650 2406 2719 und des Freytags Vormittags um 10 Uhr in dem
1756 2691 2302 2765 Kanterschen Buchladen ausgegeben.
