2679 3213
468 462 1319 553 des Nachts geschahe aus Höchstdenenselben eigenge¬
479 697 1323 747 Generallieutenant von Platen Excellenz mit einem
1062 740 1323 805 Bey Höchstdero
477 749 1021 797 Brillantenen Ring zu beschenken.
475 1034 1308 1107 brennenden Fackeln bis zur ersten Station begleitet.
702 1075 1107 1133 Berlin, vom 9. Febr.
479 1287 1330 1343 Fürst Excéllenz, bey dem hiesigen Oberappellationsge¬
468 1449 1325 1507 bey dem Tribunal introducirte würkliche geheime Etats
475 1533 1323 1585 Herrn Großkanzler, Freyherrn von Fürst, am Donner¬
479 1580 1325 1628 stage auf dem hiesigen Königl. Oberconsistorio, als
477 1610 1317 1664 Chef des geistlichen Departement in Evangelisch=Lu
471 1699 1323 1746 den. Der Königl. Preuß. Generalmajor von der Ar¬
475 1783 1328 1833 Christian Ernst von Puttkammer, ist zu Neustadt=
471 1822 1321 1867 Eberswalde, am 29ten Januar c. frühe um 3 Uhr,
475 1913 855 1973 Entkräftung verstorben.
516 1928 1325 1999 Gestern früh sind Se. Excellenz, der Hochwürdige
471 1986 1323 2040 und Hochwohlgebohrne Herr, Herr Ludewig Philipp
471 2075 1325 2131 geheimer Etats= und Kriegesrath, Vicepräsident und
477 2109 1323 2163 dirigirender Minister bey dem General=Ober=Finanz¬
471 2159 1334 2208 Krieges- und Domainendirectorio, des Preußischen
475 2202 1328 2252 schwarzen Adlerordens, wie auch der hochlöblichen St.
471 2247 1330 2301 Johanniter= und St. Mauritiordens Ritter rc. rc. an
475 2275 1325 2342 einer Brustkrankheit in einem Alter von 49 Jahren,
468 2323 1325 2379 mit Tode abgegangen. Der Beyfall, das Vertrauen
475 2448 1168 2532 gewesen, dienen statt aller Labeserhebungen.
708 2489 1140 2549 Mitau, vom 11. Febr.
525 2506 1323 2582 So bald Unsers gnädigsten Fürsten Durchlauchten
1341 438 2204 529 Dero Ankunft in dieser Stadt, Höchstdieselben zu eoms
475 520 2208 583 wordenen Herzen die inbrünstigsten Wünsche zur glück- plimentiren, den Bericht erhalten hatten, daß Se.
475 555 2195 626 lichsten Reise verdoppelt wurden. Bey dem Abschiede Königl. Hoheit, den 6ten dieses Vormittags auf der
471 591 2198 686 geruheten Höchstdieselben unsern Herrn Gouverneur Gränze dieses Herzogthums eintreffen würden, war von
471 639 2202 710 mit einer prächtigen goldnen Dose, und des Herrn Höchstdenenselben Dero Reise Equipage, unter Vorrei¬
1347 680 2198 734 tung der Jägerey dahin entgegen geschicket worden.
1343 721 2191 777 Bey der Ankunft Se. Königl. Hoheit, wurden selbi¬
479 762 2195 835 Abreise, welche um 2 Uhr vor sich gieng, waren die ge durch den Herrn Oberhauptmann von Oelsen, und
486 807 2198 883 Straßen wo Se. Königl. Hoheit durchpaßirten alle den Herrn Kammerjunker von Klopmann complimenti¬
471 851 2198 922 erleuchtet, und wurden Höchstdieselben von unserm ret, worauf Höchstdieselben in solcher Gesellschaft Dero
477 881 2191 961 Herrn Gouverneur, den Herren Ministern, des Hrn. Reise bis auf / Meile von hier fortsetzten. Daselbst
484 926 2195 1008 Präsidenten nebst einem sehr großen Gefolge der Nobles= trafen Sie schon des Herzogs Durchl. an, welche von De¬
479 969 2195 1049 se unter Beyreitung der hiesigen Schützengülde mit ro Oberräthen begleitet, Sich dahin entgegen erhoben
1351 1012 2198 1079 hatten, und nach der rührendsten Bewillkommung Jh=
1343 1056 2189 1110 res großen Gastes, nebst Denenselben in der Parade
494 1094 2198 1161 Am vergangenen Dienstage sind Se. Excell. der bisherige Equipage unter Vorreitung der drey Garde Compagnien
479 1140 2195 1207 Chef des geistlichen Departements, in Evangelisch=Lu= mit Trompeten und Paukenschall und Abfeurung der
477 1179 2191 1252 therischen Kirchen und Schulsachen, Herr von Münch= Kanonen, vom Schlosse und von den Wällen, Dero
475 1222 2191 1289 hausen, von des Herrn Großkanzlers, Freyherrn von Einzug in die Residenz hielten. Am Eintritt in das
1349 1263 2195 1328 fürstl. Pallais wurden Se. Königl. Hoheit unvermu¬
471 1304 2191 1384 richte als würklicher geheimer Etats= und Justitzmini= thet von des Herzogs Ernst Johann Durchl. empfan¬
479 1347 2185 1423 ster, und Präsident des Tribunals introduciret worden. gen, welcher nebst des regierenden Herzogs Durchl. Sel
475 1388 2195 1459 Dägegen sind Se. Excellenz, der vor einigen Wochen bige nach den für Sie bestimmten Zimmern begleiteten.
1347 1431 2191 1485 Mittags wurde unter einer von dem Capellmeister
475 1472 2191 1552 minister, Freyherr von Zedlitz, von Sr. Excellenz, dem Herrn Veichtner hierzu componirten Tafelmusik gespei¬
1351 1515 2195 1576 set. Nachmittags geruheten Se. Königl. Hoheit Un=
1343 1550 2195 1619 serer Durchl. Herzogin, welche wegen Dero Unpäßlich¬
1341 1602 2200 1651 keit Vormittags nichr erscheinen können, in Dero Zim¬
471 1645 2191 1705 therischen Kirchen und Schulsachen eingeführet wor= mer die Visite zu machen. Ein Concert ebenfalls von
1343 1684 2195 1740 des Herrn Veichtners Composition ward des Abends
468 1721 2193 1792 mee, und Chef eines Regiments Ihsanterie, Herr aufgeführet, unter welchem die, in dem Garten errich¬
1345 1766 2189 1818 tete Illumination angestecket wurde, und hierauf erfolg¬
1349 1803 2185 1859 te ein zahlreiches Söllper, an verschiedenen Tafeln
468 1844 2193 1947 nach einer langwierigen Krankheit, und auszehrenden Nach dessen Endigung setzten Seine Königl. Hoheit,
1347 1895 2200 1941 Dero Reise gegen 11 Uhr des Nachts fort, und wur¬
1347 1930 2200 1990 den von Se. Durchl. bis auf die nächste Station be¬
1347 1971 2198 2038 gleitet. Durch das ganze Land ist sowohl die Anstalt
477 2014 2193 2085 Freyherr von Hagen, Sr, Königl. Majestät wirklicher zu Stellung der nöthigen Pferde gemacht, als auch
1343 2055 2195 2107 die Zimmer, wo Se. Königl. Hoheit abtreten werden,
1347 2105 2198 2180 in gehörigen Stand gesetzet, und die Tafel von der
1351 2144 2075 2206 fürstl. Küche und Conditorey besorget worden.
1524 2185 2012 2243 London, vom 22. Januar.
1388 2215 2191 2288 Der Hof hat dem Parlemente noch nichts von der
1347 2275 1986 2329 Unterhandlung mit Spanien mitgetheilt.
1386 2297 2195 2368 Zu Spithead liegen / etzo 28 Kriegesschiffe völlig ausge=
471 2355 2189 2420 und die ununterbrochene Gnade Sr. Majestät, des Kö= rüstet.. Am Montage, den 15ten, war das Barome
475 2390 2200 2467 nigs, womit dieser Minister bis an sein Ende beehrt ter 3 Grade niedriger, als es in 10 Jahren in England
1341 2444 1604 2517 nicht gewesen ist.
1569 2459 1971 2545 Paris, vom 28. Jan.
1386 2504 2195 2578 Man sagt jetzt für gewiß, daß der Herzog von Aiguik¬
468 2567 2198 2634 durch Dero Oberhofmarschall, den Freyherrn von kon zum Minister der auswäytigen Angelegenheiten
471 2608 2191 2673 Knigge, welcher des Prinzen Heinrich v. Preußen Königl. werde ernannt wetden. Der Friede zwischen Spanien
475 2653 2195 2744 Hoheit nach Riga entgegen gesendet worden, um bey und England hat seine Richtigkeit. Endlich hat der
2088 2692 2204 2778 König
