2799 3213
639 495 2379 595 von der Freude der Christen, von der Nothwendigkeit das überall hervorstechende und befestigte reine Lehr¬
643 578 2370 641 der völligen Heiligung, von den Früchten der Aufer= system, welches er in allen seinen Predigten vorträgt,
639 656 1495 715 auf einerley Sache anstoßen, mit diesen vergleichen,
647 702 1493 758 um zu sehen, wie sich Herr C. oft selbst ausschreiben muß.
641 745 1495 804 Wir empfehlen bloß aus diesem Theil die Vergleichung
639 782 1495 839 der vierten mit der sechszehnten, imgleichen der achten,
639 823 1493 906 zehnten und eilften Predigten. Man wird unser Ur¬
641 862 934 936 theil wahr finden.
678 878 1495 969 Allein ohngeachtet dessen, müssen wir doch auch et¬
639 947 2370 1008 was von unsern ehemaligen Urtheilen über den Pre= durch keine Beispiele verführender Männer von der
639 986 2375 1056 digtgeist des V. zurücknehmen; weil sich die Zeiten Wahrheit abbringen läßt, sondern durch so viel Bände
639 1038 1490 1084 geändert haben. Wir zweifelten nämlich ehemals an
639 1080 2377 1158 der Gemeinnützigkeit so vieler Predigten über so viel den Originalsätzen der wahren christlichen Religion bei¬
641 1119 1486 1175 Einerley ihres Inhalts. Jetzt denken wir anders.
637 1147 2370 1225 Da wir seit etlichen Jahren mit so viel Predigten über= enthält übrigens achtzehn Predigten über Evangelien
632 1240 1488 1286 wider die reine Lehre von angesehenen Männern vorge¬
634 1284 1484 1353 tragen werden: so gkauben wir, daß Herr C. durch
643 619 2379 680 stehung, so darf man nur einige andre Predigten, die den Schaden vergüten kann, den jene Irrlehrer mit
1519 676 2377 726 ihren Predigten stiften. Da es noch immer Leute giebt,
1516 717 2368 769 die doch gerne Predigten kaufen und lesen, so empfeh¬
1519 756 2375 806 len wir ihnen diese Predigten Sie werden darinn
1523 799 2375 849 lautre Wahrheiten, richtiges Christenthum und beson¬
1519 834 2375 893 ders die Hauptlehren der Rechtfertigung und Heiligung
1514 882 2375 934 in ihrer eigentlichen Verbindung vorgelegt finden. Uns
1523 921 2375 973 deucht, das ist Ruhm gnug für Herrn C. daß er sich
1519 1045 2370 1093 seiner Predigten noch immer gleich viel Geschmack an
1512 1130 2375 1186 zubehalten und auszubreiten weiß. Dieser Theil
647 1195 2377 1269 schwemmt werden, in denen die gröbsten Irrthümer, und Episteln, deren Inhalt wir anzuführen nicht nö¬
1512 1245 2038 1321 thig finden. Kostet 2 fl. 15 gr.
813 1403 1304 1493 Berlin, vom 19. Januar.
639 1519 1488 1564 Staabsrittmeister, Herr von Göppel, eine vacante
632 1551 1488 1608 Escadron erhalten, und der Premierlieutenant, Herr
628 1636 1484 1688 Am Dienstage des Mittags, speiseten Se. Majestät,
634 1684 1484 1729 der König, nebst dem hier befindlichen Königl. Hause,
634 1729 1493 1773 bey Sr. Königl. Hoheit, dem Prinzen Ferdinand.
632 1766 1484 1814 Des Abends wurde in Opernhause Redoute gehalten,
628 1847 1484 1905 Abends wurde im Opernhause das Singespiel: Mon¬
630 1886 956 1957 tezuma, wiederholt.
767 1907 1347 1979 Coppenhagen, vom 8. Jan.
669 1944 1482 2016 Bey der hiesigen Zollkammer sind im Jahr 1770 ein=
624 2014 1484 2073 gekommen 3573, und ausgegangen 3598 Schiffe. Jm
630 2055 1479 2120 Sunde sind beregtes Jahr in allem paßirt 1756 Schiffe,
621 2094 1271 2162 und also 378 mehr, als das Jahr 1769.
791 2120 1317 2186 Livorno, vom 24. December.
624 2218 1475 2272 ben wir einen ausführlichen Bericht von dem oft er¬
621 2257 1469 2307 wehnten Vorgange auf der Insel Lemnos erhalten.
621 2346 1473 2398 aufs äusserste gebracht war, indem sie an allem Man¬
624 2381 1473 2444 gel litt, capitulirte sis den 4. October unter der Bedin¬
624 2429 1469 2481 gung eines freyen Abzugs, doch mit Zurüͤcklassung alles
624 2553 1473 2603 sich als Geisseln zu dem Grafen von Orlow, welcher
613 2679 1460 2757 satzung bestimmt, nebst 120 Sclavoniern und 350
1510 1412 2364 1499 Albanern, welche unter den Mauern campiren sollten,
678 1456 2362 1549 Bey dem Wernerschen Husarenregimente, hat der zurück ließ. Des Nachts kam die Nachricht, daß 4.
1508 1527 2359 1590 italienische Meilen von der Festung 23 Schiffe mit Tür
1512 1560 2364 1621 ken gelandet und im Anmarsch wären. Die zum re¬
632 1610 2370 1671 von Wittcken, ist zum Staabsrittmeister avancirt. cognosciren ausgeschickten Detaschements bestätigten
1514 1640 2362 1708 solches, und gegen Morgen kamen die Türken trupp¬
1512 1686 2370 1745 weise zum Vorschein. Da es nun zu spät war, die Ar¬
1512 1731 2372 1786 tillerie wieder auszuschiffen, und die meisten regulai¬
1510 1766 2370 1836 ren Truppen mit den Kriegsschiffen bereits abgeseegelt
628 1812 2370 1875 und der Hof soupirte an fünf Tafeln. Gestern des waren, ließ der General, nachdem er eine Weile mit
1501 1853 2364 1914 dem Feind scharmutzirt, und ihn zurüͤck getrieben hatte,
1508 1888 2372 1955 den Rest seiner Truppen, ohne einen Mann verlohren
1508 1936 2362 2001 zu haben, vollends einschiffen. Er begab sich sodann nach
1508 1979 2362 2044 dem Hafen Madrone, wo der gröste Theil der Rußischen
1512 2014 2362 2079 Escadre und ihre Magazine sich befanden; da aber der
1499 2055 2359 2125 Vorrath an Lebensmitteln meistens aufgezehrt war, so
1499 2099 2359 2164 ließ der General die Truppen bis auf 200 Mann ein¬
1506 2142 2359 2205 schiffen. Den 14. October sielen 800 Türken auf das
663 2155 2362 2249 Durch die hier befindlichen Rußischen Officiers ha= Dorf Modrone, in der Absicht unsre Magazine zu rui=
1499 2222 2357 2290 niren; die daselbst stehenden 200 Russen aber empfin=
1495 2266 2353 2327 gen sie mit grosser Unerschrockenheit, und jagten sie
621 2307 2357 2370 Nachdem die Türkische Besatzung der Festung Lemnos nach einem zweystündigen Gefecht und mit einem Ver¬
1493 2346 2362 2414 lust von mehr als 200 Todten und vielen Verwundeten
1495 2390 2362 2453 zurück; auf Rußischer Seite sind 37 Mann geblieben.
1490 2433 2353 2494 Die Griechischen Einwohner der Insel waren wegen der
617 2477 2355 2533 Gewehrs rc. Die Capitulation ward den 6. unter= Abreise der Russen ihres Lebens halber sehr in Angst,
621 2518 2353 2572 schrieben, und 6 von den vornehmsten Türken begaben allein der General ließ die 6 Türkischen Geisseln, wel¬
1499 2555 2362 2633 che er noch bey sich hatte, und welche die vornehmsten
621 2596 2351 2653 hierauf seine Canonen und Truppen an Bord seiner in der Insel waren, auf den Koran schwöhren, den
617 2640 2364 2703 Schiffe bringen und blos so viel Mann als er zur Be= Griechen gut zu begegnen, welches sie auch mit Freu¬
1495 2683 2353 2763 den versprachen und darauf ihre Freyheit erhielten.
2227 2733 2357 2816 Weniz
