2799 3213
673 550 2436 645 Parlement alle Papieren vorgeleget werden, die schüchternen Volks auf das höchste stieg., Mehr als
702 1085 1690 1147 den, der England die größten Summen würde gekostet flehen.
702 1129 1554 1186 haben. Zu diesen letztern gehören die Hofparthey und
697 1171 1561 1223 die Menschenfreunde. So viel ist inbessen gewiß, daß
704 1383 1563 1438 sen nicht nachgelassen werden. Dieser Tagen ent¬
706 1508 1493 1552 eine Maulschelle, und zog hierauf den Degen.
719 1951 1574 2021 Spanische Gesandte eine Declaration zeichnen würde,
717 1997 1574 2052 und daß selbige dadurch ansehnliche Summen bey Auf=
719 2122 1579 2186 tage verdient haben. Der Richter Bathurst, pon wel¬
717 2206 1579 2265 worden, hat den Titel Lord Apsley erhalten. Der
719 2377 875 2449 zu lassen.
888 2418 1416 2510 Livorno, vom 16. Januar.
759 2471 1570 2559 Diese Woche haben wir wieder verschiedene kleine
715 2537 1576 2602 Erderschütterungen gehabt, bis endlich den 12ten die=
715 2574 1570 2649 ses, Abends um  auf 10 UIhr, ein so heftiger Erdstoß
717 2620 1574 2686 erfolgte, daß alle Einwohner auf das Feld flüchteten.
719 2743 1574 2833 auf das freye Feld tragen, wodurch die Bestürzung des
682 616 2434 680 in dieser Sache zwischen England und Spanien gewech= 12000 Personen haben bereits die Stadt verlassen,
686 653 2436 730 selt worden. Es heißt, daß wir eine Colonie und die benachbarten Derfer sind so voll, daß niemand
688 697 2434 765 auf der Insel Falkland anlegen wollen, so bald sie mehr unterkommen kann. Schrecken und die feuchte
693 743 2436 809 die Spanier verlassen haben. Einige meynen, da das Luft raffen zugleich eine Menge dieser unglücklichen
688 785 2436 859 Besitzungsrecht dieser Insel noch streitig wäre, und hin, so, daß man das heilige Sacrament bestandig in
686 827 2438 895 man überdies noch andere Punkte mit Spanien abzu= diesen Gegeuden herumtragen sieht, um die vielen
693 864 2440 934 machen hätte: so könne es doch noch vielleicht zum Krie= Kranken und Sterbenden damit zu versehen. Zugleich
697 914 2440 980 ge kommen. Andere halten die Ruhe nunmehro von ist die Witterung sehr schlecht, und mit beständigen
695 954 2442 1028 Dauer, und sind mit den Bemühungen des Königs Regen und Stürmen untermischt. Es sind daher in
702 989 2442 1059 und des Ministerii vollkommen zufrieden, wodurch ein allen Kirchen öffentliche Gebete angestellt worden, um
697 1033 2438 1098 kostbarer und dabey ungewisser Krieg vermieden wor= von dem Höchsten das Ende dieser Landplagen zu er¬
1693 1090 2320 1166 Von der Weichsel, vom 26. Jan.
1611 1140 2442 1221 Als der Herr Major Spaeth mit seinem Detasche¬
704 1199 2442 1278 hier mit dem Pressen noch fortgefahren wird, ob man ment nach Thorn zurückgekommen war, so erfuhr er,
702 1248 2434 1316 gleich bereits das Gegentheil gemeldet hat. Man wil daß sich die Conföderirten aufs neue in der Gegend
702 1276 2442 1353 die Anzahl der Seeleute auf 40000 Mann bringen, von Kola zusammen zögen. Er schickte dieserwegen
706 1320 2449 1397 und ehe diese Zahl nicht vollständig, wird mit dem Pres= einen Juden, den er bey sich hatte, aus, um sichere
1585 1359 2442 1423 Nachrichten einzuziehen. Der Jude war aus Ino¬
710 1401 2440 1478 stand in Westminster Hall ein lebhafter Streitzwischen wroclaw. Als der Jude in Kola gewesen war, gieng
710 1456 2445 1515 Lord. Milton und Lord Paulett. Ersterer gabletzterem er auf seiner Rückreise durch Radzeowa, woselbst er
1576 1489 2451 1541 die Thorheit begieng, bey dem Burgermeister anzu¬
702 1533 2445 1607 kam aber ein Freund dazwischen, der es nicht zum Ge= sprechen, und von demselben, seiner Legitimation hal¬
704 1579 2460 1651 fecht kommen ließ. Die beyden Lords wollten sich hier= ber, ein Certificat zu nehmen. Kaum war er abge¬
706 1620 2451 1684 auf im Hyde=Park duelliren; allein, sie wurden in Ar= reiset, so kam der Commandant dieser Conföderirten,
704 1651 2447 1723 rest genommen, und nach der Hauptwache geführet. mit Namen Zakrzewski, nach Radzeswa, und fragte
713 1697 2447 1767 So bald sie wieder in Freyheit waren, nahmen sie zu= den Bürgermeister, was er neues hätte? Dieser ant¬
719 1734 2456 1813 sammen eine Postkutsche, giengen nach Dover, und wortete ihm, daß ein Jude von dem Herrn Major
713 1778 2453 1848 von da nach Frankreich. Der Streit ist über ein Ver= Spaeth ohnlängst von ihm gegangen sey. Man setzte
713 1820 2445 1894 sprechen entstanden, welches Lort Paulett nicht gehal= ihm so gleich nach, hohlte ihn ein, und führte ihn nach
719 1859 2445 1932 ten hat. Man sagt hier, daß gewisse vornehme Per= Inowroclaw, woselbst man ihn vor der Synagoge auf¬
719 1897 2456 1978 sonen schon 6 Tage vorher gewußt haben, daß der knüpfen wollte; aber die Juden gaben für sein Leben
1596 1943 2456 2004 80 Ducaten, und die Priester daselbst machten ihn
1596 1984 2451 2039 Katholisch. Man versprach ihm unter diesen Bedin=
710 2024 2456 2094 kaufung der Stocks gewonnen. Der Mäckler einesge= gungen das Leben. Kaum waren sie aber eine Meile
710 2065 2460 2144 wissen Herrn soll dabey allein an 30000 Pfund Cour= von Inowroclaw nach Montwa gekommen, so hiengen
1603 2111 2451 2166 sie ihn an ein daselbst stehendes Kreuz. Als diese
721 2146 2456 2223 chem wir bereits gemeldet haben, daß er Kanzler ge= Ritter weg waren, ließ ihn ein daselbst wohnender
1603 2192 2456 2252 Edelmann, Namens Kariki, abnehmen und beerdi¬
717 2234 2458 2311 Rath dieser Stadt hat 1500 Pf. Sterl. bewilliget, um gen. So bald die Conföderirten dieses erfuhren, ka¬
721 2278 2458 2350 dem ehemaligen Lordmayor William Beckford eine Sta= men sie zurück, und nöthigten den besagten Kariki,
713 2315 2453 2392 tüe von Marmor in dem hiesigen Rathhause aufrichten ihn wieder auszugraben, und selbst wieder aufzuhän¬
1596 2357 2451 2421 gen. Dieses Exempel beweiset zur Genüge, wie sehr
1594 2396 2458 2493 sich diese Ritter die Beschützung der Religion zu Her¬
1596 2451 1791 2510 zen nehmen.
1855 2515 2188 2581 Einpaßirte Fremde,
1754 2545 2293 2613 vom 14ten bis 14ten Februar.
1633 2585 2453 2662 Der Herr von Rosenberg, Rußischkaiserl. Major,
726 2644 2458 2727 Den folgenden Tag, welches ein Sonntag war, sahe und die Herren von Assenberg und von Holtey, kom¬
721 2688 2467 2763 man eine Menge Betten und anderes Hausgeräthe men von Petersburg, gehen nach Frankreich, log. bey
1596 2734 2024 2815 Lehmann in der Vorstadt.
