2799 3213
718 490 2448 599 nos gelandet, da sie doch in dem Archipelago den Mei= gesteckt, und nach den Bedingungen, welche von bey¬
716 566 2446 644 ster gespielet. Die wahrscheinlichste soll diejenige seyn, den Theilen sind eingegangen worden, haben sie 8 Geis¬
716 605 2452 688 daß der Admiral Elphinston, der den Auftrag hatte, seln ausgeliefert bekommen, die Sie auch noch in Ih¬
710 647 2452 729 den Ausgang der Dardanellen zu bewachen, diesen rer Macht haben. Die Vestung selbst hat sich aus der
716 688 1573 746 Posten verlassen, und mit seinem Schiffe gestrandet.
714 781 1215 857 macht, die Landung zu wagen.
914 809 1382 901 Marseille, vom 1. Jan.
755 846 1573 933 Aus Livorno vernimmt man, daß die Befehlshaber
723 918 1580 976 der daselbst aus dem Archipelago angekommenen Rus¬
723 961 1573 1013 sischen Schiffe bekannt gemacht, daß sie im Frühjahre
716 1011 1567 1055 noch weit stärker dahin zurücksegeln würden, als sie in
718 1042 1565 1098 vorigen Jahre gewesen. Zu Mahon, wo der meist
725 1085 1569 1137 Theil der dritten Rußischen Verstarkungsflotte noch lie
718 1133 1565 1185 get, erwartet man noch eine vierte, die an Schiffer
716 1178 1575 1224 und Truppen annoch zahlreicher seyn soll, als die dritte.
718 1209 1567 1261 Briefen aus Meßina zufolge, haben die Russen 7 Fahr=
716 1246 1567 1306 zeuge von verschiedenen Nationen dahin gebracht, wel¬
718 1298 1565 1348 che Reis, Caffee und andere Egyptische Waaren zu
710 1328 1567 1389 Alexandria für Constantinopel eingenommen hatten.
718 1374 1565 1430 Man schreibt aus Mahon, daß daselbst eine Englische
714 1499 1332 1573 um sie nach Gibraltar zu überbringen.
883 1530 1397 1604 Rouen, vom 24. December.
710 1638 1567 1693 ein entsetzlicher Sturm aus Nord Westen, der von
707 1682 1558 1734 11 Uhr des Nachts bis 8 Uhr des Morgens dauerte
714 1721 1565 1777 Dis ist ein so heftiger Sturm, als man daselbst in vie=
710 1762 1575 1816 len Jahren nicht gehabt hat. Er rieß Schorrsteine
714 1812 1567 1864 nieder, Bäume aus der Erde, und erschütterte die Häu¬
712 1844 1565 1907 ser so stark, daß viele Personen es für ein Erdbeben
710 1888 1565 1936 hielten. Ein kleines Fahrzeug, welches die Kaufmanns=
707 1931 1562 1988 waaren nach dem Hafen bringt, wurde von seinen Tau¬
705 1979 1558 2029 en abgerissen und zerschmettert. Die Schiffe im Ha¬
701 2009 1569 2072 fen haben durch das heftige Stossen an einander eini¬
707 2059 1554 2131 gen Schaden gelitten. Doch ist kein Mensch daber
703 2094 935 2157 umgekommen.
898 2137 1367 2207 Livorno, vom 2. Januar.
733 2187 1558 2255 Die Truppen, welche der Insel Lemnos zu Hülfe
701 2224 1562 2296 gekommen sind, stunden unter den Befehlen des Assan
701 2281 1558 2337 Bey, welcher den 12ten October an den Grafen von
701 2324 1295 2374 Orlow folgendes Schreiben erlassen:
699 2439 1552 2493 überflüßig zu erweisen, Bevollmächtiger der Kaiserin
690 2480 2391 2582 von Rußland, Graf Orlow! Gott segne Sie bis an zig, gehen zurück, logiren bey Remus im Kneiphof.
694 2519 1552 2584 das Ende Ihrer Tage! Was mich anbelangt, befinde
690 2611 1549 2671 lagert haben, und welche dahin ist gebracht worden,
694 2647 1552 2732 daß sie capituliren müssen, hat die weiße Fahne aus¬
1595 707 2446 770 Ursache nicht ergeben können, weil ich, da ich vom
723 733 2448 831 Dieser Umstand habe den Türken wieder Muth ge= Großherrn befehliget worden, ihr zu Hülfe zu kom¬
1595 799 2446 859 men, in dieselbe einmarschiret bin, und die rothe Fah¬
1586 827 2443 894 ne ausgesteckt habe. Alle diejenigen, welche in der
1593 872 2443 940 Capitulation begriffen sind, halten noch unverrückt ihr
1593 911 2446 981 Wort, und man hat, so lange die Welt stehet, noch
1597 955 2448 1011 kein Beyfpiel, daß diejenigen, von welchen einmal
1595 998 2446 1063 Geißeln sind gegeben worden, ihr Wort sollten gebro¬
1588 1031 2448 1105 chen haben. Gegenwärtig aber, da ich Herr von der
1586 1076 2446 1144 Vestung bin, stehet nichts mehr in der Macht der Ein¬
1588 1128 2448 1187 wohner und ihrer Häupter. Inzwischen von Ihnen
1595 1163 2446 1222 werden die Geißeln alles zu hoffen haben; denn Ihr
1588 1200 2439 1272 Name und großer Muth ist so berühmt allenthalben,
1591 1246 2443 1326 daß Sie sich dadurch selbst es zur Pflicht machen wer¬
1582 1289 2198 1354 den, Ihnen die Freyheit zuzugestehen.
1747 1317 2289 1406 Amsterdam, vom 11. Jan.
1628 1352 2448 1456 Briefe aus Paris melden, daß Se. Allerchristlichste
714 1408 2443 1489 Fregatte in 17 Tagen aus England angelanget wäre, Majestat entschlossen sind, in dem Departement der
707 1460 2439 1536 welche 2 Compagnien Artilleristen an Bord genommen, auswärtigen Angelegenheiten mit dem Abk de la Ville,
1582 1519 2439 1580 ersten Commis, in Gegenwart eines Staatssecretairs,
1582 1556 2439 1625 selbst zu arbeiten. Man schmeichelt sich, daß alsdann
753 1580 2389 1662 Jn der Nacht vom 18ten bis zum 19ten Dec. entstand der Krieg um desto eher werde vermieden werden.
1803 1636 2224 1697 Ostende, vom 8. Jan.
1625 1645 2443 1762 Im vorigen Jahr sind hier 469 Schiffe, folglich
1582 1701 2157 1775 eben so viel als 1769 angekommen.
1779 1747 2235 1821 Caixo, vom 30. October.
1625 1782 2433 1864 Da Ali Bey alle diejenigen, welche ihm Ombrage
1580 1821 2439 1910 erwecken können, entfernet, so hat es nun alles Anse¬
1584 1881 2439 1946 hen, daß ihm nichts, als der Tod, seine erworbene
1580 1918 2443 1990 Autoritat werde nehmen können. Der Schutz, den
1580 1962 2437 2033 er den Fremden verliehen hat, macht auch, daß diesel¬
1582 2001 2439 2068 ben wünschen, daß er sich erhalten möge. Herr Bal¬
1588 2040 2435 2111 thasar Rossetti ist von hier nach Suez abgereiset, von
1573 2090 2433 2163 dannen er sich nach Gedda begeben wird, um daselbst
1580 2133 2235 2207 ein Handlungs=Etablissement anzulegen.
1840 2181 2170 2268 Eimnessinte Frende.
1743 2255 2263 2311 vom 19ten bis 25ten Januar.
1612 2268 2433 2361 Herr von Angely, Königl. Dänischer Obrister,
1575 2322 2422 2402 kommt von Petersburg, geht nach Copenhagen, log.
740 2348 2433 2443 Hochgebohrner, gnädiger, und von Gott verordne= bey Seyfrieds im Kneiphof. Herr Graf von Tottle¬
697 2387 2428 2485 ter Herr, um alles Gutes in den besten Eigenschaften ben, kommt aus Berlin, geht nach Petersburg, Herr
1580 2456 2433 2539 Bellefort, und Herr Toinniges, Kaufleute aus Dan¬
697 2561 2426 2673 Ich mich noch wohl. Die Vestung, welche Sie be= Diese Gelehrte und Politische Zeitung wird des Montag
1619 2641 2378 2706 und des Freytags Vormittags um 10 Uhr in dem
1719 2667 2272 2754 Kanterschen Buchladen ausgegeben.
