2679 3213
1895 1348 2099 1445 A
838 1410 1773 1490 1stes Stück. Freytag, den 4. Januar 1771.
444 1604 1272 1715 Heil uns! ein neues Jahr steigt wieder
450 1697 1194 1774 Zu uns vom hoh'n Olymp hernieder!
543 1758 1165 1834 Dir! ruft ein jeder Jubel zu,
444 1807 1293 1873 Die Jugend hoft in dir verneute Freuden,
537 1869 1278 1953 Der Greiß die längst gewünschte Ruh.
446 1946 1307 2035 Und der Bedrängte winket dir bey seinen Leiden
549 2001 1114 2099 Voll freudiger Erwartung zu,
450 2191 1179 2279 Fern von uns ist der Ruhe Stöhrer,
446 2272 1177 2363 Fern ist der Würger, der Verheerer,
545 2316 1268 2401 Den Schrecken, Fluch und Nacht gebar.
444 2393 1307 2480 Dein Schutzgeist, Preußen, kommt vom Him¬
891 2455 1107 2530 mel nieder
543 2516 1252 2569 Und mit ihm ein beglücktes Jahr,
435 2563 1311 2652 Er breitet über dich allnächtig sein Gefeder
539 2633 1221 2726 So mächtig, wie er vormals war.
1312 1477 2042 1566 Da Weisheit auf dem Throne sitzer,
1320 1554 2039 1641 Da dich des Helden Rechte schützet,
1417 1638 2024 1689 Der Vaterhuld im Herzen hat;
1320 1678 2177 1775 Maß dich ein ewig junges Licht unglänzen
1403 1763 2078 1815 Und Glück verfolget deinen Pfad.
1319 1806 2170 1892 Der Friede herrscht — Weh dem, der nut
1751 1872 2127 1954 zu unsern Gränzen
1412 1916 1996 2032 Sich ohne Eherbietung nahet
1312 2095 2075 2159 Ein daurend Glück auf unsern Fluren,
1312 2153 2052 2255 Des geldnen Friedens reiche Spuren,
1417 2234 2036 2290 Beglücken Kind und Kindeskind!
1306 2288 2158 2370 und wenn die Nachwele einst in Frig,
1752 2352 2106 2405 drichs Thaten
1412 2393 2130 2471 Den Helden und den Weisen findt;
1325 2463 2176 2569 So rufe Sie: dreymal glückselig sind die
1750 2522 1906 2612 Stgaten
1408 2601 2054 2702 Die diesen Staten ähnlich sind
