2679 3213
855 1457 1809 1561 3tes Stück. Freytag, den 11. Januar 1771.
760 1518 1056 1619 Kopenhagen.
507 1582 1325 1662 Inhalt der Predigten vom 1ten Advents=Sonntage
466 1643 1319 1723 1768. bis zum Sonntage Trinitatis 1769. von F. G
471 1686 645 1753 Redsewitz.
468 1915 1315 1973 meist von Pflichten. Wir haben aber bemerkt, daß
468 1962 1319 2010 wenn es zur Anwendung kommt, wo man besonders
464 2042 1425 2118 schiednen Seelenzuständen über jeden einzelnen Punkt, 2 fl.
455 2077 1317 2144 die verschiedne Wege zur Bekehrung, den Glauben,
462 2122 1325 2174 und der Tugend zeigen soll, der V. so wie viele andre
471 2163 1315 2221 seines gleichen, seine Leser mit allgemeinen Ermunte¬
464 2215 1317 2258 rungen abfertigt, und mehr nicht sagt, als man, um
460 2252 1941 2314 ein todter Christ zu seyn, schon weiß. S. 437. wo er Vorrede eines alten Menschenfeindes.
464 2290 1317 2349 von der Prüfung des Glaubens redet, ist es ganz
462 2323 1315 2394 falsch, wenn er sagt: Wenn Lehren, die heilige Wir¬
460 2491 1667 2547 Christ beschäftigt sich mit andern, die sein Herz zuver= hoben ward. —
460 2528 702 2584 läßig bessern.
453 2543 1308 2644 durchaus auch mit den Geheimnissen der Religion be¬
447 2752 1304 2832 gewissen Journals geschrieben, in welchem der B. we.
1343 1526 2206 1613 nigstens ehemals sehr beleidigende Artikel wider diereie¬
1887 1595 2200 1651 Jndessen verschwei=
1349 1597 1716 1654 ne Lehre geliefert hat.
1351 1634 2191 1688 gen wir sein Lob nicht. Er denkt überall selbst, und
1349 1673 2200 1749 seine Auszüge sind nicht überhüpfte, abgebrochne Ge¬
1347 1721 2198 1770 danken. Es ist schon etwwas Ganzes darinn, doch
507 1738 2191 1820 Ueber theoretische Materien, die nicht zu sehr in ge¬ mehr für eine große Stadtgemeine, als für geringe
466 1768 2193 1859 wisse Glaubenspunkte oder ascetische Uebungen schla= Hörer nutzbar. Die Disposition Dom. 9. p. Trin,
468 1835 2185 1889 gen, spricht der V. ziemlich gut und ordentlich. Sei= von der Gottheit Jesu aus seiner Macht, Sünden ze
468 1878 2195 1930 ne Themata sind deutlich, ungezwungen, und handeln vergeben, und Dom. 27 p. Trin. über die Verklärung
1336 1923 2187 1975 Christi haben uns besonders gefallen, so wie wir auch
1341 1964 2195 2012 rühmen müssen, daß die Gebete zum Anfang und am
464 1997 2191 2083 das göttliche Wort recht theilen, und nach den ver¬ Ende meist ausführlich und rührend sind, Kostet
1373 2202 2182 2267 Graf Esau, ein Heldengedicht, mit einer nützlichen
1373 2329 2191 2409 Eine Satyre auf einen geizigen Minister, der von
455 2355 2182 2420 kung, Gutes in uns zu erzeigen, nicht bey uns außern; schlechtem Stande, mit dem Gelde seines Vater¬
455 2411 2182 2465 so können sie zwar wahr und für andre nützlich seyn, Niklas, bey Hofe eine Ambassadeurstelle bekommt,
453 2454 2182 2508 welche tiefer in die Geheimnisse eindringen; aber der und in den Grasenstand für Geld und gute Worte er¬
1716 2504 2176 2552 Der V. hat weder Gabe der
874 2539 2182 2586 Wir dächten, er müsse sich Dichtkunst, nöch alles übrige, was zum komischen Hel¬
1332 2582 2182 2632 dengedicht gehört. Indessen, was ist zu diesen Zeiten
453 2616 2185 2670 schäftigen, und man kann es dreist behaupten, daß die= leichter, als etliche Bogen Verse unter dem Titel eines
455 2660 2180 2709 se eben so sehr Besserung wirken, wenn man sich recht Heldengedichts drucken zu lassen; zumal wenn Hun¬
455 2701 2176 2755 damit beschäftigt. Aber das ist so im Geschmack eines ger und Kummer die Menschen in solche Umstände
1328 2748 2180 2817 versetzte, daß sie, wie unser Verfasser, da er einen
2012 2787 2174 2858 Schmau=
