2679 3213
476 548 1335 630 den, solches wegzunehmen, ehe der Generalmajor Gal¬
483 615 1335 670 liczin näher kommt, welcher von neuem Absichten auf
483 785 1328 839 nant Fürst Repnin, und der Generalmajor Igelström
487 826 1328 885 werden von der Hauptarmee in Warschau erwartet, si¬
474 867 1333 937 werden sich aber daselbst nicht lange aufhalten, sondern
487 915 1337 963 mit noch einigen Herrschäften nach dem Bade gehen;
487 952 1335 1002 Se. Majestät, der König, haben allergnädigst geruhet,
480 991 1337 1043 den wegen seiner Gelehrsamkeit beruhmten Herrn Ja¬
487 1035 1337 1087 noczki, Domherrn von Kiow und Bibliothecarius von
483 1115 1337 1165 Stadt Babimost zu ernennen. Die bishero daselbst
476 1152 1333 1217 gestandene Karrische Legion, ist wiederum nach Lit¬
487 1198 1343 1254 thauen gegangen, und werden an deren Stelle andere
476 1241 1161 1322 Rußische Truppen ihren Platz einnehmen.
633 1300 1191 1396 Warschau, vom 28. Januar.
528 1369 1333 1441 Im abgewichenen 1770sten Jahre sind hieselbst
487 1428 1343 1487 (Prag nicht mitgerechnet) gebohren: 2156; gestorben:
487 1467 1328 1528 1361; und verehliget: 666 Paar; folglich 795
1048 1506 1339 1572 Von Neuigkeiten
483 1513 1024 1576 mehr „gebohren als gestorben.
487 1546 1333 1611 haben wir nicht viel zu melden. Freude könner
480 1591 1341 1652 wir aber verkundigen, nemlich, daß alle Briefe von al¬
487 1641 1346 1691 len Orten her des niedern Polens einstimmig melden
476 1676 1333 1730 und versichern, daß beynahe allenthalben die Seuche
480 1719 1337 1772 von der bisher so viel ausgeschrieen worden, aufgehöret
487 1761 1337 1817 habe, und gar nichts mehr von einer Ansteckung zu hö
483 1802 1341 1850 ren wäre. Hier ist öfters wegen der Polnischen Ange¬
483 1850 1341 1906 legenheiten beym Furst Primas Podoski Conferenz, wo
483 1878 1335 1941 auch der Rußische Großbothschafter dabey ist. Gleich
483 1922 1339 1987 wohl wartet man noch auf nähere auswartige Aufschlüsse,
483 1965 1335 2022 ehe man wozu förmlich den Anfang machen will. Den
483 2006 1341 2069 Commandeur der Königl. Truppen, der Kronjagermei¬
491 2050 1337 2109 ster und Litthauische Feldzeugmeister Branicki ist auch
487 2089 1339 2145 nach Petersburg kürzlich abgegangen. Inzwischen
485 2132 1343 2191 kommen die bekannten Häupter der Barer Confödera¬
487 2172 1343 2235 tion, die nun schon die Haupter der Generalconfödera¬
483 2213 1339 2272 tion sind, wieder zum Vorschein. Die Türken haben
489 2254 1337 2317 sie ihren Weg ziehen lassen, und sie befinden sich schon
483 2291 1339 2354 an der Ungarischen Granze wo sie die Contamatz aus
491 2343 1337 2391 hatten, es sind dies Krasinski und Potocki. Von den
480 2380 1341 2439 Anführern der Confoderirten sind nun ein Paar weniger,
487 2417 1337 2480 nachdem Zaremba den Malczewski und Morawsk
487 2472 1339 2519 wirklich aufgerieben und in seine Hände bekommen hat.
487 2504 1343 2559 Letzterer soll geschlossen worden seyn und ersterer 12000
1039 2543 1335 2604 Jn Litthauen hatt
487 2548 1011 2604 Ducaten bey sich gehabt haben.
489 2593 1343 2650 sich der Castellanssohn Sufczynski und ein Landkam¬
483 2630 1339 2691 mererssohn Karczewski mit einigen wenigen einge
483 2672 1343 2756 schlichen. Sie sind aber bald vertrieben und beyde ge=
489 2726 930 2793 fangen genommen worden.
1528 535 2043 620 Niederelbe, vom 6. Febr.
1389 578 2213 661 Mit den jüngsten Briefen von Kiel hat man die
483 639 2215 709 Czenstochau haben soll; die Conföderirten suchen sich merkwürdige und zugleich betrübte Nachricht, daß bey
476 683 2222 759 dahero so viel wie möglich, zu verstärken, und ziehen einem am 2ten dieses, Vormittags gegen 10 Uhr, all¬
483 715 2215 802 alle kleine Partheyen zusammen. Der Generallieute= da schleunig ausgebrochenen mit Schlossen vermischten
1354 765 2215 828 Gewitter, der Strahl anfanglich den kleinen Thurm der
1354 806 2213 876 St. Nicolaikirche getroffen, von da aber langs einem
1354 852 2213 915 eisernen Drath herunter in das Predigergestühl gefah¬
1354 891 2209 946 ren, und daselbst in dem mit Haaren ausgestopften Pol¬
1365 928 2213 998 ster sich verlohren, unterdessen aber den daselbst gesesse¬
1359 976 2209 1033 nen Prediger, Herrn Meißner, dergestalt verletzet,
1359 1022 2217 1072 daß er in dem dicken Fleische der einen Schulter ein
485 1056 2213 1128 der Zaluskischen Bibliothek, zum Probst der Königl. Loch, einen Speciesthaler groß, und in der einen Lende
1359 1100 2213 1161 eben dergleichen Loch bekommen hat, langs den Rü¬
1354 1146 2215 1202 cken aber sichtbar gestreift worden ist. Ungeachtet nun
1365 1180 2217 1243 bemeldeter Geistlicher auf diese Verletzung anfänglich
1352 1224 2213 1291 von seinem Sitze gefallen ist, so sind doch nachhero die
1365 1263 2213 1326 Wunden desselben nicht gefährlich befunden worden, so,
1361 1311 2209 1391 daß er sich auch beym Abgehen der Briefe schon in gu¬
1354 1365 1806 1428 ter Besserung befunden hat.
1469 1383 2111 1452 London, vom 25. und 29. Januar.
1400 1419 2213 1493 Man siehet nunmehro verschiedene Abschriften von
1361 1469 2209 1543 der Declaration, welche der Spanische Ambassadeur
1361 1515 2211 1576 unterzeichnet hat. Sie besteht eigentlich aus 2 Sä¬
1363 1556 2213 1615 tzen. Jn dem einem tritt Spanien das weggenommene
1369 1598 2213 1661 Fort und Port Egmond auf der Insel Falkland wieder an
1365 1637 2213 1698 England ab, und in dem andern verlangt Spanien, daß
1361 1676 2206 1748 diese Cession, der Insel Falkland keinesweges die Fra¬
1363 1717 2211 1785 ge von dem vorherigen Recht der Souverainität dieser
1365 1767 2215 1824 Insel betreffen soll. Von einer Indemnisation, von
1365 1800 2202 1861 den Manillischen Ranzionsgeldern, von 500000 Pf
1361 1839 2213 1898 Sterl. für Unkosten, wird keiner Erwahnung-gethan.
1367 1885 2213 1943 Die Oppositions=Parthey und der meiste Theil des
1367 1924 2213 1987 Volks haben über die Nachricht von diesem Vergleich
1361 1969 2213 2024 ihre Unzufriedenheit blicken lassen. Am 25sten hat der
1367 2011 2215 2074 Premierminister Lord North dem Unterhause, und der
1361 2050 2209 2104 Staatssecretair Graf von Rochford dem Oberhause 2
1374 2098 2211 2159 Papiere vorgelegt. Das erste war die Spanische De¬
1365 2139 2213 2193 claration; das andere die förmliche Annehmung dersel¬
1365 2180 2213 2241 ben. Auch hier wurden von vielen Gliedern beyder
1365 2222 2213 2276 Häuser sehr verdrießliche Mienen darüber gemacht, und
1365 2265 2213 2326 besonders im Unterhause gab man der Declaration sol¬
1365 2304 2215 2359 che Beynamen, die wir nicht hersetzen mögen Herr
1369 2343 2215 2404 Bourke vornehmlich konnte sich nicht zufrieden geben,
1365 2393 2213 2454 daß an einer solchen — Declaration 6 bis 7 Minister
1365 2428 2211 2493 gearbeitet hatten, nachdem man viele tausend Seeleu¬
1369 2467 2215 2550 te gepreßt, Recruten geworben, und die Nation mit
1369 2513 2215 2567 2 Millionen belästiget. Sie kömmt mir vor, wie ein
1365 2559 2222 2611 Knopf von Birmingham, sagte er. Der verschiedenen
1365 2598 2215 2650 Arbeiter, die dazu erfordet werden, ehe er fertig ist,
1369 2645 2217 2698 sind einige 40; und doch kann man 12 solcher Knopfe
1367 2682 2213 2765 für 6 Pence kaufen. Am 5ten Februar sollen dem
2128 2719 2217 2793 Par=
