<?xml version="1.0" encoding="UTF-8" standalone="yes"?>
<PcGts xmlns="http://schema.primaresearch.org/PAGE/gts/pagecontent/2013-07-15" xmlns:xsi="http://www.w3.org/2001/XMLSchema-instance" xsi:schemaLocation="http://schema.primaresearch.org/PAGE/gts/pagecontent/2013-07-15 http://schema.primaresearch.org/PAGE/gts/pagecontent/2013-07-15/pagecontent.xsd">
    <Metadata>
        <Creator>prov=READ-COOP:name=PyLaia@TranskribusPlatform:version=2.15.0:model_id=39995:lm=none:date=16_07_2024_16:25</Creator>
        <Created>2024-07-16T15:27:16.110+02:00</Created>
        <LastChange>2024-07-16T16:25:00.085+02:00</LastChange>
        <TranskribusMetadata docId="3303927" pageId="75045917" pageNr="4" tsid="177981430" status="IN_PROGRESS" userId="222699" imgUrl="https://files.transkribus.eu/Get?id=DGKMSDIZMVLJUIZHBTCLJYGV&amp;fileType=view" xmlUrl="https://files.transkribus.eu/Get?id=JNCWMQEHKRWLBIMAMUBMXDRW" imageId="60813948"/>
    </Metadata>
    <Page imageFilename="75045917.jpg" imageWidth="2799" imageHeight="3213">
        <ReadingOrder>
            <OrderedGroup id="ro_1721139900086" caption="Regions reading order">
                <RegionRefIndexed index="0" regionRef="r_10"/>
                <RegionRefIndexed index="1" regionRef="r_34"/>
                <RegionRefIndexed index="2" regionRef="r_23"/>
            </OrderedGroup>
        </ReadingOrder>
        <Relations/>
        <TextRegion id="r_10" custom="readingOrder {index:0;}">
            <Coords points="478,492 1388,500 1396,2776 478,2776"/>
            <TextLine id="r_10_tl_1" custom="readingOrder {index:0;}">
                <Coords points="508,571 1222,577 1358,562 1361,516 1007,519 937,486 835,523 510,532"/>
                <Baseline points="519,561 561,561 606,561 650,561 695,561 740,561 785,561 830,558 874,558 919,558 964,558 1009,558 1054,558 1098,558 1143,555 1188,555 1233,555 1278,555 1322,555 1367,552"/>
                <TextEquiv>
                    <Unicode>erst nach ein paar Monaten die Kriegsdeclaration er</Unicode>
                </TextEquiv>
            </TextLine>
            <TextLine id="r_10_tl_2" custom="readingOrder {index:1;}">
                <Coords points="516,612 1365,605 1365,560 516,577"/>
                <Baseline points="528,606 564,603 609,603 653,603 698,603 743,600 788,600 833,600 877,600 922,600 967,600 1012,600 1057,600 1101,600 1146,597 1191,597 1236,597 1281,597 1325,597 1370,597"/>
                <TextEquiv>
                    <Unicode>wartet. Der Graf von Weymouth hat resignirt</Unicode>
                </TextEquiv>
            </TextLine>
            <TextLine id="r_10_tl_3" custom="readingOrder {index:2;}">
                <Coords points="516,655 1361,642 1361,608 1154,599 516,614"/>
                <Baseline points="528,647 561,644 606,642 650,642 695,642 740,642 785,642 830,642 874,642 919,639 964,639 1009,639 1054,639 1098,639 1143,639 1188,639 1233,636 1278,636 1322,639 1367,639"/>
                <TextEquiv>
                    <Unicode>und seine Stelle ist dem Grafen von Sandwich auf</Unicode>
                </TextEquiv>
            </TextLine>
            <TextLine id="r_10_tl_4" custom="readingOrder {index:3;}">
                <Coords points="512,699 1367,686 1367,649 1272,642 512,658"/>
                <Baseline points="525,689 564,686 609,683 653,683 698,683 743,683 788,683 833,683 877,683 922,683 967,680 1012,680 1057,680 1101,680 1146,680 1191,680 1236,680 1281,677 1325,677 1370,677"/>
                <TextEquiv>
                    <Unicode>getragen worden, der also nun Staatssecretair für das</Unicode>
                </TextEquiv>
            </TextLine>
            <TextLine id="r_10_tl_5" custom="readingOrder {index:4;}">
                <Coords points="512,781 2246,764 2246,725 2179,714 512,744"/>
                <Baseline points="525,767 567,770 612,767 656,767 701,767 746,767 791,767 836,764 880,767 925,764 970,764 1015,767 1060,764 1104,764 1149,764 1194,764 1239,761 1284,761 1328,761 1373,758 1397,758 1400,758 1445,761 1490,761 1534,761 1579,758 1624,761 1669,761 1713,758 1758,758 1803,758 1848,758 1893,755 1937,755 1982,755 2027,755 2072,755 2117,752 2161,755 2206,752 2251,752"/>
                <TextEquiv>
                    <Unicode>nien über sich genommen hat. Der Capitain Hun= bunden, der Abt bat für diesen Berndt, so wie Pila¬</Unicode>
                </TextEquiv>
            </TextLine>
            <TextLine id="r_10_tl_6" custom="readingOrder {index:5;}">
                <Coords points="512,937 1304,940 1304,911 1196,890 514,903"/>
                <Baseline points="525,937 549,934 594,934 639,934 683,934 728,934 773,931 818,931 862,931 907,931 952,928 997,931 1042,928 1086,931 1131,928 1176,928 1221,928 1266,928 1310,925"/>
                <TextEquiv>
                    <Unicode>die ihn genöthiget hätte, die Segel zu streichen.</Unicode>
                </TextEquiv>
            </TextLine>
            <TextLine id="r_10_tl_7" custom="readingOrder {index:6;}">
                <Coords points="512,998 1380,974 1380,931 512,942"/>
                <Baseline points="525,979 534,979 579,976 624,973 668,976 713,973 758,970 803,970 848,970 892,970 937,970 982,970 1027,970 1071,970 1116,970 1161,970 1206,970 1251,967 1295,967 1340,964 1385,967"/>
                <TextEquiv>
                    <Unicode>hätte hernach an Bord derselben kommen sollen, wel¬</Unicode>
                </TextEquiv>
            </TextLine>
            <TextLine id="r_10_tl_8" custom="readingOrder {index:7;}">
                <Coords points="516,1113 1311,1111 1376,1096 1378,1057 516,1070"/>
                <Baseline points="528,1101 531,1101 576,1098 621,1098 665,1098 710,1095 755,1095 800,1095 845,1095 889,1095 934,1095 979,1095 1024,1092 1069,1092 1113,1095 1158,1095 1203,1092 1248,1089 1292,1089 1337,1089 1382,1089"/>
                <TextEquiv>
                    <Unicode>worden. Endlich wäre er an Bord gegangen, wo ihm</Unicode>
                </TextEquiv>
            </TextLine>
            <TextLine id="r_10_tl_9" custom="readingOrder {index:8;}">
                <Coords points="523,1196 1378,1180 1378,1137 523,1152"/>
                <Baseline points="534,1185 576,1182 621,1182 665,1179 710,1179 755,1179 800,1179 845,1179 889,1176 934,1176 979,1176 1024,1176 1069,1176 1113,1173 1158,1173 1203,1173 1248,1173 1292,1170 1337,1170 1382,1170"/>
                <TextEquiv>
                    <Unicode>eine Englische Flotte daselbst wäre; ob er nicht einige</Unicode>
                </TextEquiv>
            </TextLine>
            <TextLine id="r_10_tl_10" custom="readingOrder {index:9;}">
                <Coords points="523,1278 1378,1265 1378,1222 1335,1213 1200,1243 1128,1217 523,1233"/>
                <Baseline points="534,1266 576,1266 621,1263 665,1263 710,1263 755,1263 800,1260 845,1260 889,1260 934,1257 979,1257 1024,1257 1069,1257 1113,1257 1158,1257 1203,1257 1248,1251 1292,1251 1337,1251 1382,1251"/>
                <TextEquiv>
                    <Unicode>die Insel gut befestiget wäre, rc. gethan. Er hätte</Unicode>
                </TextEquiv>
            </TextLine>
            <TextLine id="r_10_tl_11" custom="readingOrder {index:10;}">
                <Coords points="512,1476 588,1491 636,1473 890,1476 890,1432 512,1447"/>
                <Baseline points="525,1472 537,1472 582,1472 627,1469 671,1466 716,1466 761,1466 806,1466 851,1463 895,1469"/>
                <TextEquiv>
                    <Unicode>versenket worden seyn.</Unicode>
                </TextEquiv>
            </TextLine>
            <TextLine id="r_10_tl_12" custom="readingOrder {index:11;}">
                <Coords points="612,1532 1094,1502 1128,1528 1276,1523 1276,1458 1211,1447 1161,1465 1063,1447 1022,1471 892,1458 840,1484 612,1478"/>
                <Baseline points="624,1510 653,1510 698,1510 743,1507 788,1507 833,1504 877,1504 922,1504 967,1501 1012,1501 1057,1501 1101,1501 1146,1501 1191,1501 1236,1501 1281,1504"/>
                <TextEquiv>
                    <Unicode>Auszug eines Schreibens von der Warte,</Unicode>
                </TextEquiv>
            </TextLine>
            <TextLine id="r_10_tl_13" custom="readingOrder {index:12;}">
                <Coords points="770,1554 907,1562 944,1547 1044,1558 1128,1549 1128,1519 1094,1502 1005,1519 985,1508 914,1510 903,1521 835,1506 770,1515"/>
                <Baseline points="782,1546 821,1549 865,1546 910,1546 955,1546 1000,1543 1045,1543 1089,1543 1134,1540"/>
                <TextEquiv>
                    <Unicode>vom 29. November.</Unicode>
                </TextEquiv>
            </TextLine>
            <TextLine id="r_10_tl_14" custom="readingOrder {index:13;}">
                <Coords points="564,1599 1940,1601 1940,1545 1897,1541 564,1554"/>
                <Baseline points="576,1594 603,1591 647,1591 692,1591 737,1588 782,1588 827,1588 871,1588 916,1588 961,1585 1006,1585 1051,1585 1095,1585 1140,1582 1185,1582 1230,1582 1275,1582 1319,1579 1364,1579 1409,1582 1454,1582 1499,1582 1543,1582 1588,1582 1633,1582 1678,1582 1722,1579 1767,1579 1812,1579 1857,1579 1902,1576 1946,1576"/>
                <TextEquiv>
                    <Unicode>Wie weit die Unmenschlichkeit der Conföderirten in Dißident darf es sich unterstehen.</Unicode>
                </TextEquiv>
            </TextLine>
            <TextLine id="r_10_tl_15" custom="readingOrder {index:14;}">
                <Coords points="510,1651 1389,1628 1389,1595 1317,1586 512,1597"/>
                <Baseline points="525,1630 540,1630 585,1633 630,1633 674,1633 719,1630 764,1630 809,1630 854,1630 898,1627 943,1627 988,1627 1033,1627 1077,1627 1122,1627 1167,1627 1212,1624 1257,1624 1301,1624 1346,1621 1391,1621"/>
                <TextEquiv>
                    <Unicode>Polen und der Haß der Catholicken gegen die Dißiden¬</Unicode>
                </TextEquiv>
            </TextLine>
            <TextLine id="r_10_tl_16" custom="readingOrder {index:15;}">
                <Coords points="519,1680 1384,1673 1387,1628 1280,1625 521,1651"/>
                <Baseline points="531,1675 540,1675 585,1675 630,1675 674,1675 719,1675 764,1672 809,1672 854,1672 898,1669 943,1669 988,1669 1033,1669 1077,1669 1122,1669 1167,1669 1212,1666 1257,1669 1301,1666 1346,1663 1391,1663"/>
                <TextEquiv>
                    <Unicode>ten daselbst geht, davon wird man sich durch folgende</Unicode>
                </TextEquiv>
            </TextLine>
            <TextLine id="r_10_tl_17" custom="readingOrder {index:16;}">
                <Coords points="521,1858 1382,1840 1382,1799 1332,1792 523,1805"/>
                <Baseline points="534,1845 537,1842 582,1839 627,1839 671,1836 716,1836 761,1836 806,1833 851,1833 895,1833 940,1833 985,1836 1030,1833 1074,1833 1119,1833 1164,1830 1209,1830 1254,1827 1298,1827 1343,1827 1388,1827"/>
                <TextEquiv>
                    <Unicode>gelegenen Stadt Schwerin, hatte schon seit einiger</Unicode>
                </TextEquiv>
            </TextLine>
            <TextLine id="r_10_tl_18" custom="readingOrder {index:17;}">
                <Coords points="534,1933 1382,1916 1384,1875 536,1892"/>
                <Baseline points="546,1923 582,1920 627,1920 671,1920 716,1917 761,1920 806,1917 851,1917 895,1917 940,1917 985,1914 1030,1914 1074,1914 1119,1914 1164,1914 1209,1911 1254,1911 1298,1911 1343,1908 1388,1911"/>
                <TextEquiv>
                    <Unicode>föderirten halten wollen, den Haß der Catholicken und</Unicode>
                </TextEquiv>
            </TextLine>
            <TextLine id="r_10_tl_19" custom="readingOrder {index:18;}">
                <Coords points="523,2177 1762,2168 1762,2127 1669,2120 523,2142"/>
                <Baseline points="534,2170 537,2167 582,2167 627,2167 671,2164 716,2164 761,2164 806,2164 851,2161 895,2161 940,2161 985,2161 1030,2161 1074,2161 1119,2158 1164,2158 1209,2158 1254,2158 1298,2155 1343,2155 1388,2155 1409,2164 1454,2161 1499,2161 1543,2158 1588,2158 1633,2158 1678,2158 1722,2158 1767,2158"/>
                <TextEquiv>
                    <Unicode>wunderbaren Zufall aus dem Kerker errettet. Es be= Frieden machen könne.</Unicode>
                </TextEquiv>
            </TextLine>
            <TextLine id="r_10_tl_20" custom="readingOrder {index:19;}">
                <Coords points="525,2220 1382,2213 1382,2166 1315,2161 525,2181"/>
                <Baseline points="537,2209 582,2209 627,2206 671,2206 716,2206 761,2206 806,2203 851,2203 895,2206 940,2203 985,2203 1030,2200 1074,2200 1119,2200 1164,2200 1209,2200 1254,2200 1298,2197 1343,2200 1388,2200"/>
                <TextEquiv>
                    <Unicode>gab derselbe sich darauf in Sr. Königl. Majestät von</Unicode>
                </TextEquiv>
            </TextLine>
            <TextLine id="r_10_tl_21" custom="readingOrder {index:20;}">
                <Coords points="532,2270 1382,2255 1382,2213 1324,2203 532,2216"/>
                <Baseline points="543,2248 582,2248 627,2251 671,2248 716,2248 761,2245 806,2245 851,2245 895,2245 940,2245 985,2245 1030,2242 1074,2242 1119,2242 1164,2242 1209,2242 1254,2242 1298,2242 1343,2239 1388,2242"/>
                <TextEquiv>
                    <Unicode>Preussen Lande, und ließ sich in der Stadt Landsberg</Unicode>
                </TextEquiv>
            </TextLine>
            <TextLine id="r_10_tl_22" custom="readingOrder {index:21;}">
                <Coords points="523,2305 1389,2289 1389,2255 1322,2246 523,2268"/>
                <Baseline points="534,2296 540,2293 585,2293 630,2290 674,2290 719,2287 764,2287 809,2287 854,2287 898,2287 943,2287 988,2284 1033,2284 1077,2284 1122,2284 1167,2284 1212,2284 1257,2284 1301,2284 1346,2281 1391,2284"/>
                <TextEquiv>
                    <Unicode>an der Warthe nieder. Gewisser Erbschaftsangelegen¬</Unicode>
                </TextEquiv>
            </TextLine>
            <TextLine id="r_10_tl_23" custom="readingOrder {index:22;}">
                <Coords points="523,2350 1389,2331 1389,2289 523,2298"/>
                <Baseline points="534,2338 540,2338 585,2332 630,2332 674,2332 719,2332 764,2329 809,2329 854,2332 898,2326 943,2326 988,2326 1033,2329 1077,2326 1122,2326 1167,2326 1212,2323 1257,2326 1301,2323 1346,2323 1391,2326"/>
                <TextEquiv>
                    <Unicode>heiten gieng er nach Petersburg, und als er von da</Unicode>
                </TextEquiv>
            </TextLine>
            <TextLine id="r_10_tl_24" custom="readingOrder {index:23;}">
                <Coords points="527,2380 1382,2378 1382,2333 1228,2324 527,2346"/>
                <Baseline points="540,2376 582,2373 627,2373 671,2373 716,2373 761,2370 806,2370 851,2370 895,2370 940,2367 985,2367 1030,2367 1074,2367 1119,2367 1164,2367 1209,2367 1254,2367 1298,2367 1343,2367 1388,2367"/>
                <TextEquiv>
                    <Unicode>vor einiger Zeit zurück kam, begab er sich in dem</Unicode>
                </TextEquiv>
            </TextLine>
            <TextLine id="r_10_tl_25" custom="readingOrder {index:24;}">
                <Coords points="527,2426 1376,2413 1376,2372 1248,2365 1003,2396 937,2372 527,2380"/>
                <Baseline points="540,2415 576,2415 621,2412 665,2412 710,2412 755,2412 800,2409 845,2409 889,2409 934,2409 979,2409 1024,2409 1069,2409 1113,2409 1158,2409 1203,2409 1248,2409 1292,2409 1337,2409 1382,2409"/>
                <TextEquiv>
                    <Unicode>Bewustseyn seiner Unschuld, wieder nach Schwerin</Unicode>
                </TextEquiv>
            </TextLine>
            <TextLine id="r_10_tl_26" custom="readingOrder {index:25;}">
                <Coords points="525,2459 1382,2461 1382,2413 525,2422"/>
                <Baseline points="537,2457 582,2457 627,2457 671,2454 716,2454 761,2454 806,2451 851,2451 895,2451 940,2451 985,2451 1030,2451 1074,2451 1119,2451 1164,2451 1209,2451 1254,2451 1298,2451 1343,2451 1388,2448"/>
                <TextEquiv>
                    <Unicode>um daselbst seine Anverwandte zu besuchen, und</Unicode>
                </TextEquiv>
            </TextLine>
            <TextLine id="r_10_tl_27" custom="readingOrder {index:26;}">
                <Coords points="527,2515 1382,2502 1356,2454 527,2461"/>
                <Baseline points="540,2499 582,2496 627,2496 671,2496 716,2496 761,2493 806,2493 851,2493 895,2493 940,2493 985,2493 1030,2490 1074,2490 1119,2493 1164,2493 1209,2490 1254,2493 1298,2490 1343,2490 1388,2490"/>
                <TextEquiv>
                    <Unicode>wegen seiner daselbst noch zurückgelassenen Grund¬</Unicode>
                </TextEquiv>
            </TextLine>
            <TextLine id="r_10_tl_28" custom="readingOrder {index:27;}">
                <Coords points="525,2600 1389,2584 1389,2541 1302,2530 527,2554"/>
                <Baseline points="540,2582 543,2579 588,2579 633,2579 677,2576 722,2576 767,2573 812,2573 856,2573 901,2573 946,2573 991,2573 1036,2570 1080,2573 1125,2573 1170,2573 1215,2573 1260,2573 1304,2570 1349,2570 1394,2576"/>
                <TextEquiv>
                    <Unicode>kamen nun den 10ten dieses ein Trupp Conföderirte,</Unicode>
                </TextEquiv>
            </TextLine>
            <TextLine id="r_10_tl_29" custom="readingOrder {index:28;}">
                <Coords points="519,2639 1397,2621 1367,2576 519,2604"/>
                <Baseline points="531,2621 552,2621 597,2621 642,2618 686,2618 731,2618 776,2615 821,2615 865,2615 910,2615 955,2615 1000,2615 1045,2615 1089,2612 1134,2615 1179,2612 1224,2615 1269,2612 1313,2612 1358,2612 1403,2612"/>
                <TextEquiv>
                    <Unicode>umringten in Schwerin des rc. Berendts Haus nah¬</Unicode>
                </TextEquiv>
            </TextLine>
            <TextLine id="r_10_tl_30" custom="readingOrder {index:29;}">
                <Coords points="519,2673 1389,2663 1389,2628 1309,2615 519,2639"/>
                <Baseline points="531,2666 543,2663 588,2663 633,2660 677,2660 722,2660 767,2660 812,2657 856,2657 901,2657 946,2657 991,2657 1036,2657 1080,2654 1125,2654 1170,2657 1215,2654 1260,2657 1304,2657 1349,2654 1394,2654"/>
                <TextEquiv>
                    <Unicode>men ihn gefangen und führten ihn nach Blesen zum</Unicode>
                </TextEquiv>
            </TextLine>
            <TextLine id="r_10_tl_31" custom="readingOrder {index:30;}">
                <Coords points="525,2728 1619,2730 1619,2660 1434,2639 1259,2680 525,2671"/>
                <Baseline points="537,2711 549,2708 594,2705 639,2705 683,2705 728,2702 773,2702 818,2702 862,2702 907,2702 952,2702 997,2702 1042,2702 1086,2699 1131,2699 1176,2699 1221,2699 1266,2699 1310,2699 1355,2696 1400,2699 1445,2696 1490,2693 1534,2693 1579,2690 1624,2690"/>
                <TextEquiv>
                    <Unicode>Aht Rogalinsky; dieser Abt war nach seinen Kloster zu entrichten.</Unicode>
                </TextEquiv>
            </TextLine>
            <TextEquiv>
                <Unicode></Unicode>
            </TextEquiv>
        </TextRegion>
        <TextRegion id="r_34" custom="readingOrder {index:1;}">
            <Coords points="1387,502 2331,492 2324,2145 1394,2175"/>
            <TextLine id="r_34_tl_1" custom="readingOrder {index:0;}">
                <Coords points="1384,558 2257,562 2257,516 2209,501 2133,521 1864,484 1762,519 1532,527 1384,506"/>
                <Baseline points="1397,555 1412,555 1457,552 1501,552 1546,552 1591,552 1636,552 1681,552 1725,552 1770,552 1815,549 1860,549 1905,549 1949,549 1994,549 2039,546 2084,549 2129,552 2173,552 2218,549 2263,549"/>
                <TextEquiv>
                    <Unicode>Rokitten eine kleine Meile von Blesen verreiset, allw¬</Unicode>
                </TextEquiv>
            </TextLine>
            <TextLine id="r_34_tl_2" custom="readingOrder {index:1;}">
                <Coords points="1391,605 2257,601 2257,564 2209,553 1391,562"/>
                <Baseline points="1403,597 1409,597 1454,594 1499,594 1543,594 1588,594 1633,594 1678,594 1722,594 1767,594 1812,594 1857,591 1902,591 1946,591 1991,591 2036,588 2081,588 2126,588 2170,588 2215,591 2260,594"/>
                <TextEquiv>
                    <Unicode>sich auch der Schloßcommissarius Pirschlinsky von Me=</Unicode>
                </TextEquiv>
            </TextLine>
            <TextLine id="r_34_tl_3" custom="readingOrder {index:2;}">
                <Coords points="1391,649 2257,649 2257,603 2213,595 1391,608"/>
                <Baseline points="1403,636 1448,636 1493,636 1537,636 1582,636 1627,636 1672,636 1716,633 1761,636 1806,633 1851,633 1896,633 1940,630 1985,630 2030,630 2075,630 2120,630 2164,630 2209,630 2254,633 2260,636"/>
                <TextEquiv>
                    <Unicode>seritz und noch ein Herr mit dem St. Stanislausorden</Unicode>
                </TextEquiv>
            </TextLine>
            <TextLine id="r_34_tl_4" custom="readingOrder {index:3;}">
                <Coords points="1393,684 2252,688 2252,644 2207,636 1393,649"/>
                <Baseline points="1406,677 1451,677 1496,677 1540,677 1585,677 1630,677 1675,677 1719,674 1764,677 1809,674 1854,674 1899,674 1943,671 1988,671 2033,671 2078,671 2123,668 2167,671 2212,671 2257,671"/>
                <TextEquiv>
                    <Unicode>befand. Nach dem Kloster Rokitten brachten die Con¬</Unicode>
                </TextEquiv>
            </TextLine>
            <TextLine id="r_34_tl_5" custom="readingOrder {index:4;}">
                <Coords points="523,744 2252,725 2252,686 2116,675 523,699"/>
                <Baseline points="534,731 573,728 618,728 662,725 707,725 752,725 797,725 842,725 886,725 931,725 976,722 1021,722 1066,722 1110,722 1155,722 1200,722 1245,719 1289,719 1334,719 1379,719 1406,722 1451,719 1496,719 1540,719 1585,719 1630,716 1675,719 1719,716 1764,716 1809,716 1854,716 1899,716 1943,716 1988,713 2033,713 2078,713 2123,713 2167,713 2212,713 2257,713"/>
                <TextEquiv>
                    <Unicode>südliche Departement ist, und die Negociation mit Spa= föderirten also diesen rc. Berndt, auf einem Pferde ge¬</Unicode>
                </TextEquiv>
            </TextLine>
            <TextLine id="r_34_tl_6" custom="readingOrder {index:5;}">
                <Coords points="519,818 2246,809 2248,762 2092,755 521,781"/>
                <Baseline points="531,812 567,809 612,812 656,809 701,809 746,809 791,809 836,806 880,809 925,806 970,806 1015,806 1060,806 1104,803 1149,803 1194,803 1239,803 1284,803 1328,803 1373,803 1400,803 1403,803 1448,800 1493,803 1537,803 1582,800 1627,800 1672,803 1716,800 1761,800 1806,797 1851,797 1896,797 1940,797 1985,797 2030,797 2075,794 2120,794 2164,794 2209,794 2254,794"/>
                <TextEquiv>
                    <Unicode>ter hat dieser Tagen das Schiff Britannica von Ja= tus für Christum, er wurde aber von dort über Lewitz</Unicode>
                </TextEquiv>
            </TextLine>
            <TextLine id="r_34_tl_7" custom="readingOrder {index:6;}">
                <Coords points="516,857 2025,859 2235,848 2255,809 516,829"/>
                <Baseline points="528,856 570,851 615,851 659,851 704,851 749,851 794,848 839,848 883,848 928,851 973,848 1018,848 1063,848 1107,845 1152,845 1197,845 1242,845 1286,845 1331,842 1376,845 1403,845 1406,845 1451,845 1496,845 1540,845 1585,842 1630,842 1675,842 1719,842 1764,842 1809,839 1854,839 1899,839 1943,839 1988,839 2033,839 2078,836 2123,836 2167,836 2212,836 2257,836"/>
                <TextEquiv>
                    <Unicode>maica anhero gebracht. Dieser saget aus, daß er auf geschleppt, und Leute, die ihn daselbst gesehen haben.</Unicode>
                </TextEquiv>
            </TextLine>
            <TextLine id="r_34_tl_8" custom="readingOrder {index:7;}">
                <Coords points="519,905 2252,890 2207,835 519,864"/>
                <Baseline points="531,889 570,892 615,892 659,892 704,892 749,889 794,889 839,889 883,889 928,889 973,886 1018,889 1063,889 1107,886 1152,886 1197,886 1242,886 1286,883 1331,883 1376,886 1397,880 1406,883 1451,883 1496,886 1540,883 1585,883 1630,883 1675,883 1719,880 1764,880 1809,880 1854,877 1899,880 1943,880 1988,880 2033,880 2078,880 2123,880 2167,874 2212,874 2257,877"/>
                <TextEquiv>
                    <Unicode>seiner Heimreise eine Spanische Fregatte angetroffen, berichten, daß er so schwarz von allem Kantschucken,</Unicode>
                </TextEquiv>
            </TextLine>
            <TextLine id="r_34_tl_9" custom="readingOrder {index:8;}">
                <Coords points="1384,935 2250,927 2250,890 2205,881 1384,894"/>
                <Baseline points="1397,922 1403,922 1448,925 1493,925 1537,925 1582,925 1627,922 1672,922 1716,925 1761,922 1806,922 1851,919 1896,919 1940,922 1985,919 2030,919 2075,922 2120,919 2164,919 2209,916 2254,916"/>
                <TextEquiv>
                    <Unicode>wie eine Kohle ausgesehen habe. Am 13ten die¬</Unicode>
                </TextEquiv>
            </TextLine>
            <TextLine id="r_34_tl_10" custom="readingOrder {index:9;}">
                <Coords points="1404,976 2163,976 2255,970 2257,927 1406,931"/>
                <Baseline points="1415,967 1454,967 1499,964 1543,964 1588,964 1633,964 1678,964 1722,964 1767,964 1812,961 1857,961 1902,961 1946,961 1991,961 2036,961 2081,961 2126,958 2170,958 2215,958 2260,955"/>
                <TextEquiv>
                    <Unicode>ses nun haben diese Tyrannen in dem Lüpker Hollan¬</Unicode>
                </TextEquiv>
            </TextLine>
            <TextLine id="r_34_tl_11" custom="readingOrder {index:10;}">
                <Coords points="519,1037 2257,1011 2257,963 519,987"/>
                <Baseline points="531,1021 576,1018 621,1015 665,1015 710,1015 755,1015 800,1015 845,1012 889,1012 934,1012 979,1012 1024,1012 1069,1012 1113,1009 1158,1009 1203,1009 1248,1009 1292,1006 1337,1006 1382,1006 1409,1006 1412,1006 1457,1006 1501,1006 1546,1006 1591,1006 1636,1006 1681,1006 1725,1003 1770,1003 1815,1003 1860,1003 1905,1000 1949,1000 1994,1000 2039,1003 2084,1003 2129,1003 2173,1000 2218,1000 2263,997"/>
                <TextEquiv>
                    <Unicode>ches er aber abgeschlagen. Hierauf hätte der Spanier der, welche dem Herrn von Lonsky von Neustadt ge¬</Unicode>
                </TextEquiv>
            </TextLine>
            <TextLine id="r_34_tl_12" custom="readingOrder {index:11;}">
                <Coords points="516,1072 2255,1055 2203,1003 516,1037"/>
                <Baseline points="528,1060 531,1060 576,1060 621,1057 665,1057 710,1057 755,1057 800,1057 845,1054 889,1054 934,1054 979,1054 1024,1054 1069,1054 1113,1051 1158,1051 1203,1048 1248,1048 1292,1048 1337,1048 1382,1048 1409,1048 1454,1048 1499,1048 1543,1048 1588,1048 1633,1048 1678,1048 1722,1048 1767,1048 1812,1045 1857,1045 1902,1042 1946,1042 1991,1042 2036,1042 2081,1042 2126,1042 2170,1042 2215,1042 2260,1039"/>
                <TextEquiv>
                    <Unicode>auf sein Schiff gefeuert, wodurch 1 Matrose bleßirt hören, die unmenschlichste Execution verübet. Sie</Unicode>
                </TextEquiv>
            </TextLine>
            <TextLine id="r_34_tl_13" custom="readingOrder {index:12;}">
                <Coords points="1400,1105 2255,1098 2257,1052 1402,1057"/>
                <Baseline points="1412,1092 1454,1089 1499,1089 1543,1089 1588,1089 1633,1089 1678,1089 1722,1086 1767,1086 1812,1086 1857,1086 1902,1083 1946,1086 1991,1086 2036,1083 2081,1083 2126,1083 2170,1083 2215,1080 2260,1083"/>
                <TextEquiv>
                    <Unicode>haben den rc. Berndt nackend ausgezogen, mit Stri=</Unicode>
                </TextEquiv>
            </TextLine>
            <TextLine id="r_34_tl_14" custom="readingOrder {index:13;}">
                <Coords points="523,1152 2252,1139 2252,1098 2163,1085 523,1111"/>
                <Baseline points="534,1143 576,1143 621,1140 665,1137 710,1137 755,1137 800,1137 845,1137 889,1134 934,1137 979,1134 1024,1134 1069,1134 1113,1134 1158,1137 1203,1134 1248,1131 1292,1131 1337,1131 1382,1131 1409,1131 1451,1131 1496,1131 1540,1131 1585,1131 1630,1131 1675,1131 1719,1128 1764,1128 1809,1128 1854,1125 1899,1128 1943,1125 1988,1125 2033,1125 2078,1125 2123,1128 2167,1125 2212,1122 2257,1125"/>
                <TextEquiv>
                    <Unicode>der Capitain verschiedene Fragen über Jamaica, ob cken gebunden, ihm das männliche Glied abgeschnitten,</Unicode>
                </TextEquiv>
            </TextLine>
            <TextLine id="r_34_tl_15" custom="readingOrder {index:14;}">
                <Coords points="1400,1180 2255,1178 2255,1137 2170,1128 1821,1133 1782,1157 1710,1131 1400,1144"/>
                <Baseline points="1412,1173 1454,1173 1499,1173 1543,1173 1588,1173 1633,1173 1678,1173 1722,1170 1767,1173 1812,1173 1857,1170 1902,1167 1946,1167 1991,1167 2036,1167 2081,1167 2126,1167 2170,1167 2215,1164 2260,1164"/>
                <TextEquiv>
                    <Unicode>und ins Maul gesteckt, hernach Riemen aus seinen</Unicode>
                </TextEquiv>
            </TextLine>
            <TextLine id="r_34_tl_16" custom="readingOrder {index:15;}">
                <Coords points="525,1228 2252,1220 2231,1170 525,1191"/>
                <Baseline points="537,1224 540,1224 585,1224 630,1221 674,1221 719,1221 764,1221 809,1221 854,1218 898,1218 943,1218 988,1218 1033,1218 1077,1215 1122,1215 1167,1215 1212,1215 1257,1212 1301,1212 1346,1212 1391,1212 1397,1212 1406,1212 1451,1212 1496,1212 1540,1215 1585,1215 1630,1212 1675,1212 1719,1209 1764,1209 1809,1209 1854,1209 1899,1209 1943,1209 1988,1209 2033,1206 2078,1206 2123,1209 2167,1206 2212,1209 2257,1209"/>
                <TextEquiv>
                    <Unicode>Spanische Kriegsschiffe in der Nähe angetroffen; ob Rücken geschnitten, und ein Loch unterm Kinn gemacht,</Unicode>
                </TextEquiv>
            </TextLine>
            <TextLine id="r_34_tl_17" custom="readingOrder {index:16;}">
                <Coords points="1400,1265 2255,1261 2255,1217 2187,1211 1400,1224"/>
                <Baseline points="1412,1254 1451,1251 1496,1251 1540,1251 1585,1251 1630,1251 1675,1254 1719,1251 1764,1251 1809,1248 1854,1251 1899,1251 1943,1248 1988,1248 2033,1248 2078,1248 2123,1248 2167,1248 2212,1248 2257,1251"/>
                <TextEquiv>
                    <Unicode>einen Strick durch das gemachte Loch unter der Zunge</Unicode>
                </TextEquiv>
            </TextLine>
            <TextLine id="r_34_tl_18" custom="readingOrder {index:17;}">
                <Coords points="523,1319 2257,1300 2257,1256 2205,1252 523,1278"/>
                <Baseline points="534,1310 579,1307 624,1304 668,1301 713,1301 758,1301 803,1301 848,1298 892,1298 937,1298 982,1298 1027,1298 1071,1295 1116,1295 1161,1295 1206,1295 1251,1292 1295,1292 1340,1292 1385,1292 1400,1295 1409,1295 1454,1292 1499,1292 1543,1292 1588,1292 1633,1292 1678,1292 1722,1292 1767,1292 1812,1289 1857,1289 1902,1292 1946,1289 1991,1289 2036,1286 2081,1286 2126,1286 2170,1286 2215,1286 2260,1289"/>
                <TextEquiv>
                    <Unicode>sie zwar angehöret, aber nicht beantwortet. Ein Lieu= zum Munde herausgenommen, und daran an einen</Unicode>
                </TextEquiv>
            </TextLine>
            <TextLine id="r_34_tl_19" custom="readingOrder {index:18;}">
                <Coords points="516,1354 2239,1343 2257,1298 516,1324"/>
                <Baseline points="528,1346 537,1346 582,1346 627,1343 671,1343 716,1340 761,1343 806,1343 851,1340 895,1340 940,1340 985,1340 1030,1340 1074,1337 1119,1340 1164,1337 1209,1337 1254,1337 1298,1337 1343,1334 1388,1334 1406,1334 1409,1337 1454,1337 1499,1337 1543,1337 1588,1334 1633,1334 1678,1337 1722,1334 1767,1334 1812,1334 1857,1334 1902,1331 1946,1331 1991,1331 2036,1328 2081,1328 2126,1331 2170,1328 2215,1328 2260,1331"/>
                <TextEquiv>
                    <Unicode>tenant, der ein Irländer von Geburt gewesen, und in Ast aufgehängt. Da ihm nun das Herz nicht ledirt</Unicode>
                </TextEquiv>
            </TextLine>
            <TextLine id="r_34_tl_20" custom="readingOrder {index:19;}">
                <Coords points="512,1393 2252,1380 2252,1343 2168,1328 512,1356"/>
                <Baseline points="525,1388 531,1388 576,1388 621,1388 665,1385 710,1385 755,1382 800,1385 845,1385 889,1382 934,1382 979,1382 1024,1382 1069,1382 1113,1382 1158,1379 1203,1379 1248,1379 1292,1379 1337,1376 1382,1379 1403,1376 1406,1376 1451,1379 1496,1379 1540,1382 1585,1376 1630,1376 1675,1376 1719,1376 1764,1373 1809,1376 1854,1376 1899,1373 1943,1373 1988,1370 2033,1370 2078,1373 2123,1370 2167,1370 2212,1370 2257,1370"/>
                <TextEquiv>
                    <Unicode>Spanische Dienste gestanden, hätte noch zu seinem worden, so hat er bey unmenschlichen Schmerzen viele</Unicode>
                </TextEquiv>
            </TextLine>
            <TextLine id="r_34_tl_21" custom="readingOrder {index:20;}">
                <Coords points="523,1443 2257,1424 2257,1378 2196,1374 523,1393"/>
                <Baseline points="534,1430 537,1427 582,1427 627,1427 671,1427 716,1424 761,1424 806,1424 851,1427 895,1424 940,1424 985,1424 1030,1424 1074,1427 1119,1424 1164,1424 1209,1424 1254,1421 1298,1421 1343,1418 1388,1418 1403,1418 1409,1418 1454,1421 1499,1418 1543,1418 1588,1418 1633,1418 1678,1415 1722,1415 1767,1418 1812,1415 1857,1415 1902,1412 1946,1412 1991,1412 2036,1412 2081,1412 2126,1412 2170,1412 2215,1409 2260,1409"/>
                <TextEquiv>
                    <Unicode>Besten gesprochen, sonst möchte sein Schiff wol gar Stunden gelebt; endlich hat einer von denen Conföde¬</Unicode>
                </TextEquiv>
            </TextLine>
            <TextLine id="r_34_tl_22" custom="readingOrder {index:21;}">
                <Coords points="1391,1476 2248,1458 2248,1424 2146,1415 1393,1434"/>
                <Baseline points="1406,1460 1448,1463 1493,1460 1537,1460 1582,1460 1627,1460 1672,1457 1716,1457 1761,1457 1806,1457 1851,1457 1896,1454 1940,1454 1985,1454 2030,1451 2075,1454 2120,1454 2164,1454 2209,1451 2254,1451"/>
                <TextEquiv>
                    <Unicode>rirten seine Pistole genommen, und diesem unglücklichen</Unicode>
                </TextEquiv>
            </TextLine>
            <TextLine id="r_34_tl_23" custom="readingOrder {index:22;}">
                <Coords points="1391,1515 2248,1508 2226,1458 1393,1476"/>
                <Baseline points="1403,1501 1448,1501 1493,1501 1537,1501 1582,1501 1627,1501 1672,1501 1716,1499 1761,1501 1806,1499 1851,1496 1896,1496 1940,1496 1985,1496 2030,1496 2075,1493 2120,1493 2164,1493 2209,1490 2254,1490"/>
                <TextEquiv>
                    <Unicode>eine Kugel durchs Herz geschossen, und so hängt er auch</Unicode>
                </TextEquiv>
            </TextLine>
            <TextLine id="r_34_tl_24" custom="readingOrder {index:23;}">
                <Coords points="1393,1552 1936,1541 2022,1573 2220,1571 2246,1567 2248,1508 1393,1515"/>
                <Baseline points="1406,1540 1448,1540 1493,1543 1537,1543 1582,1543 1627,1543 1672,1540 1716,1540 1761,1540 1806,1540 1851,1537 1896,1537 1940,1537 1985,1537 2030,1537 2075,1537 2120,1537 2164,1534 2209,1534 2254,1534"/>
                <TextEquiv>
                    <Unicode>noch daselbst. Kein Katholik begräbt ihn, und kein</Unicode>
                </TextEquiv>
            </TextLine>
            <TextLine id="r_34_tl_25" custom="readingOrder {index:24;}">
                <Coords points="1621,1636 1649,1643 1693,1623 1769,1638 1834,1636 1847,1623 1960,1632 1981,1617 1999,1628 2012,1625 2014,1562 1868,1595 1818,1582 1771,1601 1738,1584 1621,1588"/>
                <Baseline points="1633,1624 1660,1621 1705,1621 1749,1621 1794,1618 1839,1618 1884,1618 1928,1618 1973,1615 2018,1615"/>
                <TextEquiv>
                    <Unicode>Paris, vom 15. Dee.</Unicode>
                </TextEquiv>
            </TextLine>
            <TextLine id="r_34_tl_26" custom="readingOrder {index:25;}">
                <Coords points="1432,1677 2257,1673 2257,1623 2114,1606 1647,1645 1562,1604 1432,1625"/>
                <Baseline points="1445,1666 1457,1663 1501,1666 1546,1663 1591,1663 1636,1663 1681,1663 1725,1663 1770,1663 1815,1660 1860,1660 1905,1657 1949,1657 1994,1657 2039,1657 2084,1657 2129,1657 2173,1657 2218,1657 2263,1657"/>
                <TextEquiv>
                    <Unicode>Nicht allein werden von unserm Hofe 3 Bataillons</Unicode>
                </TextEquiv>
            </TextLine>
            <TextLine id="r_34_tl_27" custom="readingOrder {index:26;}">
                <Coords points="521,1725 2257,1708 2224,1660 523,1682"/>
                <Baseline points="534,1719 543,1716 588,1716 633,1716 677,1713 722,1713 767,1713 812,1711 856,1711 901,1711 946,1708 991,1711 1036,1708 1080,1708 1125,1708 1170,1708 1215,1708 1260,1708 1304,1711 1349,1705 1394,1705 1409,1705 1454,1708 1499,1708 1543,1708 1588,1705 1633,1705 1678,1705 1722,1705 1767,1705 1812,1702 1857,1702 1902,1702 1946,1699 1991,1699 2036,1696 2081,1696 2126,1696 2170,1699 2215,1696 2260,1699"/>
                <TextEquiv>
                    <Unicode>in hiesiger Nachbarschaft vor einigen Tagen zuge= nach den Inseln de France und Bourbon abgeschickt,</Unicode>
                </TextEquiv>
            </TextLine>
            <TextLine id="r_34_tl_28" custom="readingOrder {index:27;}">
                <Coords points="519,1769 2252,1749 2255,1708 521,1725"/>
                <Baseline points="531,1755 540,1758 585,1755 630,1755 674,1755 719,1755 764,1755 809,1752 854,1755 898,1752 943,1749 988,1752 1033,1752 1077,1752 1122,1749 1167,1749 1212,1746 1257,1749 1301,1746 1346,1746 1391,1746 1409,1749 1451,1749 1496,1746 1540,1746 1585,1746 1630,1746 1675,1743 1719,1743 1764,1743 1809,1743 1854,1743 1899,1743 1943,1740 1988,1743 2033,1737 2078,1737 2123,1737 2167,1734 2212,1734 2257,1734"/>
                <TextEquiv>
                    <Unicode>tragene ganz barbarische Handlung überzeugen. Der sondern man sieht auch wöchentlich zu den schon in</Unicode>
                </TextEquiv>
            </TextLine>
            <TextLine id="r_34_tl_29" custom="readingOrder {index:28;}">
                <Coords points="516,1805 2252,1792 2220,1740 516,1760"/>
                <Baseline points="528,1794 540,1797 585,1797 630,1797 674,1797 719,1794 764,1794 809,1794 854,1794 898,1791 943,1794 988,1794 1033,1791 1077,1791 1122,1788 1167,1788 1212,1788 1257,1788 1301,1788 1346,1788 1391,1788 1409,1788 1451,1788 1496,1788 1540,1788 1585,1788 1630,1788 1675,1788 1719,1785 1764,1785 1809,1785 1854,1785 1899,1782 1943,1782 1988,1782 2033,1782 2078,1779 2123,1776 2167,1776 2212,1779 2257,1782"/>
                <TextEquiv>
                    <Unicode>Bürgermeister Berndt in der hier nahe an der Gränze dem bemeldeten und andern Colonien befindlichen</Unicode>
                </TextEquiv>
            </TextLine>
            <TextLine id="r_34_tl_30" custom="readingOrder {index:29;}">
                <Coords points="1406,1836 2255,1829 2255,1797 2177,1782 1406,1795"/>
                <Baseline points="1418,1830 1454,1830 1499,1827 1543,1827 1588,1827 1633,1827 1678,1827 1722,1827 1767,1824 1812,1824 1857,1827 1902,1824 1946,1821 1991,1821 2036,1821 2081,1821 2126,1818 2170,1818 2215,1818 2260,1821"/>
                <TextEquiv>
                    <Unicode>Truppen Recruten abgehen. Für die im Königreiche be¬</Unicode>
                </TextEquiv>
            </TextLine>
            <TextLine id="r_34_tl_31" custom="readingOrder {index:30;}">
                <Coords points="525,1894 2257,1866 2235,1825 1929,1823 525,1855"/>
                <Baseline points="537,1881 540,1884 585,1881 630,1878 674,1878 719,1878 764,1875 809,1875 854,1875 898,1878 943,1875 988,1875 1033,1872 1077,1872 1122,1872 1167,1872 1212,1872 1257,1869 1301,1869 1346,1869 1391,1866 1418,1872 1454,1872 1499,1872 1543,1872 1588,1869 1633,1869 1678,1869 1722,1866 1767,1866 1812,1866 1857,1866 1902,1866 1946,1866 1991,1863 2036,1863 2081,1863 2126,1860 2170,1860 2215,1860 2260,1860"/>
                <TextEquiv>
                    <Unicode>Zeit, weil er ein Dißidente und es nicht mit denen Con= findlichen Truppen werden gleichsals allerley Verfü¬</Unicode>
                </TextEquiv>
            </TextLine>
            <TextLine id="r_34_tl_32" custom="readingOrder {index:31;}">
                <Coords points="1408,1927 2252,1914 2252,1866 2146,1862 1408,1884"/>
                <Baseline points="1421,1914 1451,1914 1496,1911 1540,1911 1585,1908 1630,1911 1675,1911 1719,1908 1764,1908 1809,1908 1854,1905 1899,1905 1943,1905 1988,1902 2033,1902 2078,1902 2123,1902 2167,1902 2212,1902 2257,1902"/>
                <TextEquiv>
                    <Unicode>gungen gemacht; und der Urlaub für die Obersten und</Unicode>
                </TextEquiv>
            </TextLine>
            <TextLine id="r_34_tl_33" custom="readingOrder {index:32;}">
                <Coords points="516,1964 2255,1951 2213,1903 519,1936"/>
                <Baseline points="531,1961 543,1961 588,1961 633,1961 677,1961 722,1961 767,1958 812,1958 856,1958 901,1958 946,1955 991,1958 1036,1955 1080,1955 1125,1955 1170,1955 1215,1952 1260,1952 1304,1949 1349,1952 1394,1949 1409,1952 1454,1952 1499,1952 1543,1952 1588,1952 1633,1949 1678,1949 1722,1949 1767,1949 1812,1946 1857,1946 1902,1946 1946,1943 1991,1943 2036,1940 2081,1943 2126,1940 2170,1940 2215,1940 2260,1940"/>
                <TextEquiv>
                    <Unicode>besonders des Abts zu Blesen, imgleichen des Schloß= andere Officiers, welche denselben schon im October</Unicode>
                </TextEquiv>
            </TextLine>
            <TextLine id="r_34_tl_34" custom="readingOrder {index:33;}">
                <Coords points="525,2014 2261,1990 2222,1944 525,1966"/>
                <Baseline points="537,2003 540,2003 585,2003 630,2003 674,2003 719,2000 764,2000 809,1997 854,1997 898,1997 943,1997 988,1997 1033,1997 1077,1997 1122,1997 1167,1994 1212,1997 1257,1994 1301,1994 1346,1994 1391,1994 1418,1997 1460,1994 1504,1994 1549,1994 1594,1991 1639,1991 1684,1991 1728,1991 1773,1991 1818,1991 1863,1988 1908,1988 1952,1985 1997,1985 2042,1982 2087,1982 2132,1982 2176,1982 2221,1982 2266,1982"/>
                <TextEquiv>
                    <Unicode>commissarii Pirschlinsky zu Meseritz, auf sich geladen, hatten haben sollen, wird so wenig ertheilt, daß diesel¬</Unicode>
                </TextEquiv>
            </TextLine>
            <TextLine id="r_34_tl_35" custom="readingOrder {index:34;}">
                <Coords points="525,2057 2255,2027 2231,1986 525,2020"/>
                <Baseline points="537,2048 543,2045 588,2045 633,2045 677,2045 722,2042 767,2042 812,2042 856,2042 901,2042 946,2039 991,2039 1036,2039 1080,2039 1125,2036 1170,2036 1215,2039 1260,2036 1304,2033 1349,2036 1394,2033 1412,2036 1454,2036 1499,2036 1543,2036 1588,2036 1633,2033 1678,2033 1722,2033 1767,2033 1812,2033 1857,2033 1902,2030 1946,2030 1991,2030 2036,2027 2081,2027 2126,2027 2170,2027 2215,2024 2260,2027"/>
                <TextEquiv>
                    <Unicode>und es war selbiger schon vor anderthalb Jahren in ben vielmehr den Befehl empfangen haben, sich von</Unicode>
                </TextEquiv>
            </TextLine>
            <TextLine id="r_34_tl_36" custom="readingOrder {index:35;}">
                <Coords points="525,2096 2252,2083 2255,2029 527,2055"/>
                <Baseline points="537,2084 582,2084 627,2084 671,2087 716,2084 761,2084 806,2084 851,2081 895,2081 940,2081 985,2078 1030,2081 1074,2081 1119,2078 1164,2078 1209,2078 1254,2075 1298,2078 1343,2078 1388,2075 1409,2078 1454,2078 1499,2078 1543,2078 1588,2078 1633,2075 1678,2075 1722,2075 1767,2075 1812,2075 1857,2072 1902,2072 1946,2069 1991,2066 2036,2069 2081,2066 2126,2066 2170,2066 2215,2066 2260,2066"/>
                <TextEquiv>
                    <Unicode>Verhaft genommen, um ein Opfer ihres Hasses zu ihren Regimentern nicht zu entfernen. Es ist nicht</Unicode>
                </TextEquiv>
            </TextLine>
            <TextLine id="r_34_tl_37" custom="readingOrder {index:36;}">
                <Coords points="519,2142 2263,2127 2263,2081 2179,2068 519,2098"/>
                <Baseline points="531,2126 576,2126 621,2126 665,2129 707,2126 734,2126 767,2126 812,2123 856,2123 901,2123 946,2123 991,2123 1036,2120 1080,2120 1125,2120 1170,2120 1215,2117 1260,2117 1304,2117 1349,2117 1394,2117 1409,2120 1415,2120 1460,2120 1504,2117 1549,2120 1594,2117 1639,2117 1684,2117 1728,2117 1773,2120 1818,2117 1863,2114 1908,2114 1952,2114 1997,2114 2042,2111 2087,2111 2132,2114 2176,2111 2221,2108 2266,2111"/>
                <TextEquiv>
                    <Unicode>werden. Er wurde aber damalen durch einen zu sehen, wie man sich hieraus Hofnung für den</Unicode>
                </TextEquiv>
            </TextLine>
            <TextEquiv>
                <Unicode></Unicode>
            </TextEquiv>
        </TextRegion>
        <TextRegion id="r_23" custom="readingOrder {index:2;}">
            <Coords points="2331,2213 2331,2776 1396,2776 1394,2213"/>
            <TextLine id="r_23_tl_1" custom="readingOrder {index:0;}">
                <Coords points="1660,2261 1983,2259 1986,2203 1894,2218 1871,2205 1851,2224 1790,2209 1732,2222 1708,2211 1662,2218"/>
                <Baseline points="1672,2251 1678,2251 1722,2251 1767,2251 1812,2248 1857,2251 1902,2245 1946,2245 1991,2248"/>
                <TextEquiv>
                    <Unicode>Einpaßirte Fremde,</Unicode>
                </TextEquiv>
            </TextLine>
            <TextLine id="r_23_tl_2" custom="readingOrder {index:1;}">
                <Coords points="1545,2309 2096,2298 2096,2250 2046,2229 1999,2263 1545,2265"/>
                <Baseline points="1558,2296 1564,2296 1609,2296 1654,2296 1699,2293 1743,2293 1788,2290 1833,2290 1878,2287 1923,2290 1967,2287 2012,2290 2057,2287 2102,2287"/>
                <TextEquiv>
                    <Unicode>vom 29ten Dec. bis 4ten Jan.</Unicode>
                </TextEquiv>
            </TextLine>
            <TextLine id="r_23_tl_3" custom="readingOrder {index:2;}">
                <Coords points="1437,2350 2252,2339 2255,2270 2044,2300 1439,2302"/>
                <Baseline points="1448,2338 1454,2338 1499,2338 1543,2338 1588,2338 1633,2338 1678,2338 1722,2335 1767,2335 1812,2332 1857,2332 1902,2332 1946,2332 1991,2329 2036,2329 2081,2329 2126,2326 2170,2326 2215,2326 2260,2329"/>
                <TextEquiv>
                    <Unicode>Herr von Philosophof, Rußischkaiserl. General,</Unicode>
                </TextEquiv>
            </TextLine>
            <TextLine id="r_23_tl_4" custom="readingOrder {index:3;}">
                <Coords points="1404,2391 2263,2378 2263,2331 2200,2328 1766,2357 1404,2339"/>
                <Baseline points="1415,2379 1418,2382 1463,2379 1507,2379 1552,2379 1597,2376 1642,2379 1687,2376 1731,2376 1776,2379 1821,2376 1866,2373 1911,2373 1955,2373 2000,2370 2045,2367 2090,2367 2135,2367 2179,2367 2224,2367 2269,2367"/>
                <TextEquiv>
                    <Unicode>kommt von Hamburg, gehet nach Petersburg, Frau</Unicode>
                </TextEquiv>
            </TextLine>
            <TextLine id="r_23_tl_5" custom="readingOrder {index:4;}">
                <Coords points="1406,2428 2166,2411 2255,2433 2257,2378 2177,2370 1408,2389"/>
                <Baseline points="1418,2421 1457,2421 1501,2421 1546,2421 1591,2418 1636,2418 1681,2418 1725,2415 1770,2415 1815,2415 1860,2415 1905,2412 1949,2412 1994,2412 2039,2412 2084,2409 2129,2409 2173,2406 2218,2406 2263,2406"/>
                <TextEquiv>
                    <Unicode>Generalin von Bauerin, kommt von Frankfurt am</Unicode>
                </TextEquiv>
            </TextLine>
            <TextLine id="r_23_tl_6" custom="readingOrder {index:5;}">
                <Coords points="1406,2472 2120,2461 2222,2452 2224,2424 1406,2428"/>
                <Baseline points="1418,2466 1421,2463 1466,2463 1510,2466 1555,2463 1600,2463 1645,2463 1690,2463 1734,2460 1779,2457 1824,2457 1869,2457 1914,2457 1958,2457 2003,2454 2048,2451 2093,2451 2138,2448 2182,2448 2227,2448"/>
                <TextEquiv>
                    <Unicode>Mayn, log. bey Felgenhauern auf dem Roßgarten.</Unicode>
                </TextEquiv>
            </TextLine>
            <TextLine id="r_23_tl_7" custom="readingOrder {index:6;}">
                <Coords points="525,2554 1313,2532 1421,2567 1508,2522 2111,2506 2255,2535 2257,2456 525,2513"/>
                <Baseline points="537,2541 543,2541 588,2538 633,2538 677,2535 722,2535 767,2535 812,2535 856,2535 901,2532 946,2532 991,2532 1036,2532 1080,2532 1125,2532 1170,2532 1215,2532 1260,2532 1304,2532 1349,2532 1394,2529 1415,2526 1457,2523 1501,2520 1546,2520 1591,2520 1636,2517 1681,2517 1725,2517 1770,2514 1815,2514 1860,2514 1905,2514 1949,2511 1994,2511 2039,2508 2084,2505 2129,2505 2173,2505 2218,2505 2263,2511"/>
                <TextEquiv>
                    <Unicode>stücke und Sachen alles in Ordnung zu bringen. Hier Diese Gelehrte und Politische Zeitung wird des Montag</Unicode>
                </TextEquiv>
            </TextLine>
            <TextLine id="r_23_tl_8" custom="readingOrder {index:7;}">
                <Coords points="1454,2563 2222,2554 2224,2513 2133,2504 1456,2530"/>
                <Baseline points="1466,2559 1510,2559 1555,2556 1600,2556 1645,2553 1690,2553 1734,2550 1779,2547 1824,2547 1869,2550 1914,2547 1958,2547 2003,2544 2048,2541 2093,2541 2138,2541 2182,2541 2227,2544"/>
                <TextEquiv>
                    <Unicode>und des Freytags Vormittags um 10 Uhr in dem</Unicode>
                </TextEquiv>
            </TextLine>
            <TextLine id="r_23_tl_9" custom="readingOrder {index:8;}">
                <Coords points="1545,2591 2107,2582 2107,2552 2085,2545 1545,2563"/>
                <Baseline points="1558,2588 1573,2588 1618,2591 1663,2591 1708,2591 1752,2588 1797,2585 1842,2585 1887,2585 1931,2582 1976,2582 2021,2579 2066,2576 2111,2576"/>
                <TextEquiv>
                    <Unicode>Kanterschen Buchladen ausgegeben.</Unicode>
                </TextEquiv>
            </TextLine>
            <TextLine id="r_23_tl_10" custom="readingOrder {index:9;}">
                <Coords points="1443,2656 1614,2652 1688,2684 2255,2671 2237,2578 1445,2595"/>
                <Baseline points="1454,2651 1499,2648 1543,2648 1588,2648 1633,2645 1678,2648 1722,2645 1767,2645 1812,2645 1857,2645 1902,2642 1946,2642 1991,2639 2036,2636 2081,2636 2126,2636 2170,2639 2215,2642 2260,2648"/>
                <TextEquiv>
                    <Unicode>Die Pränumeration ist für diese Zeitung mit 2 /,</Unicode>
                </TextEquiv>
            </TextLine>
            <TextEquiv>
                <Unicode></Unicode>
            </TextEquiv>
        </TextRegion>
    </Page>
</PcGts>
