2679 3213
1185 498 1608 590 zum 1ten Stück,
940 504 1166 571 Beylage
388 601 2095 700 der Königsbergschen gelehrten und politischen Zeitung, 1771.
468 754 1222 840 Verschiedene Arten den Tag anzufangen.
476 810 1263 877 Der natürliche Tag wird vom Aufgang der Sonne
412 871 1267 931 bis zu ihrem Untergang gerechnet. Man bedient sich
418 905 1194 970 desselben bey gewissen gerichtlichen Vorfallenheiten.
474 946 1269 987 Der künstliche oder bürgerliche Tag, der bey den
416 981 1265 1028 meisten europäischen Völkern gebräuchlich ist, geht von
418 1017 890 1084 Mitternacht zu Mitternacht.
468 1032 1267 1099 Die Italiener, die Chineser, die Juden, fangen den
412 1086 1267 1129 Tag mit dem Untergang der Sonne an. Eben so wird
412 1129 1177 1187 auch der Anfang des kanonischen Tages gerechnet.
465 1155 1267 1209 Die heutigen Griechen sind die einzigen, welche den
416 1187 1269 1259 bürgerlichen Tag mit dem Aufgang der Sonne anfangen.
474 1239 1269 1280 Die Sternkundige nehmen den Tag von einem
420 1259 1276 1317 Mittage bis zu dem audern an, weil es vermittelst einer
412 1315 1263 1355 Mittagslinie bequem ist, die Sonne zu beobachten, wenr
412 1353 1125 1412 sie in der Mittagslinie sich befindet.
472 1392 1213 1472 Das astronomische und das gemeine Jahr.
474 1450 1274 1515 Das Sonnenjahr oder die Zeit, welche die Sonne
416 1487 1269 1545 anwendet, um die zwölf himmlischen Zeichen des Thier¬
409 1541 1269 1599 kreises zu durchlaufen, ist von 365 Tagen5 St. 48 M. 48 S.
472 1577 1274 1625 Die Sonnenmonate oder die Zeit, in welcher die
427 1590 1276 1657 Sonne von einem Zeichen des Thierkreises zu dem an¬
418 1651 1274 1696 dern fortrückt, sind nicht gleich, weil sie länger in den
420 1685 1280 1726 nördlichen als in den mittäglichen Zeichen sich verweilt.
422 1722 1276 1765 Nach der mittlern Bewegung hat ein Sonnenmonat 30
422 1761 1153 1812 Tage, 10 Stunden, 24 Minuten, 4 Sekunden.
481 1793 1276 1838 Das Mondenjahr hat 12 Monate, oder 354 Tage,
412 1817 1067 1886 3 Stunden, 48 Minuten, 36 Sekunden.
472 1860 1269 1907 Ein Mondenmonat, oder die Zeit von einem Neu=
418 1899 1269 1959 mond bis zu dem andern, hat 29 Tage, 12 Stunden
420 1939 840 2002 44 Minuten, 3 Sekunden.
476 1952 1278 2026 Das gemeine Jahr hat 365 Tage. Es ist ein Mond=
422 2013 1271 2056 Sonnenjahr, in welchem alle bewegliche Feste sich nach
418 2054 851 2116 dem Ostervollmond richten.
487 2073 1276 2138 Das Schaltjahr hat 366 Tage. Es entsteht aus dem
416 2103 2144 2170 Unterschiede von 5 Stunden 49 Minuten, der sich zwi= war, um 10 Tage von dem Sonnenjahre abwich, so wur¬
427 2161 1278 2202 schen dem gemeinen und Sonnenjahre befindet. Da der¬
433 2196 1276 2250 selbe in hundert Jahren 24 Tage macht, so wird alle
427 2235 1278 2282 4 Jahre in dem Monat Februar, nach dem drey und
433 2267 1282 2321 zwanzigsten, ein Tag eingeschaltet, welches in hundert
435 2306 1282 2360 Jahren 24 Schaltjahre macht. Es bleiben aber dennoch
422 2342 1284 2396 5 Stunden 40 Minut. übrig, welche in vierhundert Jah=
422 2379 1284 2420 ren wiederum 22 Stunden, 44 Minuten betragen. Die
433 2411 1282 2461 Protestanten haben in Ansehung dieses Ueberschusses auf
427 2448 1276 2498 das künftige Jahrhundert noch keinen Schluß gefaßt
427 2489 1276 2532 aber bey den Catholicken ist festgesetzt, daß dreymal nach
427 2504 2151 2582 einander das hunderte Jahr ein gemeines Jahr, das Kalender im Jahr 1752. und die Schweden in dem fol¬
422 2562 1278 2605 vierhunderte hingegen ein Schaltjahr seyn sollte. Durch
429 2601 1274 2644 diese Einrichtung kommt das gemeine Jahr dem Sonnen
422 2616 2155 2685 jahre so nahe, daß es in 400 Jahren nicht mehr als um zu bestimmen, von einander unterschieden sind, indem
420 2672 1280 2733 eine Stunde und 20 Minuten, und in 7200 Jahren erst
427 2709 1021 2778 um einen Tag von demselben abweicht.
412 2778 1274 2845 sern Zeiten eben so lang sind, als sie vor einigen Jahr.
1284 733 2146 819 hunderten gewesen. Als der berühmte Enler die neuern
1287 793 2144 856 Beobachtungen mit denjenigen vergliche, welche Walther
1293 836 2144 890 von Nürnberg in dem funfzehenden Jahrhundert ange¬
1293 868 2138 924 stellt hatte, so fand er, daß seit dieser Zeit die Bewegung
1289 912 2140 961 der Sonne, oder vielmehr der Erde, merklich schneller ge¬
1289 942 2138 993 worden, welcher Umstand die Jahre nothwendig kürzer
1289 978 2149 1028 machen muß. Diese geschwindere Bewegung köͤnnte von
1289 1013 2149 1069 dem Wiederstand herkommen, welchen die Himmelsluft
1289 1056 2146 1114 in dem Lauf der Erde verursacht, und wodurch diese einen
1293 1086 2153 1140 engern Zirkel zu beschreiben genöthiget wird. Wenn
1293 1127 2146 1174 diese Eulerische Beobachtung in der Folge bestätigt wird,
1297 1162 2151 1218 so folgt daraus, daß, nachdem die Laufbahn der Erde im¬
1293 1196 2146 1254 mer enger wird, selbige endlich die Stelle der Venus und
1295 1228 2138 1295 nach diesem die Stelle des Merkurius einnehmen wird.
1295 1278 2146 1334 In dieser Nähe aber würde sie das Feuer der Sonne
1289 1306 2149 1379 nicht ertragen können, sondern durch die Flammen ver¬
1293 1358 1521 1429 zehret werden.
1502 1366 1939 1450 Die dreyerley Kalender.
1360 1431 2140 1504 Jn dem christlichen Eurova sind dreyerley Kalender
1297 1480 2146 1565 bekannt, der Julianische, der Eregorianische und der
1297 1532 1489 1584 Verbesserte.
1327 1543 2149 1601 Den alten Julianischen Kalender hat man nach und
1295 1593 2146 1664 nach verlassen, so daß er heut zu Tag nirgends mehr im
1304 1627 2144 1679 Gebrauch ist, als in Rußland. Nach diesem Kalender
1304 1664 2144 1718 sind die unbeweglichen Feste von den unsrigen um 11 Tage
1295 1700 2155 1761 in diesem Jahrhundert unterschieden, und in dem fol¬
1302 1735 2151 1793 genden werden sie es um 12 Tage seyn. Die beweglichen
1304 1774 2144 1825 Feste fallen zuweilen auf einen Tag mit den unsrigen:
1304 1810 2146 1858 zuweilen entfernen sie sich auch bis auf 5 Wochen von
1297 1838 2146 1890 denselben. Jn dem gegenwärtigen Jahre ist Ostern den
1295 1883 2140 1946 24 März, welches nach dem verbesserten Kalender der
1295 1924 1478 1991 6 April ist.
1355 1942 2144 2028 Den gregorianischen Kalender hat Pabst Gregoriue
1295 1991 2146 2039 der XIII. eingeführt. Er wurde in dem Jahre 1582. in
1295 2026 2146 2082 den katholischen Ländern angenommen, und da das julia=
1304 2064 2144 2123 nische Jahr, welches bis dahin in Europa im Gebrauche
1302 2138 2153 2215 den sie im Monat October ausgelassen, so daß man nach
1302 2177 1968 2239 dem vierten sogleich den funfzehnden zählte.
1364 2194 2155 2265 Der verbesserte Kalender ist in den protestantischen
1308 2250 2157 2319 Ländern gebräuchlich. Er ist erst mit dem Anfange die¬
1308 2284 2155 2345 ses Jahrhundert eingeführt worden. Der Unterschied
1308 2323 2153 2383 zwischen dem julianischen und Sonnenjahre betrug im
1310 2362 2144 2414 1700ten Jahre eilf Tage. Diese wurden nach dem 18
1310 2394 2155 2455 Februar weggenommen, so daß man statt des 19. sogleich
1304 2435 2146 2489 den 1 März zählte. Das Fest Matthias wurde den 18.
1310 2463 2153 2530 Febr. gefeyert. Die Engellander haben den verbesserten
1302 2562 1633 2623 genden angenommen.
1364 2569 2153 2638 Da diese beyden Kalender in der Art das Osterfest
1302 2659 2155 2709 man sich bey dem Gregorianischen der Zicklischen Rech¬
1304 2687 2161 2748 nung und bey dem verbefferten der astronomischen be¬
491 2724 2155 2797 Es ist noch nicht ausgemacht, daß die Jahre zu un= dient, um den Ostervollmond jeden Jahrs zu finden, so
1302 2763 2155 2853 sind sie in Ansehung des Osterfestes schon zweymahl in
2041 2799 2153 2870 diesen
