2679 3213
913 1338 1837 1438 17tes Stück. Freytag, den 1. März 1771.
846 1410 1017 1496 Berlin.
553 1483 1360 1610 Predigten über das Gebet des Herrn von David
509 1559 1151 1649 Bruhne, Prediger an der Marienkirche.
509 1800 1371 1878 gemeinen Haufen seiner Zuhörer den Inhalt des V. U.
507 1828 2236 1906 bekannt zu machen, und durch einleuchtende deutliche schönsten Lusthäuser und Gegenden bey der Stadt, ma¬
516 1921 1364 2003 bet ans Herz zu legen. Man muß also hier nichts
514 2010 1371 2081 der V. auf solche Umstände zur Erklärung des Texts
516 2094 1364 2165 Gelehrter von Profeßion ist, doch schon Zweifel wider
514 2122 1604 2213 den Text gelesen hat, einfallen können. Wir führen Kostet 12 gr.
518 2180 1371 2243 nur ein Beispiel ein. Der V. halt eine Predigt über
516 2221 1373 2288 den Beschluß des V. U. Nun mag es manchen Le¬
518 2262 1366 2336 sern bekannt seyn, wie viel Zweifel man wider die Au¬
512 2299 1377 2375 thentik dieser Doxologie erregt hat. Ein paar Worte
516 2342 1373 2418 darüber zu sagen, und sie zu beweisen, wäre dem V.
514 2394 1371 2454 nicht zu viel aus dem Wege gewesen. Indessen loben
505 2426 1373 2498 wir seine übrige gottselige Bemühungen, überall wich¬
514 2478 1371 2543 tige Begriffe über göttliche Wahrheiten auszubreiten
518 2569 719 2647 1 fl. 24 gr.
1660 1395 1949 1485 Kopenhagen.
1416 1472 2234 1554 Beschreibung von Kopenhagen, und den Königlichen
1375 1511 1831 1600 Lustschlössern, für Reisende.
1416 1572 2239 1641 Kopenhagen besitzt für vielen großen Städten Vor¬
548 1621 2239 1705 Der vornehmste Charakterzug des V. in diesen Pre= züge, indem es wenigstens eine Merkwürdigkeit mehr
507 1667 2239 1757 digten ist eine ungemeine Bemühung, populair und hat, als andre. Ein glänzender Hof — eine Univers
507 1718 2236 1796 verständlich — ohne Gelehrsamkeit — in reinen sität — eine Admiralität — die prächtigsten Kirchen
509 1744 2239 1841 deutlichen Begriffen und in einer guten Schreibart dem und Palläste, schöne Hospitäler, Schulen und Wai¬
1388 1796 2236 1844 senhäuser, große und seltne Bibliotheken, und die
516 1869 2232 1958 Folgerungen die vornehmsten Pflichten bey diesem Ge= chen es zu einer Zierde unter den Städten Europens —
1386 1915 2239 1967 Der V. beschreibt alles ziemlich speciell. Was uns
512 1954 2243 2036 neues und gesuchtes erwarten. Nicht einmal läßt sich am rührendsten dünkt, sind die wohlthätigen Anstalten
1395 1997 2236 2053 für Arme, Kranke und Waisen. Zugleich bemerkt er
518 2046 2241 2120 ein, die denjenigen Leser, welcher, wenn er auch kein die wichtigsten Poststationen und Wege auf Kopenha¬
1388 2081 2245 2167 gen zu. Reisende können dies Werkgen sehr nutzen.
1753 2265 1889 2349 Halle.
1418 2318 2249 2422 Empfindungen und Erfahrungen im Christene
1390 2396 1498 2461 thum.
1429 2433 2249 2526 Der V. scheint, wider Herr Spaldings Grundsätze
522 2487 2247 2586 gar sehr. Kostet in der Kanterschen Buchhandlung zu schreiben. Wir wünschten aber, daß er mehr ver¬
1395 2537 2243 2595 nunftmäßig, als aus kleinen Exempeln und Geschich¬
1401 2580 2252 2636 ten, die hier wenig rationelles beweisen, seine Gache
1390 2621 2252 2701 vertheidigt hätte. Seine Frömmigkeit ist indessen
