2679 3213
857 1360 1803 1464 6tes Stück. Montag, den 21. Januar 1771.
682 1444 1125 1531 Frakfurt und Leipzig.
509 1522 1334 1576 Bey Christian Gottlob Hilschern ist verlegt: Jo¬
477 1576 1334 1638 hann Conrad Füeslins, neue und unpartheyische Kir¬
477 1610 1334 1669 chen= und Ketzerhistorie der mittlern Zeit. Erster
486 1662 717 1729 Theil, in 8vo.
479 1764 2202 1863 den Theile mit dem gegenwärtigen übereinstimmen Kirchenzucht, und daß die Verfassung der Kirche ganz
486 1872 1338 1932 daß auch der Unpartheyische, sich wiederum erinnert,
486 1990 1276 2057 und Ketzergeschichten, die wir außer diese haben.
492 2105 2027 2182 Schweiz der römischen Kirche entgegen gesetzt, und einander selbst die Sacramente ertheilten.
490 2379 2206 2461 vin gemachte große Religions=Veränderungen, und keit. Er handelt von den verschiedenen Secten unter
490 2496 1716 2554 kommen, sind Manichäer, Bruisianer, Han= ren, oder Gazzaren.
490 2543 2206 2634 denser, Albigenser, Pickarder, Hußiten, einigen als testes veritatis angesehen werden, abstam¬
484 2657 1813 2731 handelt der Verf. von den allgemeinen Unruhen, die nen Beweiß anzufuhren.
1358 1433 2202 1511 sich in der Kirche im 12ten Jahrhunderte erreget, und
1351 1479 2204 1541 es waren nach des Verf. Meynung, Manichäer,
1356 1522 2211 1589 von denen dieses herrührte. Ungeachtet sich die Leh¬
1358 1565 2202 1626 ren dieser Leute ganz nicht mit den Wahrheiten der
1351 1602 2206 1671 Religion reimten, zogen sie dennoch ganz gewaltig vie¬
1351 1638 2204 1710 le an sich. Sie nahmen die Sprache der Christon
522 1680 2206 1766 Herr F. schenkt uns hier ein Werk, von welchem an sich. Klagten über den Vorfall des Ehristenthums,
484 1723 2211 1807 wir uns sehr viel Gutes versprechen, wenn die folgen. Sie schvieen, über das Verderben der Geistlichkeit, der
477 1811 2211 1891 werden: denn zuletzt findet es sich doch wohl einmal, anders wäre, als Sie Christus und die Apostel einge¬
1358 1841 2202 1913 setzt hätten. (merkwürdige Klagen) — Sie hatten in
486 1887 2208 1980 daß er zu einer Parthey gehöret, und dieses dünkt manchen Stücken recht; und jemehr der geistliche
484 1926 2215 2010 uns ist noch immer der größte Fehler aller Kirchen, Stand verhaßt wurde, destomehr nahmen die Unru¬
1347 1975 2208 2034 hen überhand, die so weit giengen, daß zuletzt die
484 2005 2206 2109 Herr F. Hauptabsicht ist hier vornehmlich, die Leute Bauren ihre Kinder selbst tauften, und Layen, welche
492 2049 2213 2144 zu beschreiben, die sich vor der Reformation in der sich auf die Salbung von oben, was zu gute thaten,
494 2124 2208 2217 nur in so fern sich diese in Italien, Frankreich, Verf. gehet hiernächst im folgenden Capitel die Lehren
486 2170 2206 2254 Deutschland rc. ausgebreitet hatten, fasset er sie hier in der Manichäer, von der Schöpfung, von den dreyen
499 2217 2204 2306 seine Nachrichten zusammen. — Das ist, unserer göttlichen Personen, von der heil. Schrist, von den
492 2254 2215 2340 Meinung nach, ein sehr eingeschränkter Plan. Sei= Geistern, von der Taufe, von der Erbsünde rc. genan
490 2303 2208 2388 ne Geschichte fängt sich mit dem zwölften Jahrhunder= durch, und unterscheidet dabey die alten Manichäer
492 2340 2208 2431 te an, und gehet bis auf die durch Zwingeln und Cal= von den neuern mit vielem Scharfsinn und Geschicklich¬
492 2424 2211 2513 die Sonderlinge, welche ihm in diesen Zeitraum vor= Ihnen selbst, als den Zandiern, Bogomilen, Catha¬
1783 2465 2208 2519 Von den Zandiern sollen,
494 2500 2208 2593 richianer, Arnoldisten, Catharer, Wal= nach des Marigny Meinung die Albigenser, die von
499 2582 2208 2670 und einige andere. — Im ersten Abschnirt, 1 Cap. men. Herr F. hält dieses für unrichtig, aber ohne ei¬
1867 2625 2215 2718 Die Publiraner wer
