2679 3213
478 489 1202 573 diese Erklärung anzunehmen geruhet haben.
487 692 1343 744 hat sich noch ein anderer nicht weniger merkwürdiger
487 900 1341 958 ham und Temple hielt, ist an die Stelle des Grafen
484 980 1341 1029 Norder Departement ernannt ist, geheimer Siegelbe¬
489 1023 1341 1073 wahrer geworden. M. Wedderburn, der große Red¬
482 1064 1341 1129 ner im Unterhause, der dieser Parthey ebenfalls sehr
482 1109 1334 1153 ergeben war, hat die Charge eines Sollicitorgenerals
487 1129 2212 1200 angenommen, so daß der innere Friede in eben dem in den Königl. Dänischen Landen lautet auf den bishe¬
482 1187 1339 1237 Augenblicke, da der äußere befestiget worden, wieder
482 1224 2212 1276 hergestellt zu seyn scheint. Da auch die Amerikani= Koos, und ist ihm und seinen Mitinteressenten, wel=
482 1345 2210 1406 nach den heftigsten Bewegungen der vollkommensten 6 Jahre, von Zeit der innerhalb 6 Monaten zu halt
487 1432 2217 1507 gem wird nunmehro die Früchte seiner Mäßigung ein= Sie soll zu Coppenhagen und Altona gezogen wer¬
482 1516 2221 1579 nießen, auf welche er durch seine großen Verdienste auch, wenn sie es für gut befinden, in Oldenburg
482 1559 2221 1615 und seine bey den merkwürdigsten Umständen, in wel= ziehen zu lassen. Zur Entscheidung der dabey vor¬
482 1600 2212 1652 chen sich dieses Reich befunden, bewiesene weißheits- kommenden streitigen Falle wird an jedem Orte,
482 1648 1269 1704 volle Aufführung den gegründesten Anspruch hat.
647 1693 1176 1775 Ferrara, vom 11. Januar.
482 1799 1512 1886 Rußischen Generals Gallitzin und Dolgorucky ange= vergutet.
487 1853 707 1929 kommen sind.
580 1905 1241 1987 Aus einem Schreiben von Portsmouth,
755 1955 1083 2011 vom 24. Januar.
528 1972 1341 2054 Die Königl. Fregatte, die Venus, hat Befehl er¬
487 2031 2219 2098 halten, augenblicklich auszulaufen; wohin, ist nicht re Streitigkeiten in der Güre abzuthun. Die Bedin¬
487 2065 2217 2128 bekannt. Der Capitain selbst wird solches aus ei= gungen, unter welchen solches geschehen ist, wird man
493 2117 2214 2175 nem andern Befehl ersehen, den er erst auf einer vielleicht schon den künftigen Posttag melden können.
489 2160 1008 2243 bestimmten Höhe erbrechen darf.
679 2206 1150 2277 Wien, vom 23. Januar.
525 2243 1341 2318 An alle Regimenter soll der Befehl ergangen seyn,
482 2307 1345 2370 daß alle abwesende Officiers längstens um die Mit¬
482 2353 1358 2433 te des Monats Februarii sich bey denselben einfin¬
487 2396 683 2454 den sollen.
657 2431 1176 2511 Petersburg, vom 2. Jan.
532 2491 1347 2584 Es hat das Ansehen, daß der künftige Feldzug sehr
489 2560 1354 2614 früh eröfnet werden möchte. Der Furst Dolgerucki,
489 2599 1347 2656 welcher, wie letzthin gemeldet worden, an die, Stelle
489 2638 2219 2699 des Grafen von Panin, zum obersten Befehlshaber scheidenden Antwort des Königs von Spanien ange¬
1230 491 2223 567 Außer nöthigen Verhaltungsbefehle hierzu erhalten. Der Ge¬
487 547 2221 623 dieser Begebenheit, welche England so viel Ehre brin= nerallieutenant Rennekampf hat die gesuchte Entlassung
487 597 2219 666 get, und für ganz Europa intereßant ist, da sie die Ru= mit einem Geschenk von 10000 Rubeln erhalten. In¬
487 640 2221 701 he und den Frieden in selbigem zu befestigen scheinet, gleichen ist dem Contreadmiral Anderson der Abschied
1365 679 2227 737 bewilligt, und seine Stelle dem Capitain Tsetzitsehagott
487 727 2221 785 Vorfall ereignet. Dieser betrift besonders die innere ertheilt worden, welcher sich vermög einer Verorbnung
482 763 2221 830 Ruhe Großbrittanniens. Ein Theil von der Oppo= Peters des Grossen selbst zum Contreadmiral ernannt
493 804 2210 871 sitionsparthey ist wieder ins Ministerium getreten, hat, weil er bey einer kürzlich auf Befehl Ihro Kai
489 846 2217 910 Mylord Suffolk, der es mit der Parthey von Rocking= serl. Majestät nach dem Nordpole vorgenommenen
1365 893 2219 941 Fahrt bis zum 76sten Grade gesegelt ist. Vor einigen
489 930 2217 999 von Hallifax, welcher zum Staatssecretair bey dem Tagen ist der General Filosoffow aus Coppenhagen all¬
1367 977 1646 1051 hier eingetroffen.
1570 1027 2024 1109 Altona, vom 29. Jan.
1395 1068 2217 1159 Das Privilegium zu Errichtung einer Zahlenlotterie
1358 1183 2217 1237 rigen Königl. Preußischen ersten Bancdirector, Herrn
493 1278 2219 1330 schen Colonien wieder ruhig geworden, so ist dieses che alle Königl. Danische Unterthanen seyn müssen, ge¬
489 1308 2221 1373 weitläuftige Reich dem Zeitpunkt nahe, in welchem es gen eine jährliche Recognition von 25000 Rthlr. auf
489 1395 2217 1449 Ruhe genießen wird, und der gute Monarch in selbi= tenden ersten Ziehung an gerechnet, ertheilt worden.
489 1470 2217 1531 erndten, und mit Vergnügen die Liebe seines Volks ge= den, und es steht in der Interessenten Willen, sie
1349 1637 2217 1698 wo dieselbe gezogen wird, ein besonderes Lotteriege¬
1352 1685 2217 1734 richt vom Könige ernannt werden. Für die Post¬
1358 1728 2219 1775 freyheit in don Königlichon Staaton werden der
525 1760 2225 1819 Aus Venedig hat man Nachricht, daß daselbst die Königl. Postcasse für das erste Jahr 1500 Thlr.
1579 1845 2011 1914 Madrid, vom 7. Jan.
1399 1897 2219 1953 Endlich ist die große Frage vom Krieg und Frieden
1365 1933 2217 2002 erörtert. Es bleibt Friede. Die Höfe von Spanien
1365 2000 2219 2044 und England sind mit einander überein gekommen, ih¬
1365 2158 2212 2206 Als eine glückliche Folge dieser angenehmen Nachricht,
1360 2199 2212 2251 sieht man bereits die Handlung wieder aufleben, wel¬
1367 2238 2221 2290 che die Furcht vor einem nahen Kriege erstickt hatte,
1360 2279 2191 2353 und häufige Commißions-in und außer Landes geben.
1468 2325 2111 2390 Frankfurt am Mayn, vom 24. Jan.
1403 2361 2217 2441 Gestern haben Ihro Königl. Hoheiten, die Prin¬
1365 2428 2219 2500 zen von Schweden, ihre Reise von hier nach Paris
1365 2467 1553 2537 fortgesetzet.
1427 2526 2150 2604 London, vom 15. 18. und 22. Januar.
1399 2573 2219 2647 Am 18ten dieses ist endlich der Courier mit der ent¬
493 2679 2221 2774 der zweyten Armee ernannt worden, hat bereits die langt, und seit dessen Ankunft sind verschiedne Confe=
2100 2720 2210 2787 renzen
