2679 3213
861 1360 1820 1451 5tes Stück. Freytag, den 18. Januar 1771.
818 1427 989 1522 Leipzig.
516 1507 1328 1569 Anekdoten zur Lebensgeschichte großer Regenten und
475 1546 1114 1621 berühmter Staatsmänner, achter Theil,
486 1701 1328 1751 mählde, und Anekdoten der Könige in Frankreich
477 1964 2200 2038 Gassen zu Paris lesen will, um in Gesellschaften, wo er aus der Oper in Paris gefänglich eingezogen, und
477 2003 2200 2088 es besser ist, zu reden, als stumm zu seyn, etwas spre= aus Frankreich geschaft werden mußte. Noch eins.
477 2070 1233 2122 chen zu können, der wird gnung lernen können.
477 2137 2208 2191 Anekdoten von Ludwig dem 15ten sind bloß ein Aus= schlägen der Höfe zu Wien und Petersburg, daß man
477 2217 2206 2290 taire. Wir nehmen uns doch die Mühe es hier noch zudringen, nicht anders, als gerecht finden kann.
481 2297 2208 2372 cherey und überhüpsende Erzählungsart des Voltaire lieset, worinn die Originalbriefe der sächsischen Mini¬
484 2381 2200 2450 spruch alle Menschen Lügner sind, so ists der V. noch viel ganz blind seyn, um dieß zu läugnen. Aber Voltaire,
486 2424 2200 2483 eigentlicher. Wer die neueste Staatsgeschichte von um dem Könige von Preußen, seinen ehemaligen so
481 2463 2208 2532 Frankreich besonders von den Jahren 1740-1748. großen Wohlthäter, einen Stich der Undankbarkeit,
479 2506 2206 2582 kennt, wird hier bey Voltairen überall historische Ge= auch bey dieser Gelegenheit beizubringen, hat dies al¬
477 2545 2208 2614 nauigkeit vermissen. Er schreibt oft mehr, wie er les nicht bedacht. Daher sagt er S. 20j. "Der
479 2588 2213 2655 denkt, als wie er ein Faktum, nach dem es geschehen König brach die Thüre des Archives in Dresden mit
479 2627 2206 2727 ist, beurtheilen und erzählen soll. Den Anfangern in Gewalt auf, ohne Chrerbietung gegen die Person der
1349 1412 2200 1494 der Geschichte, die etwa noch nicht die Quellen kennen,
1351 1479 2211 1537 aus welchen man die Voltairischen Schnitzer berichtigen
1349 1518 2213 1578 kann, empfehlen wir bloß Adelungs Staatsgeschichte
1354 1561 2206 1619 6ten Theil nachzuschlagen, um die Nachrichten und
522 1602 2206 1660 Dieser Theil ist ein bloßer Abdruck eines andern Urtheile über den Krieg bis zum Aachner Frieden mit
484 1643 2206 1708 Werks, nämlich des vierten Theils der historischen Ge= den Voltairischen zu vergleichen. Wir wollen ein paar
1356 1680 2208 1749 Proben angeben. Den Prinzen Carl Eduard, Sohn
484 1723 2208 1785 Mean hüte sich also einerley unter zween Titeln zu kau= des Prätendenten, der die berühmte Unruhen in
486 1762 2204 1831 fen. Es enthält dieser achte Theil der Anekdoten das Schottland erregte, schildert Herr von Voltaire als ei¬
477 1811 2208 1878 Merkwürdigste aus dem Leben Heinrichs des 4ten, nen großen Prinzen, und wer die wahre Geschichte
484 1841 2206 1908 und der Ludwige von Frankreich vom 13- 15ten. Com= weiß, und sich aufs Karakterisiren der Menschen ver¬
479 1882 2200 1958 pilationen findet man hier gnung, und wer bloße Ein- steht, muß ihm bloß Verwegenheit und blinde Hart¬
484 1932 2202 1999 fälle, kleine Historietten aus dem Louvre und von den näckigkeit zuschreiben, die er besonders da bewieß, als
1254 2051 2204 2109 Vie= Im letzten schlesischen Kriege hatte der Hof zu Dres¬
477 2090 2213 2154 les ist so bekannt, daß wir es übergehen können. Die den gewiß so viel bösen Antheil an den geheimen An¬
486 2176 2211 2247 zug aus dem Precis du Siecle de Louis XV. von Vol= den Einfall des Königs von Preußen, in Sachsen ein¬
484 2256 2206 2316 einmal durchzulesen, bloß um die historische Windma= Man mußte, wenn man nur das Memoire raisonné
486 2338 2206 2407 aufs neue zu empfinden. So wie nach Davids Aus= ster an die Minister zu Wien und Petersburg stehen,
2049 2666 2206 2735 Königin,
