2679 3213
672 626 1237 708 Donaustrom, vom 20. Febr.
559 695 1386 756 Die Kaiserl. Königl. Truppen sollen, wie verlautet,
529 793 789 856 stärket werden.
713 823 1209 879 Marseille, vom 12. Febr.
516 895 2257 968 lier Montague, ein Sohn der berühmten Lady Mon= lassen, statt diesem aber wieder ein neues Magazin
522 936 2255 1003 tague, von der Insel Mitiline, wohin er sich mit sei= aufgerichtet werden soll. Auch in Ungarn wird mit
529 979 2251 1046 ner Gemahlin begeben, und wo er bey der Massacre Anlegung der Magazine in jedem Comitat fortgefahren,
524 1018 2251 1085 der Türken gegen die Griechen durch eine Summe und zugleich alle Vorsicht angewendet, um zu verhin¬
529 1120 1389 1170 Syrien gewendet, um in den Gebürgen von Castrevan,
529 1155 1382 1222 die einen Theil des Libanons ausmachen, seine Woh¬
522 1204 847 1280 nung aufzuschlagen.
734 1239 1176 1300 Madrid, vom 2. Febr.
524 1306 2251 1373 d'Aguire, von Barcelona zu Cadix angelanget ist, muß niaken und Arnauten, welches er an sich gezogen, be¬
529 1347 2251 1417 daselbst in Bereitschaft bleiben, auf den ersten vom gleitet ihn. Ein Korps Russen, welches bey Widdin
524 1406 1378 1467 Hofe einkommenden Befehl, nach Amerika abzugehen
529 1434 2249 1510 wohin sie zu überbringen hat 10 Kononen, 50000 Ka= die Transporte von Getraide, welche die Türken aus
529 1490 1382 1545 nonenkugeln, 35000 Bomben, 10000 Flinten und
529 1532 1308 1586 Pistolen und 15000 neue Mondirungskleider.
524 1575 1391 1638 heißt itzo, der Furst von Masserano werde von London
524 1612 1382 1670 nicht hieher kommen, sondern an den Französischen
524 1640 2249 1718 Hof gehen, den Grafen von Fuentes in der Qualität Königes von Schweden, hat man hier folgende Nach
529 1711 1280 1778 eines Königl. Ambassadeurs daselbst zu ersetzen.
747 1739 1161 1794 Paris, vom 19. Febr.
524 1811 1382 1891 sadeur des Königs, Baron von Breteuil, hat Befehl
522 1843 2255 1921 erhalten, seine Abreise nach Wien zu beschleunigen, klemmung der Brust. Als die Königin hierauf hinein
529 1898 2251 1967 woher man Nachrichten von großen Kriegesrüstungen trat, sagte Er, daß das Ende seines Lebens herannahe,
529 1947 750 2019 erhalten hat.
602 1971 1319 2038 Aus dem Oesterreichischen, vom 20. Febr.
535 2058 2246 2127 Einrichtungen bey dem Kaiserl. Königl. Kriegswesen Königin wurden von Schrecken ganz betäubt, und er
529 2101 2262 2179 zu machen. In Ansehung der erforderlichen Fourage holten sich erst nach einer Aderlasse. Der Prinz Carl
531 2151 1380 2216 für die sämmtliche Cavallerie, um dem etwa sich ereig
535 2188 2090 2253 nenden Mangel hierinn vorzübeugen, ist erst neulich des ganzen Hofes läßt sich nicht beschreiben.
529 2231 1389 2296 der Bedacht genommen worden, daß alle Vorräthe,
537 2281 1393 2337 welche sowohl an Haber als Heu sich hier und da be¬
535 2307 2249 2385 finden, zusammengekauft, und in das hierzu bestimmte andern über Frankreich, nach Madrid gesandt, um dem
535 2363 1347 2428 Kaiserl. Königl. Magazin abgeliefert werden sollen.
663 2413 1274 2457 Böhmische Granze, vom 23. Febr.
529 2478 2255 2545 gel an Getreide sich immer mehr verbreitet, so, daß Wetter dürfte aber die Ueberkunft der Ratification Sr.
535 2519 2257 2593 in Böhmen, besonders an der Sachsischen Gränze, Catolischen Majestät noch einige Zeit verzögern. Die
531 2561 2253 2628 die Einwohner in Ermanglung genugsamen Brodts Werbung der Mannschaft zum Kriegsdienst, sowol zu
531 2604 2251 2675 sich mit Erdäpfeln ernähren müssen, so sind. Se. Ma= Lande als zur See, soll so lange fortgesetzet werden,
535 2647 2249 2721 jestät der Kaiser bewogen worden, diesen Mangel durch bis die Zahl der 40000 Matrosen und der 23000
531 2684 2255 2758 eine ergiebige Zufuhr aus Ungarn zu ersetzen. Es ist Mann Landtruppen, welche das Parlement zugestan=
537 2725 2257 2805 schon diese und vorige Woche eine große Menge Ge= den hat, complet ist. Auch werden die Flotten, wel¬
539 2773 2257 2844 treide unter der Aufsicht des Hrn. Grafen von Kollow= che nach Ost und Westindien bestimmt sind, noch fer¬
533 2810 2255 2903 rath aus Ungarn dahin abgeführet worden. Aus ner ausgerüstet. Jede wird aus 6 Schiffen von der
1404 613 2192 698 Luxenburg lauten die Nachrichten eben so betrübt.
1406 682 2255 741 haben auch hier Se. Majestät der Kaiser die gnädigste
529 726 2251 793 noch durch 8000 Mann neuanzuwerbender Leute ver= Verfügung dahin zu treffen geruhet, daß der daselbst
1399 769 2255 830 beständige auf etliche Jahre für die dasige Garnison
1395 810 2255 871 bereit liegende Vorrath an Korn und Mehl an die dor¬
570 847 2257 925 Briefen aus Smirna zufolge, hat sich der Cheva= tigen Unterthanen, gegen einen billigen Preis über¬
529 1059 2255 1131 von 2000 Piasters sein Leben rettete, nunmehro nach dern, daß dieses Königreich durch die bisher geschehene
1406 1100 2186 1165 häufige Abfuhre nicht etwa erschöpst werden möge.
1540 1150 2106 1228 Von der Türktschen Gränze,
1672 1194 1980 1246 vom 24. Januar.
1436 1200 2259 1282 Der neue Großvezier ist jetzt nach der Türkischen
570 1265 2249 1330 Die Convoy, welche unter Commando des Hrn. Armee unterweges, und ein ansehnliches Korps Bos¬
1399 1391 2253 1467 über die Donau gegangen, hat sich so postirt, daß es
1399 1473 2264 1560 Servien und Belgrad zu empfangen pflegten, auffan¬
1397 1529 1564 1597 gen kann.
1566 1545 2090 1620 Hamburg, vom 28. Februar.
1432 1573 2255 1655 Von dem plötzlichen Todesfalle Sr. Majestät, des
1391 1681 2246 1744 richten: Es war an selbigem Täge Courtag, und Se.
1399 1724 2242 1774 Majestät waren recht vergnügt und wohlauf gewesen
568 1763 2251 1835 Der an den Römischkaiserl. Hof bestimmte Ambas= Um 8 Uhr begab der König sich in ein Nebenzimmer,
1406 1804 2251 1880 setzte sich in einen Lehnenstuhl, und klagte über Be¬
1397 1937 2253 1993 und verlange seine Kön. Kinder zu sehen. Der Herr Ar=
1395 1978 2251 2032 chiater Rosen veranstaltete die schleunigste Hülfe; al¬
574 2019 2255 2088 Man fährt hier noch unausgesetzt fort, die nöthigen lein der Tod machte sie vergeblich. Ihre Majestät die
1406 2140 2251 2227 siel in Ohnmacht, und die Bestürzung und Betrübniß
1566 2231 2090 2277 London, vom 15. Februar.
1438 2259 2251 2318 Unser Hof hat 2 Expresse, einen zur See, und den
1406 2353 2255 2405 dortigen Hose die Nachricht zu bringen, daß die wegen
1406 2405 2255 2454 Falkland gezeichnete Declaration von Sr. Großbritan¬
570 2439 2251 2502 Nachdem auch in Böhmen und Mahren der Man= nischen Majestät angenommen sey. Das schlechte
2166 2851 2251 2918 Linit
