2479 3508
187 333 314 393 Flecken
342 328 447 388 habe;
470 324 541 384 oder
564 321 747 381 vielmehr,
781 318 835 378 daß
869 320 902 380 er
930 321 1057 381 überall
1086 321 1168 381 einen

193 380 298 440 gelben
330 374 419 434 Saft
441 366 673 426 ausschwitze,
710 366 957 426 ausgenommen
1000 369 1084 429 einen
1127 368 1179 428 ge¬

194 424 293 484 wissen
321 420 487 480 schwarzen
515 413 653 473 Flecken,
670 412 791 472 welcher
820 414 880 474 eine
903 416 1052 476 schwarze
1069 416 1179 476 Feuch¬

191 473 306 533 tigkeit
330 463 520 523 ausliefert:
544 458 572 518 so
601 460 670 520 muß
706 461 908 521 nothwendig
943 464 1069 524 folgen,
1099 464 1173 524 daß,

195 519 229 579 da
252 518 308 578 das
331 514 433 574 Thier
450 509 472 569 in
507 506 586 566 einer
609 509 886 569 Schraubenlinie
909 512 1044 572 wächst,
1068 512 1174 572 gleich¬

193 566 252 626 wie
275 564 340 624 auch
367 558 415 618 die
438 554 557 614 Schale
579 556 872 616 Schraubenweise
901 560 1052 620 formiret
1080 560 1177 620 wird,

195 607 406 667 mittlerweile
438 601 484 661 die
516 601 603 661 gelbe
634 601 779 661 Materie
816 604 898 664 einen
934 604 1038 664 gelben
1074 604 1172 664 Kreis

189 657 225 717 um
266 654 312 714 die
334 649 494 709 Schnecke
510 649 633 709 macht,
665 652 717 712 der
738 652 887 712 schwarze
908 652 996 712 Saft
1017 652 1167 712 ebenfalls

193 703 217 763 in
253 699 338 759 einer
363 697 645 757 Schraubenlinie
671 697 766 757 müsse
792 700 988 760 fortgezogen
1029 700 1174 760 werden,

188 750 217 810 so
253 745 313 805 wie
344 742 404 802 wir
434 745 514 805 einen
550 745 671 805 Streif
697 745 747 805 von
783 748 878 808 dieser
904 748 1009 808 Farbe
1035 748 1064 808 in
1100 748 1150 808 dem

189 794 302 854 Kreise
334 792 442 852 sehen.
515 790 649 850 Sollten
696 792 882 852 derohalben
919 792 1011 852 mehr
1044 792 1089 852 als
1121 792 1167 852 ein

190 843 303 903 Punkt
325 840 379 900 von
406 838 498 898 dieser
521 840 580 900 Art
602 840 634 900 an
662 840 710 900 der
732 840 894 900 Schnecke
917 840 1008 900 seyn,
1030 843 1057 903 so
1079 840 1170 900 müß¬

447 1008 668 1068 Stendal,
691 1010 744 1070 den
779 1012 819 1072 6.
843 1010 924 1070 Jul.

242 1055 343 1115 Heute
368 1060 572 1120 Vormittags
597 1058 687 1118 gegen
718 1058 753 1118 11
778 1058 843 1118 Uhr
869 1058 946 1118 starb
983 1055 1091 1115 allhier
1122 1055 1175 1115 der

188 1106 329 1166 Königl.
347 1106 478 1166 Preuß.
501 1106 751 1166 Generalmajor
786 1106 842 1166 wie
872 1106 940 1166 auch
974 1106 1060 1166 Chef
1089 1105 1173 1165 eines

186 1154 580 1214 Infanterieregiments,
596 1151 679 1211 Herr
706 1154 835 1214 Daniel
851 1154 981 1214 George
1007 1151 1059 1211 von
1091 1154 1183 1214 Lind¬

194 1201 286 1261 städt,
302 1201 327 1261 im
364 1198 466 1258 59sten
498 1196 584 1256 Jahr
606 1196 703 1256 seines
729 1198 832 1258 Alters
858 1198 893 1258 an
920 1198 1002 1258 einem
1038 1198 1177 1258 Schlag¬

188 1249 277 1309 fluß,
304 1243 431 1303 nachdem
474 1243 500 1303 er
522 1240 558 1300 39
591 1243 680 1303 Jahr
713 1243 760 1303 dem
803 1243 941 1303 Königl.
957 1243 1168 1303 Preußischen

184 1291 291 1351 Hause
314 1290 400 1350 treue
422 1285 557 1345 Dienste
579 1286 714 1346 geleistet
731 1288 834 1348 hatte.

458 1330 620 1390 Paris,
659 1333 713 1393 den
751 1330 783 1390 2.
811 1333 908 1393 Jun.

230 1375 282 1435 Es
309 1375 346 1435 ist
368 1376 425 1436 nun
463 1375 557 1435 gewiß
584 1375 636 1435 daß
674 1374 720 1434 der
747 1374 815 1434 Hof
842 1375 900 1435 auf
927 1372 1079 1432 Anhalten
1117 1372 1164 1432 der

185 1425 350 1485 Republik
371 1422 486 1482 Genua
506 1422 561 1482 mit
587 1420 632 1480 dem
673 1419 768 1479 ehsten
794 1419 949 1479 wiedernm
990 1416 1029 1476 ein
1055 1417 1155 1477 Corps

186 1474 241 1534 von
266 1470 357 1530 6000
393 1470 504 1530 Mann
535 1470 606 1530 nach
637 1467 763 1527 Corsica
789 1467 910 1527 schicken
946 1464 1047 1524 wird.
1093 1464 1163 1524 Aus

193 1521 309 1581 Genua
336 1521 388 1581 hat
409 1519 473 1579 man
505 1518 679 1578 Nachricht
701 1518 753 1578 daß
785 1517 832 1577 der
864 1512 1012 1572 General
1033 1512 1059 1572 en
1086 1512 1164 1572 Chef

182 1573 231 1633 der
259 1572 453 1632 rebellischen
487 1569 625 1629 Corsen,
648 1568 769 1628 Paoli,
803 1566 1046 1626 unternommen
1080 1563 1163 1623 habe

183 1622 208 1682 in
235 1622 359 1682 Corsica
385 1622 426 1682 ein
463 1619 737 1679 Gouvernement
764 1616 851 1676 gleich
883 1613 934 1673 dem
982 1613 1007 1673 in
1044 1611 1163 1671 Genua

183 1673 416 1733 aufzurichten.
465 1667 512 1727 Er
534 1670 639 1730 nennt
661 1667 708 1727 sich
735 1667 830 1727 Doge
852 1664 947 1724 dieser
980 1664 1074 1724 neuen
1107 1663 1170 1723 Re¬

186 1724 312 1784 publik,
331 1723 391 1783 und
422 1721 476 1781 hat
495 1721 524 1781 zu
555 1721 730 1781 Beysitzern
762 1721 791 1781 in
822 1721 876 1781 der
907 1718 1094 1778 Regierung
1125 1717 1161 1777 12

188 1772 374 1832 Senatoren
407 1769 561 1829 ernannt.

426 1814 624 1874 London,
665 1811 721 1871 den
762 1811 824 1871 29.
853 1811 949 1871 Jun.

242 1858 280 1918 Zu
314 1858 502 1918 Southall,
529 1856 625 1916 Eglik
652 1851 717 1911 und
751 1850 841 1910 Acton
881 1849 939 1909 sind
979 1847 1069 1907 durch
1103 1849 1154 1909 den

175 1912 290 1972 Hagel
320 1909 383 1969 alle
413 1904 540 1964 Fenster
587 1900 621 1960 an
663 1896 715 1956 der
750 1894 918 1954 westlichen
965 1891 1063 1951 Seite
1110 1890 1162 1950 der

180 1956 305 2016 Häuser
351 1951 603 2011 zerschmettert,
644 1942 689 2002 die
725 1939 922 1999 sämmtliche
948 1936 1169 1996 Baumfrüch¬

182 2005 209 2065 te
244 2001 492 2061 abgeschlagen,
545 1991 600 2051 und
652 1989 719 2049 fast
765 1985 821 2045 alle
862 1984 1088 2044 Erdgewächse
1128 1981 1155 2041 in

181 2050 229 2110 den
268 2043 398 2103 Garten
431 2037 598 2097 verderbet
626 2034 772 2094 worden.
848 2031 934 2091 Auch
973 2028 1021 2088 die
1054 2028 1167 2088 Korn¬

182 2094 278 2154 felder
301 2091 392 2151 haben
427 2088 488 2148 sehr
513 2088 586 2148 stark
609 2087 762 2147 gelitten,
786 2081 848 2141 und
872 2079 916 2139 die
940 2079 1082 2139 Bohnen
1105 2075 1172 2135 wa¬

184 2140 227 2200 ren
255 2139 299 2199 als
327 2139 415 2199 wenn
448 2136 481 2196 sie
503 2138 563 2198 mit
586 2136 668 2196 einer
691 2133 801 2193 Sense
829 2130 933 2190 wären
972 2127 1159 2187 abgemähet

179 2190 329 2250 worden.
377 2190 428 2250 In
458 2189 631 2249 Amerika,
667 2183 712 2243 wo
742 2180 794 2240 sich
824 2181 1009 2241 dergleichen
1039 2175 1171 2235 Gewit¬

180 2241 228 2301 ter
251 2240 369 2300 öfterer
397 2237 576 2297 zutragen,
609 2233 663 2293 und
696 2231 771 2291 weit
799 2229 1021 2289 schrecklicher,
1054 2225 1102 2285 als
1130 2221 1156 2281 in

178 2288 289 2348 irgend
326 2288 410 2348 einem
453 2284 569 2344 Theile
596 2279 648 2339 von
686 2276 812 2336 Europa
850 2278 944 2338 sind,
987 2271 1061 2331 hört
1088 2270 1156 2330 man

179 2339 275 2399 nichts
303 2337 378 2397 desto
406 2335 525 2395 minder
547 2330 660 2390 selten,
688 2324 742 2384 daß
769 2326 856 2386 durch
884 2325 975 2385 dieses
997 2318 1170 2378 elementa¬

178 2386 268 2446 rische
295 2387 428 2447 Feuer,
466 2378 678 2438 vornehmlich
711 2372 737 2432 in
769 2372 886 2432 großen
919 2368 1063 2428 Städten
1100 2363 1158 2423 und

183 2434 293 2494 großen
331 2429 478 2489 Flecken,
510 2428 552 2488 ein
584 2420 815 2480 beträchtlicher
848 2422 974 2482 Schade
1001 2413 1158 2473 entstehe;

181 2478 218 2538 da
241 2475 305 2535 doch
344 2475 370 2535 in
404 2476 550 2536 England
583 2467 750 2527 besonders
783 2467 848 2527 hier
876 2467 902 2527 in
935 2463 1060 2523 London
1093 2461 1157 2521 sehr

183 2526 299 2586 wenige
332 2521 496 2581 Gewitter
523 2518 602 2578 ohne
629 2512 840 2572 fürchterliche
867 2512 1058 2572 Wirkungen
1096 2508 1164 2568 vor¬

181 2575 253 2635 über
275 2570 391 2630 gehen.
447 2570 497 2630 In
525 2563 774 2623 Philadelphia,
797 2563 940 2623 Boston,
969 2554 1156 2614 Neu=Yorck

180 2624 233 2684 und
261 2617 516 2677 Charles=Town
543 2612 581 2672 ist
598 2611 640 2671 ein
674 2608 754 2668 jedes
777 2612 874 2672 Haus
907 2608 971 2668 eine
999 2605 1064 2665 jede
1086 2604 1161 2664 Kir¬

181 2671 222 2731 che
248 2669 304 2729 und
331 2667 372 2727 ein
399 2664 481 2724 jedes
513 2658 705 2718 öffentliches
732 2658 892 2718 Gebäude
919 2658 980 2718 mit
1007 2652 1089 2712 einer
1121 2650 1167 2710 ei¬

182 2721 282 2781 sernen
318 2715 482 2775 Stange,
524 2708 571 2768 die
601 2708 677 2768 über
707 2706 742 2766 15
778 2708 836 2768 Fuß
872 2709 948 2769 über
978 2707 1031 2767 das
1061 2703 1148 2763 Dach

178 2773 428 2833 hinaufgeleitet
449 2764 510 2824 ist,
531 2760 700 2820 versehen.
741 2757 883 2817 Sobald
911 2760 965 2820 sich
1000 2758 1039 2818 ein
1067 2754 1161 2814 Don=

1211 318 1257 378 ten
1293 321 1360 381 auch
1402 320 1490 380 mehr
1527 318 1619 378 solche
1656 322 1806 382 Streifen
1853 321 1925 381 oder
1956 322 2059 382 Linien
2096 321 2121 381 in
2153 321 2204 381 der

1216 369 1339 429 Schale
1360 369 1541 429 entstehen;
1567 366 1628 426 und
1655 367 1752 427 wären
1789 369 1870 429 diese
1892 371 2020 431 Punkte
2047 369 2103 429 von
2140 368 2206 428 ver¬

1215 413 1384 473 schiedener
1406 414 1527 474 Farbe,
1554 411 1580 471 so
1602 413 1723 473 müßten
1766 418 1834 478 auch
1867 419 1914 479 die
1947 418 1999 478 von
2037 416 2126 476 ihnen
2164 413 2211 473 er¬

1212 463 1339 523 zeugete
1362 461 1506 521 Streifen
1540 458 1590 518 von
1624 461 1852 521 verschiedener
1869 464 1969 524 Farbe
1998 464 2086 524 seyn.
2115 461 2197 521 Man

1215 510 1284 570 darf
1307 509 1355 569 sich
1382 509 1463 569 nicht
1485 506 1668 566 einbilden,
1701 506 1760 566 daß
1793 509 1841 569 die
1863 512 2030 572 schwarzen
2069 511 2198 571 Punkte

1211 556 1285 616 oder
1306 558 1454 618 Flecken,
1476 557 1534 617 nur
1561 555 1624 615 eine
1652 555 1900 615 Muthmaßung
1933 560 2028 620 seyn:
2060 557 2102 617 sie
2134 559 2197 619 sind

1209 604 1344 664 wirklich
1371 601 1490 661 allezeit
1513 603 1550 663 an
1583 601 1636 661 dem
1675 601 1794 661 Thiere
1822 603 1848 663 zu
1876 604 1995 664 sehen,
2022 604 2081 664 und
2103 604 2189 664 wenn

1210 652 1279 712 man
1315 651 1381 711 eine
1407 651 1477 711 noch
1502 649 1679 709 wachsende
1699 646 1860 706 Schnecke
1887 649 1982 709 genau
2018 652 2204 712 betrachtet,

1209 702 1235 762 so
1262 700 1361 760 findet
1378 697 1473 757 man,
1500 699 1552 759 daß
1579 698 1616 758 sie
1648 697 1770 757 allezeit
1792 697 1907 757 gerade
1934 697 1992 757 auf
2014 697 2188 757 diejenigen

1206 748 1371 808 schwarzen
1402 742 1507 802 Linien
1544 745 1615 805 oder
1645 745 1792 805 Streifen
1823 745 1953 805 passen,
1989 743 2101 803 welche
2137 745 2195 805 mit

1214 792 1261 852 der
1283 792 1404 852 Schale
1426 789 1500 849 rund
1527 789 1622 849 herum
1665 792 1786 852 laufen.

1427 840 1512 900 (Der
1538 840 1688 900 Beschluß
1716 843 1794 903 folgt
1814 840 1970 900 künftig.)

1215 1004 1380 1064 nerwetter
1409 1007 1530 1067 nahet,
1559 1009 1585 1069 so
1614 1007 1719 1067 ziehet
1747 1007 1825 1067 diese
1853 1007 1990 1067 Stange
2019 1004 2074 1064 den
2108 1001 2185 1061 Blit

1211 1055 1293 1115 durch
1320 1055 1387 1115 eine
1408 1058 1579 1118 natürliche
1606 1058 1803 1118 Electricität
1835 1057 1865 1117 an
1897 1055 1974 1115 sich,
2006 1054 2063 1114 und
2095 1052 2193 1112 bricht

1215 1100 1305 1160 dessen
1334 1103 1486 1163 Stärke,
1509 1108 1555 1168 die
1578 1105 1656 1165 sonst
1680 1106 1747 1166 sehr
1776 1105 1945 1165 gefährlich
1974 1101 2041 1161 seyn
2076 1100 2200 1160 würde.

1209 1151 1307 1211 Ueber
1332 1151 1381 1211 den
1411 1154 1435 1214 zu
1460 1154 1593 1214 Lissabon
1618 1151 1790 1211 gewesenen
1815 1148 1947 1208 Brand,
1968 1148 2090 1208 welchen
2120 1148 2189 1208 man

1210 1198 1259 1258 der
1284 1198 1386 1258 Rache
1417 1198 1554 1258 gewisser
1589 1196 1741 1256 frommer
1771 1194 1874 1254 Väter
1904 1193 2110 1253 zuschreibet,
2135 1190 2198 1250 wo¬

1209 1243 1294 1303 durch
1333 1243 1390 1303 das
1414 1243 1567 1303 Zollhaus
1601 1241 1682 1301 nebst
1711 1237 1955 1297 unermeßlichen
1989 1235 2184 1295 Magazinen

1208 1288 1418 1348 eingeäschert
1447 1285 1601 1345 worden,
1635 1285 1700 1345 sind
1734 1283 1822 1343 unsre
1855 1281 2028 1341 Kaufleute
2062 1279 2127 1339 sehr
2156 1279 2202 1339 be¬

1204 1330 1344 1390 troffen,
1365 1332 1440 1392 weil
1466 1330 1501 1390 sie
1527 1330 1657 1390 daselbst
1688 1327 1809 1387 allezeit
1835 1325 1900 1385 sehr
1931 1324 1991 1384 viel
2012 1324 2117 1384 Güter
2143 1326 2198 1386 ha¬

1204 1373 1275 1433 ben,
1302 1374 1348 1434 so,
1374 1374 1425 1434 daß
1451 1373 1497 1433 ihr
1523 1375 1657 1435 Verlust
1678 1375 1724 1435 bey
1755 1372 1847 1432 dieser
1869 1372 2084 1432 Gelegenheit
2101 1372 2193 1432 über¬

1204 1417 1263 1477 aus
1294 1419 1465 1479 ansehnlich
1501 1419 1566 1479 seyn
1597 1422 1692 1482 muß.
1763 1419 1833 1479 Sie
1864 1419 1960 1479 haben
2000 1419 2191 1479 verschiedne

1202 1467 1492 1527 Versammlungen
1524 1470 1694 1530 gehalten,
1721 1469 1751 1529 um
1794 1467 1840 1527 sich
1866 1467 1965 1527 wegen
2001 1467 2052 1527 der
2074 1467 2188 1527 Folgen

1204 1515 1294 1575 dieses
1321 1517 1448 1577 Zufalls
1469 1515 1500 1575 zu
1528 1518 1803 1578 berathschlagen,
1830 1515 1888 1575 und
1915 1515 2031 1575 Mittel
2054 1515 2079 1575 zu
2106 1512 2190 1572 ihrer

1202 1566 1403 1626 allerseitigen
1436 1566 1706 1626 Unterstützung,
1738 1566 1844 1626 damit
1877 1563 1961 1623 keine
1988 1563 2189 1623 Bankerotte

1199 1616 1375 1676 entstehen,
1406 1616 1634 1676 auszufinden.
1685 1617 1771 1677 Man
1802 1612 1877 1672 wird
1903 1613 1989 1673 ihnen
2030 1612 2095 1672 auch
2131 1610 2186 1670 von

1205 1666 1318 1726 Seiten
1351 1667 1475 1727 unserer
1497 1667 1686 1727 Regierung
1709 1667 1741 1727 zu
1768 1664 1870 1724 Hülfe
1887 1661 2049 1721 kommen.
2115 1658 2190 1718 Die

1205 1717 1411 1777 verbrandten
1447 1718 1761 1778 Kaufmannsgüter
1797 1715 1918 1775 werden
1964 1714 2019 1774 auf
2045 1709 2186 1769 600000

1203 1766 1318 1826 Pfund
1342 1769 1492 1829 Sterling
1516 1772 1678 1832 geschätzt.
1730 1769 1828 1829 Unsre
1847 1766 1945 1826 Actien
1974 1766 2072 1826 haben
2102 1765 2194 1825 heute

1202 1817 1256 1877 gar
1284 1817 1382 1877 keinen
1422 1817 1547 1877 Preis.

1480 1882 1607 1942 Pisa,
1632 1882 1687 1942 vom
1735 1885 1798 1945 14.
1815 1885 1910 1945 Jun.

1246 1937 1319 1997 Der
1341 1942 1436 2002 Graf
1453 1945 1616 2005 Algarotti
1638 1948 1691 2008 hat
1713 1948 1738 2008 in
1771 1951 1866 2011 seinem
1904 1949 2084 2009 Testament
2100 1948 2184 2008 Ihro

1205 1989 1300 2049 Maj.
1324 1989 1371 2049 dem
1416 1989 1539 2049 Könige
1569 1989 1626 2049 von
1660 1992 1813 2052 Preussen
1852 1992 1894 2052 ein
1933 1993 2086 2053 kostbares
2120 1990 2191 2050 Ge¬

1196 2034 1329 2094 mälde,
1365 2031 1418 2091 dem
1473 2031 1656 2091 berühmten
1702 2034 1790 2094 Hrn.
1820 2034 1959 2094 William
2009 2034 2092 2094 Pitt
2118 2036 2186 2096 eine

1205 2081 1401 2141 Sammlung
1432 2079 1644 2139 auserlesener
1670 2079 1979 2139 Originaldesseins,
2004 2082 2090 2142 einen
2121 2082 2191 2142 gra¬

1197 2127 1297 2187 virten
1328 2127 1423 2187 Stein
1454 2124 1509 2184 und
1540 2127 1549 2187 2
1580 2130 1767 2190 Gemälde,
1792 2130 1842 2190 der
1863 2130 2120 2190 Buchdruckerey
2150 2130 2175 2190 zu

1202 2175 1332 2235 Livorno
1354 2172 1479 2232 gewisse
1501 2178 1698 2238 ansehnliche
1725 2181 1860 2241 Zinsen,
1894 2180 1932 2240 um
1976 2179 2106 2239 dieselbe
2134 2180 2187 2240 da¬

1198 2226 1281 2286 durch
1309 2223 1331 2283 in
1359 2222 1408 2282 den
1442 2224 1552 2284 Stand
1575 2229 1608 2289 zu
1636 2231 1753 2291 setzen,
1775 2230 1825 2290 die
1853 2229 1930 2289 neue
1958 2231 2096 2291 Auflage
2130 2227 2185 2287 sei¬

1203 2273 1252 2333 ner
1274 2269 1424 2329 gelehrten
1452 2269 1567 2329 Werke
1584 2278 1812 2338 fortzusetzen,
1840 2277 1889 2337 dem
1928 2279 2067 2339 Königl.
2089 2276 2188 2336 Fran¬

1197 2319 1329 2379 zösischen
1367 2321 1669 2381 Generalieutnant
1696 2330 1860 2390 Marquis
1893 2327 1951 2387 von
1983 2330 2105 2390 Monti
2132 2327 2174 2387 ein

1196 2369 1305 2429 Legat,
1349 2366 1410 2426 und
1448 2369 1497 2429 dem
1548 2375 1739 2435 berühmten
1778 2376 1920 2436 Mahler
1953 2377 1985 2437 zu
2024 2374 2183 2434 Bologna

1202 2416 1328 2476 Mauro
1359 2411 1450 2471 Tessi
1468 2417 1555 2477 8000
1596 2426 1740 2486 römische
1770 2426 1926 2486 Thaler,
1956 2423 2013 2483 von
2048 2422 2175 2482 welchen

1199 2461 1333 2521 derselbe
1357 2458 1447 2518 2000
1478 2467 1651 2527 anwenden
1691 2475 1765 2535 soll,
1796 2473 1848 2533 ihm
1894 2467 2007 2527 allhier
2031 2467 2060 2527 zu
2091 2464 2173 2524 Pisa

1200 2508 1238 2568 ein
1278 2509 1467 2569 Grabmahl
1501 2521 1743 2581 aufzurichten,
1770 2516 1947 2576 vermacht.
1993 2510 2065 2570 Den
2105 2514 2183 2574 Ent=

1195 2557 1279 2617 wurf
1303 2557 1330 2617 zu
1359 2557 1411 2617 dem
1451 2565 1638 2625 Grabmahl
1662 2572 1718 2632 hat
1747 2566 1798 2626 der
1821 2562 1883 2622 Hr.
1901 2560 1991 2620 Graf
2015 2560 2100 2620 selbst
2129 2561 2185 2621 an¬

1196 2606 1358 2666 gegeben,
1380 2605 1439 2665 und
1472 2609 1520 2669 die
1548 2617 1752 2677 Grabschrift
1780 2612 1834 2672 soll
1867 2609 1936 2669 nach
1969 2611 2066 2671 seiner
2094 2610 2180 2670 Vor¬

1200 2652 1304 2712 schrift
1321 2652 1398 2712 diese
1421 2657 1515 2717 seyn:
1538 2661 1603 2721 Hic
1626 2664 1698 2724 jacer
1721 2656 1891 2716 Agarottus
1914 2652 1953 2712 sed
1981 2655 2036 2715 non
2059 2655 2185 2715 omnis.

1195 2702 1277 2762 Hier
1301 2702 1377 2762 liegt
1396 2707 1579 2767 Algarotti,
1609 2715 1679 2775 aber
1698 2712 1768 2772 doch
1792 2706 1875 2766 nicht
1899 2708 1993 2768 ganz.
2052 2703 2122 2763 Sie
2141 2703 2175 2763 ist

1195 2752 1255 2812 aus
1278 2754 1328 2814 dem
1367 2756 1472 2816 Horaz
1495 2766 1655 2826 entlehnt.

2082 2796 2157 2856 Min
