2479 3508
479 372 670 432 Berlin,
695 372 748 432 vom
797 373 838 433 9.
862 372 957 432 Jun.

267 427 427 487 Nachdem
466 423 509 483 sich
543 422 593 482 der
621 419 709 479 Herr
732 419 914 479 Präsident
943 422 1141 482 Domhardt
1164 418 1219 478 bey

213 479 308 539 Ihro
339 478 435 538 Maj.
453 472 502 532 dem
545 467 670 527 Könige
689 467 712 527 in
743 470 894 530 Potsdam
937 473 1130 533 beurlaubet
1154 470 1214 530 hau
1257 470 1486 530 Manufactur
1510 470 1546 530 ist
1577 470 1654 530 schon
1692 470 1721 530 in
1746 473 1769 533 so
1794 476 1884 536 gutem
1927 479 2083 539 Stande,
2108 476 2162 536 daß
2186 477 2246 537 alle

215 525 299 585 ten,
333 522 361 582 so
396 521 525 581 reiseten
566 512 633 572 Ste
667 516 758 576 heute
792 521 910 581 wieder
945 519 1001 579 von
1041 521 1108 581 hier
1143 521 1216 581 nach

228 572 386 632 Preussen
421 569 551 629 zurück.

446 613 704 673 Hamburg,
734 616 785 676 den
821 616 860 676 5.
884 619 981 679 Jun.

268 667 395 727 Allhier
426 663 486 723 sind
517 661 571 721 für
597 662 651 722 den
694 667 900 727 verstorbnen
937 664 1211 724 Chursächsischen

219 715 382 775 Minister
404 711 525 771 Grafen
557 709 609 769 von
642 713 773 773 Brühl,
784 714 852 774 bald
874 715 947 775 nach
974 715 1021 775 dem
1064 714 1222 774 geschloß¬

212 765 269 825 nen
300 760 430 820 Frieden
457 760 513 820 aus
541 760 753 820 Frankreich,
764 763 790 823 so
822 764 884 824 viel
905 763 1123 823 Tapecereyen
1155 762 1217 822 und

212 809 313 869 andre
340 810 494 870 Meubles
521 812 724 872 angelangt,
751 811 809 871 daß
842 813 895 873 die
917 810 1028 870 Fracht
1056 812 1114 872 von
1151 811 1220 871 hier

214 858 262 918 bis
300 858 454 918 Dresden
486 858 518 918 zu
556 860 683 920 Wasser
711 861 785 921 über
818 861 902 921 2000
940 861 1046 921 Thlr.
1068 861 1217 921 gekostet,

214 909 345 969 woraus
374 909 419 969 sich
448 909 631 969 ohngefähr
655 911 711 971 auf
729 909 780 969 die
798 912 917 972 Menge
947 912 1003 972 und
1033 912 1078 972 den
1102 910 1198 970 Wert

214 959 371 1019 derselben
401 957 547 1017 schließen
583 957 681 1017 laßes.

458 1010 662 1070 London,
698 1010 754 1070 den
795 1010 863 1070 29.
892 1010 1005 1070 May¬

267 1058 382 1118 Alhier
407 1058 481 1118 starb
517 1058 569 1118 der
599 1061 692 1121 Jude
721 1058 901 1118 Benjamin
942 1058 977 1118 da
1013 1058 1134 1118 Costa,
1164 1058 1215 1118 der

216 1108 312 1168 diesen
341 1110 421 1170 ganz
444 1111 615 1171 besondern
645 1111 816 1171 Nachruhm
856 1109 931 1169 hat,
954 1109 1005 1169 daß
1045 1108 1074 1168 er
1097 1106 1154 1166 seit
1177 1106 1211 1166 30

220 1160 347 1220 Jahren
381 1160 436 1220 her
460 1157 542 1217 jedes
571 1160 659 1220 Jahr
688 1159 776 1219 durch
805 1157 849 1217 bis
883 1157 972 1217 3000
1011 1157 1077 1217 Pf.
1106 1157 1222 1217 Sterl.

212 1207 306 1267 unter
327 1207 374 1267 die
400 1207 515 1267 Armen
547 1204 724 1264 austheilen
750 1207 865 1267 lassen.
918 1206 990 1266 Die
1012 1204 1210 1264 Zänkereyen

212 1255 269 1315 bey
301 1255 352 1315 der
389 1252 623 1312 Indianischen
655 1252 863 1312 Compagnie
895 1252 1009 1312 hielten
1046 1252 1097 1312 den
1134 1249 1212 1309 Lord

216 1303 314 1363 Clive
339 1300 393 1360 von
423 1300 472 1360 der
497 1300 590 1360 Reise
615 1299 678 1359 nach
714 1298 886 1358 Bengalen
921 1298 1038 1358 immer
1063 1297 1132 1357 noch
1167 1296 1220 1356 zu¬

216 1351 306 1411 rück.
355 1345 469 1405 Seine
489 1344 618 1404 Gegner
642 1345 829 1405 vergleichen
854 1342 901 1402 ihn
930 1342 993 1402 mit
1008 1340 1218 1400 Cromwelln.

216 1393 287 1453 Sie
312 1390 475 1450 verweisen
509 1390 537 1450 es
562 1389 648 1449 ihm,
673 1388 725 1448 daß
759 1387 787 1447 er
822 1389 870 1449 bey
899 1387 951 1447 der
976 1386 1211 1446 Enthauptung

212 1439 265 1499 des
298 1437 537 1497 rechtmäßigen
570 1434 713 1494 Nabads
746 1431 804 1491 von
836 1434 996 1494 Bengal,
1050 1431 1209 1491 Surojah

214 1485 361 1545 Dowla,
386 1484 471 1544 durch
503 1482 551 1542 die
577 1482 699 1542 Finger
731 1480 878 1540 gesehen,
897 1480 1062 1540 gleichwie
1094 1479 1210 1539 Crom=
1242 1476 1408 1536 Kopfgeld
1433 1482 1457 1542 zu
1488 1482 1635 1542 belegen,
1654 1482 1715 1542 und
1734 1483 1784 1543 den
1809 1485 1888 1545 Adel
1901 1483 1993 1543 davon
2018 1485 2042 1545 zu
2067 1488 2233 1548 befreven:

212 1533 286 1593 well
308 1535 366 1595 mit
388 1533 467 1593 Carl
484 1533 515 1593 I.
547 1533 605 1593 daß
627 1532 658 1592 er
680 1530 728 1590 sich
766 1533 887 1593 darauf
909 1532 999 1592 selbst
1026 1527 1137 1587 empor
1164 1528 1217 1588 ge¬

218 1584 427 1644 schwungen,
455 1584 510 1644 und
543 1584 592 1644 sich
621 1584 686 1644 eine
709 1582 891 1642 Herrschaft
908 1581 929 1641 in
963 1581 1095 1641 Bengal
1118 1581 1217 1641 ange¬

218 1635 282 1695 legt
304 1637 401 1697 habe,
424 1634 483 1694 wie
511 1633 685 1693 Cromwell
702 1634 728 1694 in
761 1633 853 1693 seinem
897 1632 1125 1692 Protectorat;
1153 1631 1206 1691 daß

214 1688 251 1748 er
278 1685 447 1745 diejenigen
480 1685 665 1745 Directoren
697 1685 745 1745 der
772 1685 978 1745 Ostindischen
1005 1682 1217 1742 Compagnie,

213 1739 305 1799 unter
338 1738 468 1798 welchen
496 1736 528 1796 er
550 1737 609 1797 sein
637 1736 741 1796 Glück
763 1736 920 1796 gemacht,
948 1736 1040 1796 ihrer
1063 1733 1203 1793 Würden

220 1790 279 1850 und
307 1790 436 1850 Aemter
464 1787 583 1847 entsetzt
605 1787 664 1847 und
686 1787 783 1847 andre
806 1786 832 1846 in
860 1784 929 1844 ihre
957 1784 1070 1844 Stelle
1098 1782 1217 1842 gescho¬

213 1835 292 1895 ben,
317 1837 376 1897 wie
402 1834 579 1894 Cromwell
600 1834 644 1894 sich
674 1831 762 1891 gegen
793 1831 842 1891 das
867 1829 1069 1889 Parlament
1090 1828 1218 1888 verhal¬

207 1885 282 1945 ten.
333 1882 566 1942 Uebermorgen
607 1879 698 1939 gehet
724 1877 774 1937 der
810 1876 891 1936 Lord
922 1876 1017 1936 Clive
1048 1873 1109 1933 von
1145 1875 1210 1935 hier

212 1933 284 1993 nach
321 1930 571 1990 Portsmouth.
634 1922 680 1982 Es
712 1921 769 1981 hat
795 1921 931 1981 derselbe
962 1921 977 1981 3
1014 1921 1207 1981 Punchions

222 1982 296 2042 (ein
328 1979 386 2039 Faß
424 1978 482 2038 von
514 1975 556 2035 84
594 1969 774 2029 Gallons)
806 1966 1002 2026 Brittischer
1035 1966 1209 2026 distillirter

212 2028 336 2088 Wasser
363 2025 420 2085 und
447 2020 628 2080 Geträncke
650 2020 686 2080 am
728 2017 816 2077 Bord
848 2017 894 2077 des
921 2017 1008 2077 Kent
1036 2014 1217 2074 einzuschif¬

217 2076 266 2136 fen
292 2072 459 2132 beordert,
479 2067 514 2127 um
556 2067 605 2127 den
636 2067 803 2127 Matrosen
833 2064 985 2124 während
1011 2061 1096 2121 ihrer
1117 2061 1212 2121 Reise

218 2118 400 2178 zweymahl
429 2112 473 2172 die
496 2112 612 2172 Woche
635 2115 756 2175 Punsch
784 2115 812 2175 zu
841 2115 956 2175 geben.
1012 2112 1084 2172 Der
1118 2109 1195 2169 Spa

215 2170 312 2230 nische
334 2166 568 2226 Ambassadeur
601 2166 661 2226 gab
700 2169 814 2229 neulich
847 2166 901 2226 bey
945 2163 1032 2223 einem
1082 2157 1130 2217 für
1163 2157 1206 2217 die

223 2219 357 2279 fremden
390 2217 563 2277 Ministres
590 2217 649 2277 und
677 2217 725 2277 den
753 2217 882 2277 hiesigen
909 2214 990 2274 Adel
1017 2208 1201 2268 angestelten

222 2270 454 2330 Tractament,
482 2266 529 2326 für
561 2266 603 2326 ein
641 2264 799 2324 Quartier
831 2263 1064 2323 ausgeschälter
1096 2256 1207 2316 junger

218 2315 338 2375 Erbsen
378 2318 394 2378 4
433 2318 609 2378 Guineen.
665 2312 725 2372 Ein
753 2312 918 2372 Waghals
941 2311 1051 2371 sprang
1079 2306 1189 2366 neulich

212 2369 248 2429 um
295 2369 357 2429 eine
384 2364 580 2424 ansehnliche
602 2360 711 2420 Wette
737 2362 794 2422 aus
831 2363 913 2423 einem
961 2360 976 2420 3
1013 2355 1210 2415 Stockwerck

212 2417 313 2477 hohen
340 2414 462 2474 Fenster
490 2412 548 2472 auf
565 2413 612 2473 die
634 2411 783 2471 Straße,
810 2408 900 2468 allein
933 2408 959 2468 er
981 2403 1210 2463 beschleunigte

212 2464 346 2524 dadurch
378 2461 477 2521 seinen
514 2458 601 2518 Tod.
680 2457 778 2517 Einer
805 2455 862 2515 von
899 2458 965 2518 Sir
997 2454 1101 2514 Jacob
1127 2448 1215 2508 Low¬

212 2510 304 2570 thers
341 2509 453 2569 Leuten
490 2507 547 2567 hat
578 2506 686 2566 jüngst
723 2504 846 2564 unweit
878 2503 1021 2563 Lawther
1053 2500 1155 2560 Parck
1177 2498 1202 2558 in

222 2557 437 2617 Westermore
459 2556 535 2616 Land
562 2554 649 2614 einen
675 2554 742 2614 sehr
768 2552 876 2612 großen
907 2552 1004 2612 Adler
1026 2548 1184 2608 geschossen

219 2607 261 2667 Es
293 2605 383 2665 hielte
410 2602 541 2662 derselbe
563 2602 620 2662 von
648 2602 694 2662 der
727 2600 843 2660 Spitze
870 2602 954 2662 eines
991 2599 1123 2659 Flügels
1155 2596 1202 2656 bis

218 2655 271 2715 zum
310 2654 423 2714 andern
456 2651 466 2711 7
494 2651 554 2711 und
582 2649 597 2709 1
625 2649 733 2709 drittel
744 2649 830 2709 Fuß,
852 2652 912 2712 und
940 2649 1004 2709 wog
1027 2647 1058 2707 17
1081 2643 1205 2703 Pfund.

219 2704 287 2764 Die
325 2700 483 2760 Societät
515 2699 568 2759 zur
600 2699 868 2759 Aufmunterung
906 2700 958 2760 der
985 2699 1107 2759 Künste
1139 2697 1201 2757 und

219 2751 478 2811 Manufacturen
505 2748 558 2808 hat
575 2748 621 2808 dem
659 2746 733 2806 Hn.
744 2748 913 2808 Eldridge,
940 2751 987 2811 für
1014 2748 1056 2808 ein
1084 2745 1210 2805 erfund¬

215 2805 266 2865 nes
295 2802 516 2862 Geheimniß,
540 2797 664 2857 Schaf=
681 2796 738 2856 und
761 2796 880 2856 andere
904 2799 982 2859 Felle
1011 2797 1090 2857 ohne
1120 2793 1204 2853 Lohe

215 2855 246 2915 zu
274 2852 404 2912 gerben,
432 2848 512 2908 einen
540 2846 642 2906 Preis
670 2847 724 2907 von
752 2847 811 2907 100
849 2845 914 2905 Pf.
936 2847 1050 2907 Sterl.
1067 2847 1206 2907 ertheilt.

216 2901 286 2961 Die
311 2900 512 2960 Jrländische
536 2898 659 2958 Nation
689 2897 760 2957 thut
779 2897 825 2957 sich
856 2897 879 2957 in
909 2897 1104 2957 mancherley
1128 2896 1204 2956 Ma=

1256 372 1445 432 nufacturen
1478 372 1640 432 ungemein
1673 374 1808 434 hervor.
1836 377 1900 437 Sie
1923 379 2046 439 machen
2074 374 2247 434 Leinwand

1256 419 1278 479 so
1306 419 1361 479 gut
1378 422 1428 482 als
1457 422 1506 482 die
1534 419 1729 479 Schlesische
1758 424 1818 484 und
1852 428 2052 488 Sächsische,
2080 428 2136 488 und
2170 428 2247 488 diese

1254 521 1348 581 Jahr
1371 521 1426 581 auf
1449 519 1493 579 die
1515 518 1554 578 10
1583 518 1755 578 Millionen
1794 523 1883 583 Ellen
1922 525 1994 585 hier
2028 525 2050 585 in
2089 527 2244 587 England

1250 569 1452 629 eingebracht
1474 567 1532 627 und
1559 568 1654 628 theils
1682 569 1745 629 hier
1767 572 1932 632 verkauft,
1953 575 2048 635 theils
2070 574 2134 634 nach
2156 575 2251 635 Ame¬

1247 616 1315 676 rika
1341 617 1503 677 versendet
1523 616 1665 676 werden.
1715 616 1788 676 Sie
1818 619 1917 679 haben
1952 621 2020 681 auch
2055 622 2114 682 nun
2154 622 2246 682 ange¬

1250 666 1363 726 fangen
1395 664 1498 724 schöne
1519 664 1680 724 Teppiche
1696 666 1888 726 zumachen,
1914 667 1960 727 die
1982 665 2028 725 den
2055 668 2236 728 Türkischen

1250 712 1343 772 meist
1369 713 1456 773 gleich
1493 715 1581 775 sind;
1607 715 1674 775 auch
1711 715 1902 775 verfertigen
1939 715 1974 775 sie
2006 715 2129 775 schönen
2161 717 2248 777 Lein¬

1245 763 1420 823 dammast,
1442 763 1473 823 so
1495 760 1552 820 gut
1580 763 1621 823 als
1654 763 1680 823 in
1718 763 1908 823 Schlesien,
1935 763 1993 823 und
2025 764 2136 824 fangen
2174 766 2232 826 nun

1247 811 1317 871 auch
1348 811 1378 871 an
1409 810 1622 870 vortrefliches
1653 811 1877 871 Cammertuch
1903 813 1927 873 zu
1958 813 2105 873 würken.

1486 861 1743 921 Warschau,
1766 861 1815 921 den
1845 861 1883 921 7.
1906 861 1994 921 Jun.

1297 908 1339 968 Am
1389 909 1617 969 Sonnabende
1644 909 1878 969 hinterbrachte
1901 909 1949 969 der
1977 912 2074 972 Fürst
2097 906 2237 966 Primas

1237 955 1289 1015 den
1331 957 1608 1017 Reichsständen,
1635 960 1703 1020 was
1735 960 1850 1020 maßen
1887 960 1913 1020 er
1950 957 1996 1017 die
2028 960 2237 1020 Reversalien

1250 1004 1306 1064 vom
1343 1007 1584 1067 Petersburger
1605 1007 1661 1067 und
1688 1010 1847 1070 Berliner
1868 1010 1971 1070 Hofe,
1997 1010 2099 1070 wegen
2131 1010 2177 1070 der
2193 1010 2244 1070 zu¬

1247 1055 1437 1115 gestandnen
1469 1058 1569 1118 Titel,
1596 1059 1680 1119 einer
1702 1061 1844 1121 Kaiserin
1882 1059 1940 1119 von
1972 1061 2051 1121 ganz
2083 1058 2235 1118 Rußland

1248 1106 1312 1166 und
1345 1106 1426 1166 eines
1459 1109 1611 1169 Königes
1649 1107 1703 1167 von
1747 1110 1898 1170 Preussen
1943 1109 2105 1169 erhalten,
2127 1109 2235 1169 selbige

1250 1156 1375 1216 wurden
1411 1157 1606 1217 vorgelesen,
1627 1157 1687 1217 und
1713 1157 1737 1217 in
1769 1157 1813 1217 die
1834 1157 2045 1217 Constitution
2081 1157 2241 1217 gebracht.

1253 1203 1340 1263 Man
1366 1204 1464 1264 schlug
1490 1204 1608 1264 darauf
1629 1204 1700 1264 vor,
1727 1204 1809 1264 einen
1840 1204 2030 1264 algemeinen
2062 1202 2133 1262 Zoll
2149 1204 2174 1264 zu
2201 1202 2241 1262 er¬

1248 1252 1397 1312 richten,
1433 1252 1494 1312 und
1531 1252 1582 1312 die
1614 1252 1819 1312 Privatzölle
1856 1249 2092 1309 abzuschaffen;
2119 1249 2169 1309 die
2201 1249 2226 1309 in

1244 1297 1378 1357 Danzig
1407 1297 1459 1357 von
1489 1297 1537 1357 den
1566 1297 1666 1357 Polen
1696 1297 1888 1357 erzwungne
1912 1297 1979 1357 drey
2004 1295 2152 1355 Scheffel
2177 1294 2229 1354 von

1246 1342 1327 1402 jeder
1356 1342 1419 1402 Last
1443 1339 1597 1399 Getreide
1621 1342 1649 1402 zu
1675 1342 1770 1402 geben
1799 1342 1857 1402 und
1891 1342 1987 1402 andre
2016 1342 2237 1402 Misbräuche

1249 1387 1278 1447 zu
1308 1386 1464 1446 caßiren;
1494 1387 1542 1447 die
1568 1389 1778 1449 Zollkammer
1813 1390 1842 1450 zu
1877 1389 2004 1449 Brzesc
2029 1388 2053 1448 in
2078 1390 2224 1450 Lithauen

1245 1431 1324 1491 ganz
1356 1431 1606 1491 abzuschaffen;
1643 1437 1696 1497 die
1728 1434 1839 1494 Juden
1877 1434 1940 1494 mit
1978 1437 2062 1497 einem
2111 1440 2227 1500 höhern

1247 1530 1308 1590 und
1340 1530 1386 1590 als
1418 1532 1526 1592 zuletzt
1552 1530 1598 1590 der
1635 1533 1800 1593 Landbote
1832 1531 1888 1591 von
1930 1536 2049 1596 Halisc
2080 1539 2230 1599 anräthig

1245 1580 1330 1640 war,
1367 1581 1415 1641 ein
1442 1581 1564 1641 Mittel
1591 1584 1793 1644 abzufassen,
1820 1582 1883 1642 wie
1916 1584 1969 1644 ins
2007 1587 2150 1647 künftige
2188 1587 2235 1647 die

1245 1631 1436 1691 Reichstäge
1474 1633 1722 1693 vortheilhafter
1760 1634 1903 1694 gehalten
1946 1634 2067 1694 werden
2111 1635 2237 1695 könten,

1252 1681 1336 1741 ward
1365 1682 1466 1742 wegen
1495 1683 1597 1743 später
1620 1685 1687 1745 Zeit
1711 1685 1755 1745 die
1784 1685 1925 1745 Sitzung
1959 1688 2123 1748 geendigt.
2169 1688 2219 1748 Am

1247 1733 1413 1793 Montage
1444 1734 1554 1794 wurde
1580 1736 1630 1796 die
1661 1738 1777 1798 letztere
1807 1739 1959 1799 Materie
1984 1739 2231 1799 vorgenommen

1245 1782 1306 1842 und
1333 1784 1374 1844 ein
1405 1787 1560 1847 Entwurf
1582 1787 1741 1847 deswegen
1773 1787 1928 1847 verlesen,
1949 1791 2129 1851 imgleichen
2166 1789 2243 1849 eini¬

1247 1834 1282 1894 ge
1304 1831 1537 1891 Rathschläge,
1558 1834 1609 1894 den
1646 1834 1822 1894 Reichstag
1858 1838 2054 1898 betreffend,
2086 1840 2241 1900 vermöge

1245 1876 1296 1936 der
1323 1877 1582 1937 Verordnungen
1614 1881 1670 1941 von
1707 1882 1794 1942 1690
1831 1883 1893 1943 und
1925 1884 2013 1944 1736
2044 1888 2246 1948 festgesetzet,

1244 1919 1315 1979 auch
1344 1921 1540 1981 beschlossen,
1565 1924 1621 1984 vor
1646 1924 1693 1984 der
1718 1927 1822 1987 Wahl
1847 1930 1933 1990 eines
1967 1933 2239 1993 Landbotenmar¬

1249 1969 1376 2029 schalls,
1402 1969 1485 2029 keine
1515 1969 1633 2029 andere
1663 1975 1830 2035 Materien
1865 1974 1933 2034 aufs
1963 1977 2071 2037 Tapet
2096 1978 2126 2038 zu
2156 1980 2248 2040 brin¬

1239 2017 1320 2077 gen.
1368 2014 1507 2074 Darauf
1527 2014 1651 2074 wurden
1690 2017 1733 2077 die
1763 2021 2041 2081 Untersuchungen
2080 2024 2184 2084 wegen
2204 2025 2247 2085 ei¬

1231 2061 1289 2121 nes
1333 2061 1473 2121 Collegii
1502 2061 1740 2121 Oeconomici;
1779 2064 1885 2124 wegen
1924 2067 2147 2127 Verwaltung
2181 2073 2234 2133 des

1240 2109 1492 2169 Kronschatzes;
1523 2109 1624 2169 wegen
1654 2110 1704 2170 des
1735 2115 1932 2175 algemeinen
1968 2118 2074 2178 Zolles
2100 2118 2140 2178 rc.
2166 2118 2241 2178 vor¬

1246 2160 1415 2220 getragen,
1439 2157 1501 2217 und
1524 2157 1569 2217 die
1592 2160 1727 2220 Sitzung
1756 2163 1954 2223 beschlossen.
1995 2168 2045 2228 Am
2085 2169 2237 2229 Diensta¬

1238 2210 1275 2270 ge
1297 2208 1351 2268 und
1384 2205 1551 2265 Mittwoch
1579 2210 1709 2270 wurden
1742 2217 1952 2277 verschiedene
1986 2220 2158 2280 Entwürfe
2186 2220 2234 2280 be¬

1236 2255 1350 2315 liebet,
1383 2255 1492 2315 wobey
1525 2258 1612 2318 unter
1645 2264 1760 2324 andern
1799 2266 1853 2326 das
1886 2269 2039 2329 Jüdische
2072 2270 2229 2330 Kopfgeld

1237 2304 1295 2364 von
1324 2306 1335 2366 2
1365 2303 1423 2363 Fl.
1447 2307 1639 2367 holländisch
1674 2315 1726 2375 für
1750 2318 1831 2378 jeden
1861 2320 1954 2380 Kopf
1978 2323 2035 2383 auf
2059 2323 2111 2383 das
2135 2324 2228 2384 Jahr

1245 2354 1424 2414 festgesetzet
1446 2354 1504 2414 und
1531 2359 1578 2419 die
1600 2364 1742 2424 Sitzung
1774 2369 1826 2429 auf
1848 2369 1937 2429 heute
1970 2370 2106 2430 verleget
2128 2372 2233 2432 ward.

1245 2402 1301 2462 Ain
1327 2402 1534 2462 Sonnabend
1554 2409 1610 2469 sind
1642 2411 1698 2471 alle
1724 2417 1856 2477 beliebte
1875 2417 2051 2477 Entwürfe
2071 2420 2227 2480 nochmals

1242 2449 1416 2509 vorgelesen
1443 2454 1501 2514 und
1523 2460 1765 2520 unterschrieben
1787 2467 1929 2527 worden,
1940 2468 1966 2528 um
2004 2467 2035 2527 sie
2051 2467 2072 2527 in
2099 2467 2140 2527 die
2157 2467 2214 2527 rech

1235 2497 1265 2557 te
1287 2500 1503 2560 Constitution
1535 2506 1560 2566 zu
1592 2512 1742 2572 bringen.
1794 2517 1855 2577 Als
1882 2515 1938 2575 vor
1970 2515 2088 2575 einigen
2115 2515 2223 2575 Tagen

1241 2548 1291 2608 der
1318 2550 1510 2610 Vorschlag,
1536 2558 1638 2618 wegen
1664 2566 1882 2626 Bestätigung
1915 2563 1959 2623 des
1985 2563 2222 2623 Curländischen

1245 2596 1345 2656 Lehns
1372 2599 1409 2659 an
1446 2604 1499 2664 den
1531 2609 1658 2669 Herzog
1690 2614 1801 2674 Biron
1833 2612 2065 2672 angenommen
2093 2615 2240 2675 worden,

1238 2646 1298 2706 lief
1332 2644 1376 2704 ein
1415 2654 1597 2714 Schreiben
1637 2661 1691 2721 von
1736 2661 1808 2721 Sr.
1836 2660 1980 2720 Königl.
2008 2662 2140 2722 Hoheit
2163 2661 2206 2721 dem

1239 2695 1380 2755 Prinzen
1403 2698 1488 2758 Carl
1506 2703 1539 2763 an
1569 2708 1619 2768 den
1649 2709 1773 2769 Fürsten
1808 2706 1967 2766 Primas,
1990 2709 2046 2769 aus
2070 2711 2223 2771 Dresden

1240 2745 1307 2805 ein,
1333 2745 1358 2805 in
1385 2751 1513 2811 welchem
1550 2754 1591 2814 Er
1613 2757 1690 2817 seine
1711 2757 1964 2817 vermeintlichen
1991 2757 2166 2817 Vorrechte
2182 2759 2223 2819 als

1238 2796 1413 2856 wirklicher
1437 2803 1555 2863 Herzog
1590 2805 1651 2865 von
1686 2805 1832 2865 Curland
1873 2805 1991 2865 bestens
2026 2806 2229 2866 empfiehlet.

1232 2845 1301 2905 Auf
1325 2847 1406 2907 viele
1435 2855 1679 2915 Vorstellungen
1714 2855 1836 2915 einiger
1872 2852 2057 2912 Magnaten
2098 2855 2231 2915 scheinet

1234 2897 1286 2957 der
1321 2903 1671 2963 Krongroßmarschall
1701 2908 1747 2968 sich
1789 2905 1846 2965 auf
1876 2905 1928 2965 die
1964 2903 2068 2963 Seite
2087 2903 2138 2963 der
2168 2904 2237 2964 ver¬

2114 2957 2237 3017 samm=
