2479 3508
246 330 342 390 Sein
396 322 621 382 angestorbnes
659 312 741 372 Gut
780 309 838 369 von
878 316 1042 376 Seufzern
1095 312 1177 372 unde

721 360 885 420 schweret,

205 422 273 482 Aus
305 417 535 477 unterdrückter
566 404 719 464 Wittwen
759 407 881 467 Brust,

201 471 275 531 Hat
298 470 364 530 was
402 464 447 524 ein
477 455 603 515 Weiser
626 454 782 514 braucht,
806 457 931 517 Brod,
963 461 1096 521 welches
1126 454 1177 514 ihn

718 500 890 560 ernahret,

208 562 276 622 Und
305 554 550 614 Leidenschaften
586 548 639 608 ihm
684 547 735 607 zur
763 550 850 610 Lust.

254 625 310 685 Da
355 622 417 682 lebt
449 618 479 678 er
518 616 686 676 unbesorgt
719 617 768 677 für
800 621 900 681 seiner
926 620 1031 680 Zeiten
1070 616 1157 676 Ehre

203 673 275 733 Und
303 670 420 730 spricht
443 664 498 724 zur
527 664 749 724 Autorgrille:
772 664 844 724 flieh
878 661 894 721 —

207 715 314 775 Wenn
349 715 375 775 er
411 715 437 775 zu
471 712 565 772 seinem
614 712 695 772 Weh
729 713 797 773 noch
832 715 925 775 heute
953 714 1055 774 König
1089 715 1190 775 wäre,

210 764 294 824 Wär
322 763 386 823 dies
420 760 517 820 gewiß
552 760 603 820 sein
644 760 852 820 Sanssouci.

255 831 343 891 Sein
377 831 474 891 Weib
507 831 555 891 bey
589 831 710 891 frischer
744 831 841 891 Milch
875 833 898 893 in
932 831 1167 891 zephirleichtem

718 876 837 936 Kleide

209 924 292 984 Voll
316 921 377 981 wie
408 923 446 983 ein
486 924 638 984 blühnder
670 924 883 984 Apfelbaum,

208 969 328 1029 Seht!
351 969 414 1029 wie
436 975 621 1035 verkleinert
644 975 678 1035 sie
701 975 743 1035 die
765 975 886 1035 gnädge
908 973 985 1033 Frau
1022 972 1043 1032 in
1079 969 1178 1029 Seide

212 1017 279 1077 Bey
316 1022 421 1082 Caffee
453 1024 507 1084 und
539 1023 921 1083 Champagnerschaum.

249 1089 325 1149 Der
353 1093 504 1153 Busen,
526 1095 573 1155 den
616 1094 656 1154 ein
685 1094 788 1154 Kranz
816 1090 871 1150 von
906 1091 995 1151 Lilien
1024 1088 1182 1148 verstecket

198 1140 314 1200 Quillt
337 1142 420 1202 zwar
454 1141 536 1201 durch
570 1142 676 1202 keinen
710 1136 993 1196 Perlenschmuck;

198 1190 273 1250 Hat
301 1188 381 1248 seine
410 1185 550 1245 Grazien
589 1187 648 1247 kein
687 1185 898 1245 Stutzerblick
926 1187 1083 1247 beflecket,

200 1235 285 1295 Wer
314 1235 434 1295 fräget,
464 1234 498 1294 ob
529 1234 556 1294 er
586 1229 706 1289 Perlen
736 1231 834 1291 trug?

255 1300 356 1360 Wenn
389 1300 443 1360 ihr
467 1300 513 1360 die
538 1300 647 1360 Kunst
672 1297 726 1357 aus
750 1297 836 1357 Neid
860 1297 1048 1357 Quadrillen
1080 1297 1174 1357 gleich

711 1339 901 1399 verheelet;

202 1393 367 1453 Schwebt
392 1390 431 1450 sie
464 1389 525 1449 doch
559 1387 636 1447 schön
670 1386 700 1446 im
749 1387 851 1447 frohen
883 1384 1017 1444 Reihn,

432 1539 630 1599 Berlin,
661 1543 709 1603 den
745 1542 805 1602 26.
836 1542 931 1602 Jun.

249 1587 321 1647 Se.
340 1588 478 1648 Königl.
503 1593 600 1653 Maj.
619 1593 715 1653 haben
746 1593 794 1653 den
825 1593 933 1653 Baron
964 1587 1018 1647 von
1049 1587 1182 1647 Brand,

201 1640 383 1700 bisherigen
411 1642 594 1702 Residenten
628 1642 677 1702 bey
711 1642 754 1702 dem
799 1643 1065 1703 Oberrheinschen
1093 1640 1187 1700 Krei¬

202 1693 229 1753 se
258 1691 286 1751 zu
315 1689 406 1749 Dero
429 1694 718 1754 gevollmächtigten
753 1693 906 1753 Minister
930 1693 980 1753 bey
1009 1691 1060 1751 den
1083 1688 1184 1748 Chur=

200 1739 338 1799 fürstlich
361 1739 539 1799 Mainzisch
573 1741 634 1801 und
668 1741 863 1801 Pfälzischen
897 1740 1002 1800 Höfen
1037 1739 1186 1799 ernennt.

202 1784 276 1844 Die
297 1786 423 1846 hiesigen
454 1786 524 1846 drey
550 1787 852 1847 Freymäurerlogen
888 1785 1019 1845 feyreten
1054 1787 1090 1847 am
1136 1787 1190 1847 vo¬

199 1834 288 1894 rigen
321 1834 494 1894 Sonntage
516 1831 542 1891 in
574 1831 621 1891 den
648 1831 768 1891 Corsica
796 1831 853 1891 und
875 1828 1069 1888 Weißischen
1096 1828 1185 1888 Gär¬

202 1881 247 1941 ten
273 1879 318 1939 ihr
349 1873 582 1933 gewöhnliches
613 1873 867 1933 Johannissest,
893 1872 948 1932 und
979 1873 1075 1933 liessen
1117 1872 1182 1932 eine

203 1929 397 1989 ansehnliche
420 1922 565 1982 Summe
588 1921 679 1981 unter
702 1921 744 1981 die
767 1918 885 1978 Armen
908 1915 1108 1975 austheilen.

456 1969 616 2029 Cassel,
644 1969 697 2029 den
735 1966 794 2026 12.
822 1963 912 2023 Jun.

262 2017 341 2077 Der
364 2018 534 2078 berühmte
569 2014 739 2074 Professor
774 2012 824 2072 der
858 2008 1080 2068 Mathematic
1114 2008 1176 2068 und

203 2069 343 2129 Physic,
360 2067 441 2127 Herr
463 2067 675 2127 Stegmann,
697 2064 827 2124 welcher
849 2060 898 2120 sich
931 2058 1017 2118 durch
1051 2055 1099 2115 die
1127 2053 1169 2113 Er

206 2119 335 2179 findung
363 2115 422 2175 und
449 2114 682 2174 Verbesserung
715 2112 926 2172 verschiedner
953 2104 1180 2164 Instrumente

203 2168 316 2228 bereits
355 2166 490 2226 bekannt
517 2166 674 2226 gemacht,
697 2164 751 2224 hat
779 2163 816 2223 ein
854 2157 1092 2217 Microscopium
1137 2155 1185 2215 er¬

206 2217 343 2277 funden,
370 2216 497 2276 welches
524 2217 587 2277 man
619 2216 676 2276 mit
699 2213 799 2273 Recht
815 2211 857 2271 ein
889 2208 1079 2268 algemeines
1112 2202 1185 2262 nen¬

197 2268 255 2328 nen
282 2267 357 2327 kan,
379 2264 469 2324 indem
507 2264 533 2324 in
560 2264 646 2324 einer
678 2261 811 2321 einzigen
849 2256 1014 2316 Maschine
1047 2249 1089 2309 ein
1122 2249 1164 2309 ein

203 2365 382 2425 verbunden
410 2362 459 2422 ist,
486 2360 612 2420 welches
634 2354 753 2414 letztere
775 2354 824 2414 den
858 2353 988 2413 Vorzug
1016 2348 1092 2408 hat,
1125 2348 1179 2408 daß

202 2411 232 2471 es
259 2411 440 2471 horizontal
456 2408 553 2468 stehen
580 2402 698 2462 bleibt,
735 2400 771 2460 da
797 2402 843 2462 die
870 2401 978 2461 bisher
1004 2393 1169 2453 bekannten

204 2458 271 2518 eine
303 2455 374 2515 weit
401 2452 628 2512 unbequemere
660 2446 814 2506 Stellung
846 2449 975 2509 gehabt.
1022 2440 1094 2500 Der
1126 2440 1182 2500 Er¬

212 2504 308 2564 finder
341 2500 395 2560 hat
423 2497 562 2557 doppelte
590 2494 839 2554 Objectivgläser
877 2496 931 2556 bey
969 2491 1066 2551 diesem
1110 2487 1185 2547 Mi¬

204 2551 314 2611 croscop
343 2545 549 2605 angebracht,
564 2542 605 2602 die
626 2542 681 2602 zur
710 2544 938 2604 Vergrößrung
973 2539 1035 2599 und
1063 2537 1180 2597 Erhel=
1209 2533 1340 2593 gestillet
1362 2533 1423 2593 seyn
1451 2537 1561 2597 sollen,
1583 2544 1644 2604 und
1673 2548 1728 2608 daß
1757 2548 1811 2608 sich
1840 2545 1908 2605 noch
1937 2542 2088 2602 vielleicht
2110 2541 2185 2601 üble

198 2603 270 2663 lung
299 2597 343 2657 der
366 2590 594 2650 Gegenstande
612 2587 695 2647 nicht
712 2588 812 2648 wenig
846 2591 1036 2651 beytragen.
1081 2584 1170 2644 Man

204 2649 255 2709 kan
285 2643 331 2703 die
355 2638 476 2698 dunklen
506 2635 633 2695 Körper
657 2635 720 2695 eben
750 2636 772 2696 so
796 2638 853 2698 gut
871 2641 958 2701 durch
982 2635 1033 2695 das
1051 2632 1178 2692 Zusam¬

205 2692 420 2752 mengesetzte,
458 2682 506 2742 als
532 2682 623 2742 durch
655 2682 703 2742 das
741 2686 1054 2746 Sonnenmicroscop
1086 2682 1178 2742 erbli¬

203 2747 286 2807 cken.
333 2736 377 2796 Er
410 2728 571 2788 verfertigt
598 2732 669 2792 auch
702 2733 752 2793 den
793 2736 973 2796 berühmten
1006 2733 1180 2793 Dollandi=

191 2799 275 2859 schen
308 2781 462 2841 Tubum.

1221 304 1281 364 Ein
1316 309 1534 369 ausgelernter
1562 300 1698 360 Schritt
1726 305 1794 365 nach
1828 303 1950 363 Regeln
1985 303 2175 363 abgezählet

1224 355 1347 415 Macht
1372 357 1456 417 nicht
1481 354 1526 414 den
1567 351 1628 411 Fuß
1667 354 1714 414 der
1746 354 1877 414 Damen
1909 354 2017 414 klein.

1272 422 1341 482 Sie
1379 425 1479 485 bricht
1511 422 1560 482 den
1605 422 1849 482 Sonnenschirm
1906 423 1955 483 sich
1994 425 2050 485 von
2094 423 2206 483 Kasta¬

1739 473 1998 533 stanienbäumen

1218 518 1271 578 Im
1314 518 1505 578 Wasserfall
1530 513 1643 573 besieht
1667 512 1709 572 sie
1734 516 1786 576 sich

1215 567 1285 627 Und
1328 569 1406 629 gehn
1449 566 1484 626 sie
1514 566 1605 626 Hand
1649 563 1676 623 in
1706 563 1805 623 Hand
1848 566 1875 626 in
1912 570 2025 630 Fluren
2068 567 2132 627 und
2168 565 2196 625 in

1730 608 1872 668 Haynen

1225 658 1314 718 Ruft
1339 659 1418 719 jedes
1449 658 1599 718 zärtlich:
1636 655 1696 715 Du
1733 658 1793 718 und
1824 661 1908 721 Ich.

1280 730 1377 790 Seht
1405 730 1441 790 da
1487 730 1539 790 des
1567 729 1692 789 Weisen
1739 726 1854 786 Loos,
1891 728 1944 788 das
1981 727 2016 787 zu
2053 727 2195 787 getreuen

1734 775 1873 835 Händen

1223 822 1296 882 Der
1327 822 1475 882 Himmel
1498 822 1549 882 ihm
1595 822 1654 882 zum
1699 819 1854 879 Erbtheil
1877 821 1950 881 gab,

1219 870 1284 930 Und
1315 869 1430 929 fangen
1467 870 1575 930 Jahre
1606 870 1642 930 an
1679 870 1727 930 ihm
1770 870 1891 930 Kräfte
1916 871 1945 931 zu
1982 870 2163 930 entwenden

1227 918 1331 978 Giebt
1356 918 1386 978 er
1411 918 1466 978 ihm
1516 918 1626 978 drüber
1658 918 1743 978 einen
1781 916 1891 976 Stab.

1268 990 1327 1050 Ein
1363 990 1515 1050 frommer
1546 990 1645 1050 Sohn
1681 990 1816 1050 gerührt
1841 990 1899 1050 von
1941 992 2041 1052 seines
2071 987 2194 1047 Vaters

1734 1037 1850 1097 Lehren

1215 1084 1331 1144 Gräbt
1360 1085 1498 1145 weinend
1533 1085 1583 1145 ihm
1633 1085 1672 1145 ein
1712 1088 1812 1148 spätes
1846 1088 1957 1148 Grab.

1217 1134 1289 1194 Und
1323 1136 1455 1196 trocknet
1484 1133 1566 1193 keine
1595 1133 1644 1193 sich
1678 1133 1733 1193 von
1772 1133 1821 1193 den
1861 1133 2010 1193 gerechten
2044 1133 2166 1193 Zähren

1222 1184 1290 1244 Aus
1327 1182 1432 1242 Stolz
1460 1181 1517 1241 vor
1544 1181 1660 1241 andern
1697 1181 1803 1241 Leuten
1840 1181 1892 1241 ab.

1270 1237 1347 1297 ***
1374 1246 1471 1306 lohne
1498 1246 1523 1306 so
1556 1246 1607 1306 für
1634 1246 1718 1306 seine
1745 1246 1874 1306 Treue,
1901 1246 2070 1306 Himmel!

1220 1291 1287 1351 Und
1322 1291 1440 1351 meinem
1481 1289 1598 1349 ärgsten
1639 1291 1751 1351 Feinde
1780 1291 1859 1351 bleib

1221 1332 1280 1392 Ein
1311 1336 1497 1396 glänzender
1528 1334 1696 1394 Geschick,
1727 1336 1750 1396 im
1799 1336 1973 1396 städtischen
2004 1336 2196 1396 Getümmel

1226 1379 1277 1439 Ein
1316 1380 1405 1440 Titel
1428 1381 1488 1441 und
1519 1381 1661 1441 begütert
1692 1381 1804 1441 Weib.

1455 1536 1661 1596 Brüssel,
1684 1539 1737 1599 den
1768 1540 1836 1600 11.
1860 1539 1951 1599 Jun.

1266 1586 1342 1646 Mit
1366 1587 1611 1647 Genehmigung
1636 1590 1727 1650 Ihro
1751 1589 1973 1649 Apostolischen
1997 1584 2096 1644 Maj.
2113 1584 2188 1644 wird

1211 1637 1298 1697 unter
1328 1637 1379 1697 dem
1433 1637 1555 1697 Schutz
1579 1639 1690 1699 unsers
1720 1637 1970 1697 Stadthalters,
1994 1635 2099 1695 alhier
2129 1631 2198 1691 eine

1211 1688 1286 1748 neue
1310 1685 1518 1745 Ritterschule
1542 1688 1705 1748 angelegt.
1752 1691 1821 1751 Die
1839 1688 2048 1748 ordentlichen
2072 1682 2199 1742 Uebun¬

1212 1740 1265 1800 gen
1301 1739 1383 1799 deren
1414 1739 1561 1799 darinnen
1591 1739 1816 1799 Studirenden
1847 1739 1964 1799 werden
1994 1736 2018 1796 im
2054 1735 2201 1795 Fechten,

1219 1786 1244 1846 in
1282 1786 1331 1846 der
1357 1787 1594 1847 Mathematic,
1620 1787 1651 1847 im
1695 1792 1845 1852 Tanzen,
1870 1790 1895 1850 in
1927 1787 2108 1847 Erlernung
2140 1781 2195 1841 der

1216 1829 1455 1889 französischen,
1480 1834 1633 1894 deutschen
1670 1835 1731 1895 und
1750 1837 1866 1897 andern
1904 1834 2075 1894 Sprachen
2113 1831 2198 1891 nebst

1212 1870 1303 1930 ihrer
1331 1873 1547 1933 Schreibart,
1563 1877 1725 1937 bestehen.
1769 1879 1861 1939 Man
1900 1879 2073 1939 verspricht
2100 1877 2191 1937 ihnen

1213 1914 1266 1974 fur
1285 1912 1321 1972 90
1352 1917 1442 1977 Louis
1467 1918 1533 1978 oder
1559 1921 1710 1981 Guinees
1735 1925 1935 1985 Wohnung,
1960 1925 2062 1985 Tisch,
2087 1924 2208 1984 Unter¬

1211 1961 1288 2021 richt
1306 1961 1359 2021 und
1383 1960 1531 2020 Aufsicht,
1543 1965 1590 2025 den
1615 1969 1691 2029 1sten
1715 1971 1798 2031 Aug.
1810 1972 1887 2032 wird
1911 1972 1958 2032 der
1976 1971 2195 2031 Anfangseyn.

1475 2007 1643 2067 Paris,
1684 2011 1734 2071 den
1770 2014 1806 2074 4.
1837 2014 1928 2074 Jun.

1256 2055 1310 2115 In
1353 2052 1428 2112 allen
1463 2052 1649 2112 Seeplätzrn
1684 2055 1746 2115 und
1775 2057 1836 2117 auf
1864 2058 1932 2118 allen
1968 2055 2181 2115 Bauwerften

1211 2100 1262 2160 des
1292 2097 1518 2157 Königreichs,
1542 2100 1617 2160 wird
1647 2103 1675 2163 an
1705 2103 1756 2163 der
1780 2104 1954 2164 Erbauung
1990 2103 2036 2163 der
2065 2106 2192 2166 Schiffe

1211 2148 1274 2208 mit
1303 2145 1591 2205 unbeschreiblichem
1638 2153 1718 2213 Fleiß
1753 2154 1943 2214 gearbeitet,
1967 2155 1995 2215 so
2025 2151 2076 2211 daß
2111 2151 2180 2211 noch

1213 2197 1273 2257 vor
1307 2193 1400 2253 Ende
1428 2194 1480 2254 des
1515 2199 1581 2259 jetzt
1608 2203 1776 2263 laufenden
1810 2206 1936 2266 Jahres
1971 2203 2010 2263 50
2044 2202 2197 2262 Krieges=

1216 2246 1311 2306 schiffe
1342 2240 1425 2300 nebst
1456 2246 1540 2306 einer
1571 2252 1805 2312 beträchtlichen
1842 2257 1973 2317 Anzahl
2004 2252 2190 2312 Fregatten,

203 2318 305 2378 saches
338 2313 657 2373 zusammengesetztes
690 2306 747 2366 und
780 2302 1157 2362 Sonnenmicroscopium
1216 2296 1266 2356 zum
1318 2291 1433 2351 Kriege
1459 2297 1626 2357 gerüsteten
1665 2305 1901 2365 Chalouppen,
1940 2303 2183 2363 Brandschiffen

1211 2342 1274 2402 und
1297 2342 1690 2402 Bombardiergaliotten,
1714 2352 1759 2412 die
1783 2354 1835 2414 von
1858 2354 1962 2414 unserm
1998 2351 2078 2411 Hofe
2096 2351 2188 2411 außer

1210 2389 1326 2449 Landes
1355 2390 1556 2450 angekauften
1585 2399 1713 2459 Schiffe
1730 2402 1785 2462 mit
1808 2402 2031 2462 einbegriffen,
2054 2398 2199 2458 segelfer¬

1212 2437 1254 2497 tig
1280 2437 1334 2497 seyn
1366 2437 1513 2497 durften.
1538 2445 1611 2505 Mit
1631 2449 1864 2509 Privatbriefen
1890 2449 1938 2509 aus
1964 2446 2013 2506 der
2032 2443 2191 2503 Schweitz

1214 2486 1268 2546 hat
1287 2483 1378 2543 man,
1404 2483 1452 2543 daß
1483 2489 1525 2549 die
1551 2497 1697 2557 Unruhen
1728 2500 1752 2560 in
1777 2497 1887 2557 Lucern
1912 2496 1979 2556 noch
2004 2492 2083 2552 nicht
2102 2491 2175 2551 ganz

1211 2581 1327 2641 Folgen
1357 2582 1496 2642 ereignen
1521 2593 1654 2653 könten.

1445 2638 1644 2698 London,
1678 2643 1731 2703 den
1779 2641 1838 2701 12.
1865 2638 1958 2698 Jun.

1261 2674 1304 2734 Am
1349 2676 1451 2736 letzten
1490 2688 1710 2748 Geburtstage
1742 2685 1793 2745 des
1830 2687 1978 2747 Königes
2008 2682 2170 2742 erschienen

1216 2725 1278 2785 fast
1304 2725 1359 2785 alle
1379 2730 1504 2790 Damen
1543 2736 1598 2796 bey
1631 2736 1718 2796 Hofe
1750 2733 1774 2793 in
1814 2733 2083 2793 außerordentlich
2115 2730 2189 2790 wei¬

1208 2777 1256 2837 ten
1278 2778 1454 2838 Reifröcken
1483 2785 1539 2845 und
1561 2787 1617 2847 mit
1632 2788 1758 2848 gänzlich
1780 2784 1949 2844 entblößter
1964 2781 2084 2841 Brust.
2113 2777 2183 2837 Die

2081 2829 2177 2889 Aka¬
