2479 3508
204 349 250 409 sam
292 348 338 408 als
366 346 447 406 einen
475 338 827 398 erniedrigenden
855 338 962 398 Stand
991 339 1017 399 zu
1045 339 1179 399 betrach=

193 395 262 455 ten,
281 395 338 455 und
362 392 462 452 nichts
486 389 520 449 ist
538 383 737 443 ungerechter
761 383 807 443 als
831 383 883 443 das
907 386 1029 446 Gesetz,
1048 386 1169 446 welches

197 443 251 503 den
276 443 361 503 Adel
380 436 562 496 erniedrigt,
581 429 666 489 wenn
697 428 720 488 er
745 434 922 494 Handlung
947 434 1056 494 treibt.
1100 431 1178 491 Wo=

199 489 252 549 her
277 488 349 548 kann
380 483 416 543 ein
447 479 555 539 solches
574 476 749 536 Verfahren
774 481 955 541 entstehen?
986 482 1155 542 Verunehr

196 533 229 593 es
253 533 360 593 mehr,
373 524 504 584 Stoffe,
522 524 590 584 oder
614 524 704 584 andre
722 527 814 587 Arten
843 527 894 587 der
911 527 1043 587 Waaren
1072 527 1094 587 zu
1118 527 1185 587 ver¬

198 579 329 639 kaufen,
351 575 400 635 als
422 572 477 632 das
500 569 586 629 Holz
603 572 729 632 welches
758 575 822 635 man
850 575 981 635 schlagen
1009 575 1091 635 läßt,
1114 574 1173 634 und

203 624 306 684 damit
326 620 384 680 man
414 616 477 676 eben
503 616 527 676 so
552 616 689 676 wüchern
709 619 801 679 kann,
812 622 855 682 als
881 622 939 682 mit
949 622 1057 682 andern
1082 619 1179 679 Waa=

199 670 276 730 ren.
302 664 399 724 Wenn
420 664 487 724 man
509 661 549 721 die
565 664 854 724 Nothwendigkeit
870 668 926 728 und
948 667 988 727 die
1010 669 1174 729 Vortheile

202 715 251 775 der
272 712 443 772 Handlung
463 711 569 771 kennt,
590 710 670 770 wenn
701 714 766 774 man
797 718 877 778 nicht
897 718 1044 778 zweifelt,
1054 715 1104 775 daß
1130 715 1174 775 die

199 760 344 820 Stärke,
360 757 409 817 der
436 757 541 817 Glanz
567 759 621 819 und
647 761 697 821 der
713 763 874 823 Ueberfluß
904 763 950 823 des
970 763 1081 823 Reichs
1111 762 1181 822 dar¬

199 807 259 867 auf
279 802 426 862 beruhet,
447 801 502 861 wie
528 804 598 864 kann
630 807 695 867 man
726 810 761 870 sie
787 810 877 870 denen
904 810 1105 870 untersagen,
1131 809 1176 869 die

201 852 289 912 durch
309 848 372 908 ihre
387 848 514 908 Geburt
530 849 598 909 über
613 854 750 914 gemeine
765 855 926 915 Menschen
951 855 1073 915 erhoben
1099 854 1171 914 sind.

195 897 286 957 Will
298 897 362 957 man
385 897 460 957 seine
477 900 607 960 Macht,
613 901 704 961 seinen
732 903 856 963 Ruhm,
868 903 959 963 seinen
982 900 1165 960 Wohlstand

201 942 261 1002 nur
279 945 429 1005 schlechten
452 948 657 1008 Werkzeugen
680 951 708 1011 zu
730 951 836 1011 danken
865 951 986 1011 haben?

243 991 331 1051 Man
353 995 426 1055 wird
448 998 592 1058 vielleicht
610 1001 714 1061 sagen,
726 1000 770 1060 daß
793 998 887 1058 wenig
910 998 981 1058 Treu
1005 998 1059 1058 und
1077 996 1176 1056 Glau=

199 1041 253 1101 ben
276 1043 319 1103 bey
342 1045 386 1105 dem
425 1046 579 1106 Verkaufe
591 1046 640 1106 ist,
652 1049 678 1109 da
701 1049 767 1109 man
790 1049 811 1109 so
828 1049 888 1109 viel
906 1046 1054 1106 Habsuicht
1071 1046 1159 1106 dabey

198 1094 308 1154 zeiget,
320 1094 352 1154 da
370 1094 436 1154 man
464 1095 486 1155 so
509 1096 569 1156 viel
587 1097 636 1157 List
653 1097 708 1157 und
731 1095 852 1155 Betrug
881 1094 969 1154 dabey
992 1094 1169 1154 gebraucht,

194 1142 223 1202 so
249 1142 325 1202 wird
350 1142 476 1202 dadurch
507 1142 547 1202 die
568 1145 739 1205 Handlung
765 1143 850 1203 unter
871 1142 922 1202 den
947 1142 1058 1202 Stand
1084 1142 1164 1202 derer

190 1190 379 1250 erniedrigt,
396 1187 446 1247 die
463 1187 490 1247 in
513 1187 674 1247 Ansehung
702 1190 746 1250 der
764 1190 846 1250 Ehre
864 1187 885 1247 so
903 1190 1063 1250 sorgfältig
1086 1190 1169 1250 seyn,

196 1236 255 1296 und
280 1234 363 1294 deren
388 1228 511 1288 Werke,
527 1231 580 1291 wie
605 1231 644 1291 ein
669 1234 822 1294 Contract
837 1232 931 1292 gelten
961 1232 1064 1292 sollen.
1099 1236 1157 1296 Ich

194 1279 327 1339 gestehe,
343 1277 435 1337 dieser
462 1276 616 1336 Einwurf
632 1276 667 1336 ist
689 1276 935 1336 verführerisch;
962 1275 1033 1335 aber
1060 1275 1085 1335 er
1111 1277 1162 1337 hat

188 1326 250 1386 nur
274 1324 350 1384 einen
380 1321 572 1381 scheinbaren
596 1320 730 1380 Grund.
779 1318 860 1378 Geiz
885 1318 942 1378 und
962 1318 1153 1378 Betrügerey

196 1369 253 1429 sind
287 1368 367 1428 nicht
392 1365 434 1425 die
463 1366 740 1426 unzertrennlichen
769 1362 941 1422 Gefahrten
980 1360 1027 1420 der
1051 1358 1165 1418 Hand¬

184 1412 288 1472 lung;
318 1410 387 1470 man
417 1410 530 1470 handle
551 1410 679 1470 ehrlich,
705 1407 763 1467 und
789 1407 857 1467 man
888 1404 961 1464 wird
987 1404 1154 1464 destomehr

187 1457 339 1517 Glauben
370 1455 486 1515 haben.
512 1455 582 1515 Die
604 1454 751 1514 Stimme
772 1452 817 1512 des
842 1452 979 1512 Publici
995 1449 1071 1509 wird
1092 1449 1162 1509 bald

185 1506 270 1566 einen
301 1503 448 1563 ehrlichen
474 1503 575 1563 Mann
606 1502 656 1562 von
683 1502 763 1562 einem
799 1500 961 1560 Betrüͤger
982 1497 1164 1557 unterschei¬

187 1553 262 1613 den.
303 1554 384 1614 Man
408 1554 535 1614 bestrafe
553 1554 599 1614 den
623 1554 722 1614 letzten
746 1551 797 1611 aus
815 1551 896 1611 Liebe
914 1551 966 1611 zur
984 1551 1163 1611 Gerechtig=

1221 335 1298 395 keit,
1312 339 1363 399 und
1390 339 1442 399 zur
1456 333 1540 393 Ehre
1560 335 1612 395 der
1626 339 1821 399 Handlung,
1835 342 1886 402 und
1913 342 1984 402 denn
2018 339 2089 399 wird
2116 343 2180 403 man

1221 383 1324 443 sehen,
1337 383 1370 443 ob
1394 384 1463 444 auch
1487 380 1526 440 ein
1551 383 1724 443 Edelmann
1753 389 1892 449 erröthen
1921 391 2001 451 darf,
2014 391 2065 451 das
2089 389 2181 449 Glück

1216 428 1314 488 seiner
1336 431 1527 491 Mitbürger
1550 428 1577 488 zu
1604 429 1784 489 befördern.

1260 473 1338 533 Wer
1363 477 1405 537 ist
1430 476 1479 536 der
1504 476 1699 536 schätzbarste
1718 481 1870 541 Patriot.
1914 484 2115 544 Edward,
2140 485 2188 545 der

1211 525 1438 585 zweyhundert
1454 521 1638 581 Personen,
1655 524 1741 584 durch
1763 530 1876 590 Arbeit
1893 530 1920 590 in
1947 530 2039 590 seinen
2061 533 2185 593 Manu¬

1215 569 1368 629 facturen,
1385 572 1442 632 und
1459 572 1538 632 Ein=
1555 569 1607 629 und
1629 572 1841 632 Ausschiffen,
1858 575 1943 635 durch
1970 577 2038 637 auf=
2049 579 2107 639 und
2135 579 2187 639 ab=

1213 617 1298 677 laden
1323 619 1414 679 seiner
1434 616 1565 676 Waaren
1591 616 1706 676 erhalt,
1722 616 1792 676 oder
1808 619 1858 679 der
1873 619 1933 679 Hr.
1949 622 2064 682 von“*
2085 622 2175 682 dessen

1210 664 1321 724 ganzes
1348 664 1511 724 Verdienst
1529 664 1554 724 in
1582 664 1660 724 einem
1698 667 1952 727 sechzigjährigen
1974 666 2063 726 Leben
2090 671 2169 731 darin

1214 712 1343 772 besteht,
1360 712 1408 772 daß
1436 712 1468 772 er
1491 712 1533 772 ein
1561 710 1653 770 Paar
1675 712 1800 772 tausend
1822 712 2000 772 Rebhüner
2023 714 2044 774 im
2083 716 2179 776 Fluge

1205 760 1390 820 geschossen,
1407 757 1613 817 vierhundert
1630 758 1724 818 Hasen
1757 760 1883 820 gehetzt,
1900 759 1952 819 und
1979 760 2026 820 die
2043 762 2170 822 Bauern

1214 806 1248 866 an
1277 804 1327 864 das
1344 804 1502 864 Halseisen
1531 804 1666 864 schließen
1700 807 1801 867 laßen,
1819 804 1903 864 wenn
1927 804 1960 864 sie
1977 806 2067 866 seinen
2090 808 2180 868 Hun¬

1204 849 1252 909 den
1280 851 1306 911 zu
1334 852 1415 912 nahe
1438 852 1633 912 gekommen.
1694 852 1769 912 Wie
1792 854 1911 914 nützlich
1939 852 1971 912 ist
1993 854 2036 914 ein
2064 855 2172 915 solcher

1214 900 1318 960 Mann
1347 900 1397 960 dem
1430 900 1552 960 Staate
1575 900 1636 960 und
1658 900 1780 960 würdig
1808 900 1852 960 des
1880 903 2108 963 Weihrauchs,
2125 906 2174 966 der

1205 947 1251 1007 ihm
1292 945 1315 1005 in
1344 948 1437 1008 seiner
1461 948 1618 1008 Parochie
1636 948 1781 1008 geopfert
1800 947 1903 1007 wird!

1256 995 1341 1055 Man
1370 997 1437 1057 muß
1466 995 1510 1055 die
1528 998 1702 1058 Handlung
1731 997 1759 1057 so
1788 998 1946 1058 ansehen,
1975 998 2030 1058 wie
2059 998 2098 1058 sie
2127 998 2172 1058 die

1214 1043 1446 1103 Philosophen,
1469 1046 1611 1106 Männer
1634 1046 1684 1106 von
1713 1046 1905 1106 Verstande,
1923 1046 1978 1106 und
2002 1046 2075 1106 gute
2093 1047 2182 1107 Bür¬

1206 1094 1259 1154 ger
1276 1094 1459 1154 betrachten,
1476 1094 1540 1154 aber
1562 1094 1583 1154 im
1622 1094 1740 1154 Staate
1762 1093 1821 1153 muß
1843 1093 1881 1153 sie
1897 1094 1951 1154 alle
1968 1094 2113 1154 Vorzüge
2130 1095 2178 1155 ge¬

1206 1140 1339 1200 nießen,
1356 1141 1400 1201 die
1418 1141 1456 1201 sie
1479 1142 1634 1202 verdient.
1668 1142 1750 1202 Man
1779 1142 1845 1202 muß
1879 1139 1951 1199 alles
1974 1139 2068 1199 thun,
2085 1142 2118 1202 sie
2141 1141 2168 1201 zu

1205 1187 1389 1247 befördern,
1416 1185 1579 1245 besonders
1606 1188 1653 1248 dem
1696 1184 1927 1244 einheimischen
1954 1185 2096 1245 Handel,
2118 1186 2164 1246 den

1203 1231 1481 1291 Manusacturen,
1502 1231 1558 1291 und
1580 1231 1631 1291 der
1647 1231 1755 1291 egnen
1781 1228 1998 1288 Bearbeitung
2029 1228 2075 1288 der
2096 1231 2178 1291 Ma=

1205 1276 1343 1336 terialien
1370 1274 1415 1334 die
1436 1273 1477 1333 ein
1498 1273 1575 1333 Land
1602 1273 1653 1333 hei
1664 1273 1843 1333 vorbringt,
1860 1272 2075 1332 aufzuhelfen.
2112 1275 2173 1335 Je¬

1202 1318 1251 1378 der
1276 1318 1344 1378 gute
1369 1317 1496 1377 Bürger
1521 1315 1585 1375 muß
1619 1317 1702 1377 jedem
1742 1315 1963 1375 rechtschaffnen
1993 1319 2173 1379 Kaufman¬

1198 1360 1233 1420 ne
1260 1360 1316 1420 alle
1332 1360 1461 1420 Achtung
1492 1360 1651 1420 erweisen,
1667 1360 1714 1420 die
1735 1360 1760 1420 er
1781 1360 1827 1420 als
1854 1360 1889 1420 ein
1921 1360 1982 1420 sehr
2004 1364 2163 1424 nützliches

1198 1404 1352 1464 Mitglied
1384 1404 1430 1464 der
1461 1404 1667 1464 bürgerlichen
1694 1406 1900 1466 Gesellschaft
1921 1409 2086 1469 verdient,
2112 1413 2163 1473 der

1200 1452 1226 1512 so
1253 1449 1347 1509 vielen
1379 1452 1543 1512 Menschen
1575 1452 1686 1512 Arbeit
1713 1452 1771 1512 und
1798 1452 1903 1512 Brodt
1925 1454 2025 1514 giebt,
2052 1457 2073 1517 so
2105 1459 2168 1519 viel

1202 1497 1428 1557 Reichthümer
1451 1500 1472 1560 in
1500 1500 1555 1560 das
1578 1503 1654 1563 Land
1677 1501 1781 1561 zieht,
1804 1503 1864 1563 und
1892 1502 1947 1562 das
1981 1503 2162 1563 allgemeine

1202 1548 1294 1608 Beste
1314 1548 1486 1608 befördert.

429 1718 623 1778 Berlin,
648 1718 698 1778 den
736 1718 792 1778 30.
824 1718 917 1778 Jun.

236 1763 373 1823 Neulich
407 1765 534 1825 wurden
567 1763 628 1823 zwo
656 1763 816 1823 Personen
856 1763 916 1823 mit
944 1763 1021 1823 einem
1066 1764 1170 1824 Zettel

190 1808 251 1868 auf
273 1811 318 1871 der
345 1811 458 1871 Brust,
485 1808 541 1868 vor
572 1808 623 1868 dem
670 1805 861 1865 Rathhause
893 1805 944 1865 zur
976 1807 1083 1867 Schau
1120 1811 1171 1871 ge¬

192 1903 348 1963 Schande
361 1901 475 1961 denen,
500 1897 541 1957 die
566 1894 620 1954 das
651 1891 759 1951 Brodt
778 1891 807 1951 zu
838 1891 910 1951 klein
941 1891 1061 1951 backen.

432 1939 606 1999 Erfurt,
633 1938 682 1998 den
721 1936 780 1996 16.
808 1936 900 1996 Jun.

227 1990 299 2050 Die
324 1990 421 2050 dasige
440 1984 630 2044 Kaiserliche
661 1984 941 2044 Postamtzeitung
966 1981 1070 2041 liefert
1089 1984 1161 2044 No.

193 2037 252 2097 70.
274 2037 328 2097 aus
356 2034 404 2094 dem
447 2031 702 2091 hannöverischen
730 2031 876 2091 Magazin
904 2028 1061 2088 folgendes
1083 2025 1164 2085 Mit=

187 2082 251 2142 tel,
272 2082 322 2142 den
353 2079 442 2139 Grad
468 2079 518 2139 der
539 2080 674 2140 Wärme
695 2079 720 2139 in
745 2079 830 2139 einem
866 2079 1006 2139 Zimmer
1037 2076 1062 2136 zu
1092 2075 1162 2135 ver¬

187 2127 337 2187 mehren,
361 2129 442 2189 ohne
466 2127 518 2187 daß
547 2130 652 2190 nöthig
681 2127 745 2187 sey,
769 2129 855 2189 mehr
885 2127 937 2187 als
966 2124 1157 2184 gewöhnlich

186 2172 274 2232 Holz
292 2179 380 2239 darzu
408 2178 436 2238 zu
464 2178 613 2238 nehmen.
664 2177 708 2237 Es
742 2177 874 2237 bestehet
903 2175 1075 2235 darinnen,
1098 2171 1152 2231 daß

184 2228 254 2288 man
288 2229 336 2289 die
364 2229 456 2289 Asche
484 2227 538 2287 von
576 2229 625 2289 dem
674 2226 777 2286 Feuer
805 2226 935 2286 nehme,
963 2223 1022 2283 und
1045 2221 1071 2281 so
1094 2217 1158 2277 viel

186 2274 313 2334 Wasser
330 2276 380 2336 auf
403 2277 530 2337 dieselbe
547 2276 658 2336 gieße,
670 2273 769 2333 damit
792 2273 830 2333 ein
859 2273 930 2333 Teig
953 2268 1064 2328 daraus
1081 2264 1164 2324 wer¬

182 2325 237 2385 de,
247 2327 297 2387 den
323 2327 388 2387 man
420 2324 475 2384 mit
496 2324 546 2384 der
562 2318 799 2378 Feuerschaufel
815 2321 926 2381 knetet.
952 2315 1053 2375 Wenn
1084 2312 1149 2372 man

185 2373 243 2433 nun
271 2375 451 2435 dergleichen
489 2371 600 2431 Masse
627 2366 743 2426 daraus
776 2368 914 2428 gemacht
941 2366 1009 2426 hat,
1042 2358 1153 2418 welche

190 2424 286 2484 jedoch
315 2423 393 2483 nicht
417 2417 580 2477 alzuweich
614 2411 676 2471 seyn
711 2414 806 2474 muß,
835 2415 896 2475 legt
931 2412 992 2472 man
1027 2408 1066 2468 sie
1095 2408 1151 2468 auf

183 2468 238 2528 den
261 2464 383 2524 Heerd,
406 2462 544 2522 zwischen
578 2458 655 2518 zwey
678 2461 906 2521 Brandböcken
934 2461 945 2521 3
973 2458 1017 2518 bis
1045 2456 1056 2516 4
1084 2454 1156 2514 Zoll

186 2514 267 2574 dick,
284 2512 338 2572 und
360 2511 480 2571 machet
502 2509 627 2569 zugleich
660 2506 693 2566 an
726 2509 812 2569 jeder
840 2509 938 2569 Seite
966 2503 1069 2563 längst
1097 2499 1150 2559 den

193 2557 413 2617 Brandböcken
442 2556 458 2616 2
486 2556 579 2616 kleine
602 2551 839 2611 Erhöhungen,
861 2554 894 2614 um
945 2551 988 2611 die
1016 2547 1148 2607 Wärnie

183 2610 360 2670 zusammen
384 2605 411 2665 zu
439 2605 561 2665 halten.
606 2599 750 2659 Sodann
779 2605 845 2665 legt
868 2601 934 2661 man
969 2599 1012 2659 die
1041 2594 1157 2654 Feuer¬

186 2659 310 2719 brände
333 2654 386 2714 und
414 2652 468 2712 das
496 2649 577 2709 Holz
599 2649 653 2709 auf
670 2646 761 2706 diesen
800 2649 1022 2709 solchergestalt
1039 2642 1153 2702 verser¬

179 2711 269 2771 tigten
298 2706 395 2766 nassen
424 2700 544 2760 Heerd,
567 2697 624 2757 und
648 2697 762 2757 zündet
785 2697 836 2757 das
871 2697 968 2757 Feuer
997 2696 1054 2756 an,
1083 2690 1156 2750 wel¬

183 2763 270 2823 ches,
296 2759 320 2819 so
346 2755 414 2815 bald
434 2751 464 2811 es
490 2751 546 2811 nur
565 2748 615 2808 die
634 2748 721 2808 Asche
747 2748 771 2808 zu
797 2748 972 2808 erwärmen
998 2744 1147 2804 anfängt,

1208 1715 1317 1775 immer
1340 1717 1450 1777 stärker
1473 1717 1560 1777 hitzt,
1583 1718 1641 1778 und
1664 1715 1716 1775 das
1739 1718 1870 1778 Zimmer
1886 1715 2047 1775 ungemein
2070 1712 2150 1772 warm

1199 1766 1318 1826 macht.
1364 1764 1437 1824 Legt
1461 1766 1528 1826 man
1551 1763 1647 1823 etwas
1676 1763 1732 1823 von
1773 1766 1954 1826 dergleichen
1989 1766 2164 1826 Aschenteig

1199 1811 1306 1871 hinten
1336 1809 1392 1869 auf
1410 1811 1460 1871 den
1495 1811 1597 1871 Heerd
1621 1811 1722 1871 hinter
1757 1813 1813 1873 das
1842 1813 1939 1873 Holz,
1962 1813 1990 1873 so
2019 1811 2098 1871 wird
2127 1813 2172 1873 die

193 1855 294 1915 stellt,
328 1855 395 1915 auf
418 1852 547 1912 welchem
599 1849 779 1909 geschrieben
819 1846 909 1906 war:
949 1847 1004 1907 das
1039 1849 1078 1909 ist
1107 1851 1157 1911 zur
1197 1850 1332 1910 Wärme
1350 1851 1400 1911 die
1417 1852 1445 1912 er
1468 1852 1574 1912 gerade
1592 1854 1619 1914 in
1643 1855 1693 1915 das
1717 1858 1851 1918 Zimmer
1874 1855 2094 1915 zurücktreibt,
2106 1856 2144 1916 um

1196 1891 1275 1951 desto
1296 1894 1486 1954 merklicher.
1532 1897 1672 1957 Wenige
1697 1897 1812 1957 werden
1838 1900 1867 1960 es
1903 1900 2058 1960 vielleicht
2079 1903 2168 1963 glau¬

1187 1936 1264 1996 ben,
1298 1936 1352 1996 daß
1393 1937 1486 1997 dieses
1525 1941 1647 2001 Mittel
1676 1944 1764 2004 fähig
1798 1945 1858 2005 sey,
1881 1945 1930 2005 die
1953 1945 2042 2005 Hitze
2076 1948 2158 2008 eines

1185 1984 1303 2044 Feuers
1342 1981 1366 2041 zu
1411 1983 1613 2043 vermehren,
1648 1986 1716 2046 noch
1756 1989 1913 2049 weniger,
1943 1987 2001 2047 daß
2036 1990 2070 2050 es
2110 1993 2154 2053 ein

1188 2028 1296 2088 Stück
1317 2027 1362 2087 der
1389 2025 1673 2085 Holzsparsamkeit
1694 2030 1761 2090 sey;
1787 2029 1822 2089 sie
1854 2031 1972 2091 werden
2009 2034 2055 2094 sich
2086 2035 2153 2095 aber

1193 2076 1288 2136 davon
1313 2073 1397 2133 durch
1422 2070 1511 2130 eigne
1536 2073 1722 2133 Erfahrung
1759 2076 1867 2136 besser,
1892 2078 1940 2138 als
1970 2079 2060 2139 durch
2097 2083 2151 2143 alle

1191 2121 1473 2181 Vernunftschlüsse
1499 2118 1689 2178 überführen
1721 2124 1861 2184 können.

1386 2166 1634 2226 Warschau,
1667 2174 1721 2234 den
1759 2174 1827 2234 25.
1859 2175 1952 2235 Jun.

1236 2214 1312 2274 Der
1327 2212 1480 2272 bisherige
1495 2220 1663 2280 Reichstag
1699 2223 1754 2283 hat
1776 2223 1887 2283 endlich
1916 2226 1950 2286 ein
1979 2228 2041 2288 sehr
2063 2227 2154 2287 wich=

1185 2261 1265 2321 tiges
1289 2260 1376 2320 Ende
1394 2261 1555 2321 erreichet.
1603 2268 1648 2328 Am
1695 2270 1851 2330 Freytage
1875 2275 1950 2335 fuhr
1974 2276 2043 2336 man
2078 2276 2141 2336 fort

1192 2309 1236 2369 die
1264 2307 1369 2367 bisher
1403 2312 1619 2372 ausgefallene
1642 2319 1887 2379 Reichsschlüsse
1915 2324 2076 2384 nochmals
2104 2326 2159 2386 zur

1189 2356 1319 2416 gewissen
1348 2358 1557 2418 Bestätigung
1587 2366 1631 2426 den
1666 2369 1819 2429 Ständen
1842 2372 2041 2432 vorzulesen,
2059 2372 2149 2432 dabey

1186 2404 1261 2464 denn
1287 2404 1388 2464 einige
1408 2406 1474 2466 noch
1505 2411 1601 2471 etwas
1627 2417 1778 2477 geändert
1799 2420 1946 2480 wurden,
1966 2417 2062 2477 andre
2083 2418 2153 2478 aber

1189 2453 1245 2513 gar
1265 2450 1345 2510 nicht
1365 2452 1414 2512 zum
1459 2455 1590 2515 vorlesen
1628 2464 1753 2524 kamen,
1773 2464 1828 2524 wie
1854 2464 1885 2524 z.
1904 2464 1954 2524 B.
1980 2464 2004 2524 im
2049 2461 2142 2521 ersten

1186 2497 1309 2557 dienet,
1335 2497 1389 2557 daß
1421 2498 1470 2558 die
1496 2508 1675 2568 Abholung
1706 2512 1756 2572 der
1781 2508 2053 2568 Reichsinsignien
2091 2510 2139 2570 von

1190 2545 1304 2605 Cracau
1334 2545 1385 2605 auf
1409 2548 1454 2608 den
1490 2554 1576 2614 10ten
1606 2557 1720 2617 August
1744 2554 1807 2614 jetzt
1825 2554 1980 2614 festgesetzt
2010 2557 2130 2617 worden

1187 2593 1246 2653 und
1268 2593 1294 2653 im
1333 2596 1467 2656 andern,
1490 2599 1549 2659 daß
1571 2604 1619 2664 der
1647 2604 1798 2664 Entwurf
1820 2602 1922 2662 wegen
1961 2604 2041 2664 einer
2069 2606 2139 2666 nach

1188 2641 1314 2701 Danzig
1338 2642 1366 2702 zu
1396 2647 1569 2707 schickenden
1605 2650 1801 2710 Commission
1836 2646 1917 2706 nicht
1941 2651 2050 2711 wieder
2080 2650 2154 2710 vor¬

1179 2688 1361 2748 gekommen
1384 2690 1439 2750 ist.
1484 2697 1572 2757 Nach
1600 2697 1766 2757 Endigung
1800 2694 1887 2754 dieser
1921 2699 2137 2759 wiederholten

1180 2739 1397 2799 Vorlesungen
1423 2744 1480 2804 und
1500 2748 1718 2808 Rathschlüsse
1731 2745 1859 2805 giengen
1885 2745 1929 2805 die
1949 2745 2147 2805 Unterschrif=
