2479 3508
282 339 319 399 ste
345 339 503 399 Methode
529 336 560 396 um
612 331 661 391 die
694 334 928 394 Verfertigung
960 334 1023 394 und
1056 336 1270 396 Verkaufung

291 383 341 443 der
364 383 480 443 grösten
514 380 637 440 Menge
666 380 715 440 der
738 382 833 442 besten
862 383 984 443 seidnen
1012 382 1135 442 Zeuge,
1164 384 1191 444 in
1219 385 1286 445 die¬

296 431 335 491 sem
380 431 569 491 Königreich
597 428 624 488 zu
653 428 842 488 befördern,
865 431 892 491 zu
926 431 986 491 seyn
1015 431 1148 491 scheine.

509 474 764 534 Warschau,
787 477 836 537 den
871 477 942 537 5ten
983 478 1065 538 Jul.

339 519 405 579 Die
428 524 557 584 Anzahl
574 524 624 584 der
647 525 713 585 hier
736 526 937 586 befindlichen
960 524 1172 584 Herrschaften
1201 524 1272 584 wird

291 572 402 632 immer
430 575 595 635 geringer;
628 572 686 632 wie
708 572 783 632 denn
815 574 858 634 die
885 572 1045 632 Bischöffe
1067 572 1120 632 von
1148 573 1275 633 Pohsen

294 620 358 680 und
388 620 441 680 von
472 622 600 682 Kyow,
625 620 674 680 die
695 621 892 681 Woywoden
927 619 980 679 von
1011 619 1198 679 Sendomir
1223 618 1281 678 und

291 670 350 730 und
384 667 438 727 von
471 670 580 730 Kalisz
608 670 640 730 ad
668 667 799 727 propria
838 667 892 727 und
926 667 980 727 der
1002 670 1275 730 Krongroßschatz

298 720 418 780 meister
442 718 532 778 Graf
551 716 665 776 Wessel
684 718 756 778 nach
781 718 871 778 Piliz
890 717 1064 777 abgereiset
1083 718 1167 778 sind.
1210 713 1264 773 Am
1319 715 1475 775 Nachdem
1519 718 1566 778 der
1591 718 1687 778 Fürst
1706 721 1874 781 Radziwil
1893 722 2050 782 Woywod
2087 724 2140 784 von
2177 721 2303 781 Wildä,

298 769 494 829 verwichnen
532 766 738 826 Donnerstag
765 766 824 826 gab
851 766 898 826 der
920 766 1073 826 Kayserl.
1090 763 1291 823 Abgesandte

299 816 387 876 denen
421 816 548 876 Fürsten
582 813 799 873 Czartoryski
828 813 888 873 und
916 811 1005 871 ihren
1039 813 1199 873 Freunden
1239 809 1282 869 ein

298 861 520 921 Tractement.
568 862 616 922 Am
659 861 822 921 folgenden
844 860 907 920 Tag
940 861 1088 921 befanden
1115 861 1146 921 sie
1163 861 1204 921 sich
1237 859 1289 919 auf

291 910 377 970 einer
399 908 578 968 Conferenz
606 909 676 969 beym
720 907 850 967 Fürsten
884 907 1112 967 Großkanzler
1145 906 1198 966 von
1232 905 1291 965 Lit¬

288 960 431 1020 thauen,
459 957 484 1017 in
517 957 644 1017 welcher
666 955 713 1015 sich
741 954 873 1014 derselbe
900 955 948 1015 dem
986 954 1182 1014 Vernehmen
1215 951 1283 1011 nach

290 1001 428 1061 erkläret
450 1001 545 1061 haben
583 1001 662 1061 soll,
695 1000 753 1060 wie
786 998 833 1058 sich
866 999 961 1059 dessen
988 998 1206 1058 Souveraine
1233 995 1286 1055 gar

296 1049 382 1109 nicht
410 1047 436 1107 in
469 1049 518 1109 das
551 1045 729 1105 pohlnische
752 1043 1011 1103 Wahlgeschäfte
1039 1043 1126 1103 mehr
1159 1043 1283 1103 mischen

293 1097 415 1157 werde.
463 1093 532 1153 Auf
554 1091 714 1151 erhaltene
741 1088 969 1148 anderweitige
986 1088 1086 1148 Ordre
1103 1091 1182 1151 wird
1204 1091 1294 1151 hoch¬

294 1143 455 1203 gedachter
477 1140 644 1200 Gesandte
673 1138 761 1198 nebst
784 1136 834 1196 dem
879 1136 1068 1196 Residenten
1102 1138 1202 1198 seines
1225 1135 1291 1195 Ho¬

293 1192 342 1252 fes
370 1192 467 1252 diesen
495 1190 625 1250 Monat
642 1189 723 1249 ganz
740 1185 842 1245 gewiß
870 1186 924 1246 von
952 1184 1022 1244 hier
1044 1184 1207 1244 abreisen,
1229 1184 1288 1244 wie

290 1240 322 1300 er
355 1240 431 1300 denn
469 1238 551 1298 schon
589 1236 670 1296 seine
693 1234 948 1294 Staatskutsche
976 1232 1035 1292 und
1068 1231 1166 1291 andre
1194 1231 1291 1291 Meu¬

292 1288 355 1348 blen
385 1291 414 1351 zu
444 1288 606 1348 verkaufen
636 1285 857 1345 anbefohlen;
882 1282 916 1342 es
946 1282 1033 1342 sollen
1062 1282 1132 1342 auch
1156 1280 1208 1340 die
1226 1281 1289 1341 hie¬

295 1339 371 1399 sigen
393 1338 573 1398 Gesandten
602 1336 650 1396 von
678 1333 858 1393 Frankreich
881 1333 935 1393 und
963 1333 1110 1393 Spanien
1138 1333 1290 1393 abreisen.

294 1387 359 1447 Auf
376 1387 588 1447 Verordnung
616 1384 665 1444 des
693 1384 972 1444 Großmarschalls
1000 1381 1053 1441 von
1076 1383 1223 1443 Lithauen
1256 1379 1288 1439 ist

291 1434 383 1494 unter
411 1431 465 1491 dem
515 1431 809 1491 Trompetenschall
837 1428 891 1488 der
919 1428 1027 1488 Cours
1066 1428 1142 1488 aller
1170 1428 1180 1488 6
1219 1428 1278 1488 und

296 1485 307 1545 3
335 1482 385 1542 gr.
402 1482 457 1542 von
486 1482 580 1542 Anno
608 1479 713 1539 1763.
731 1478 792 1538 wie
815 1476 887 1536 auch
910 1476 987 1536 aller
1010 1478 1154 1538 Kreutzer
1177 1476 1288 1536 verbo=

289 1527 338 1587 ten
361 1527 511 1587 worden.
562 1527 640 1587 Mit
663 1524 858 1584 Aufbauung
887 1525 936 1585 der
965 1524 1093 1584 hiesigen
1121 1524 1294 1584 Weichsel¬

298 1577 404 1637 brücke
425 1576 499 1636 wird
531 1575 637 1635 fleißig
669 1572 913 1632 fortgefahren,
940 1570 1056 1630 welche
1083 1573 1199 1633 bereits
1231 1572 1283 1632 zur

292 1622 408 1682 Hälfte
426 1622 519 1682 fertig
543 1619 600 1679 ist;
631 1619 677 1679 der
701 1617 951 1677 Wahlschuppen
982 1616 1133 1676 hingegen
1163 1619 1191 1679 zu
1215 1616 1290 1676 Wo¬

296 1667 322 1727 la
345 1667 382 1727 ist
399 1666 513 1726 bereits
541 1662 752 1722 aufgebauet.
802 1659 850 1719 Es
873 1658 910 1718 ist
927 1659 992 1719 hier
1014 1661 1063 1721 die
1085 1661 1161 1721 ganz
1183 1661 1291 1721 zuver¬

294 1712 400 1772 läßige
420 1709 598 1769 Nachricht
618 1703 864 1763 eingegangen,
894 1700 951 1760 daß
986 1700 1111 1760 nachdem
1160 1703 1208 1763 der
1232 1703 1295 1763 Ca¬

305 1756 400 1816 stellan
432 1753 485 1813 von
518 1751 640 1811 Cracau
667 1747 981 1807 Krongroßfeldherr
1008 1745 1125 1805 sowohl
1152 1745 1205 1805 von
1243 1745 1295 1805 de¬

301 1803 356 1863 nen
384 1801 511 1861 übrigen
541 1799 751 1859 Regimenter
774 1793 829 1853 und
852 1793 1046 1853 pohlnischen
1075 1796 1202 1856 Fahnen
1236 1795 1285 1855 als

302 1850 369 1910 auch
398 1849 449 1909 von
478 1849 574 1909 denen
609 1849 619 1909 2
643 1846 813 1906 sächsischen
842 1846 1188 1906 Uhlanenesquadrons
1223 1846 1290 1906 ver¬

293 1901 380 1961 laßen
413 1900 566 1960 worden,
594 1900 709 1960 (einige
737 1894 840 1954 wollen
879 1894 994 1954 sagen,
1021 1894 1075 1954 daß
1103 1897 1196 1957 solche
1224 1896 1278 1956 von

301 1954 371 2014 Sr.
393 1951 470 2011 Erl.
487 1948 655 2008 freywillig
683 1945 825 2005 entlaßen
858 1943 955 2003 sind)
984 1944 1043 2004 und
1076 1943 1207 2003 nachdem
1251 1943 1289 2003 sie

300 2004 349 2064 sich
367 2001 455 2061 unter
478 1998 521 2058 die
539 1993 677 2053 Befehle
695 1993 744 2053 des
767 1990 888 2050 Fürsten
911 1993 1289 2053 Generalregimentarii

301 2049 433 2109 begeben
463 2044 579 2104 haben,
602 2043 630 2103 so
658 2042 696 2102 ist
714 2040 875 2100 gedachter
898 2039 1054 2099 Castellan
1082 2040 1132 2100 von
1166 2038 1282 2098 Cracau

300 2097 390 2157 nebst
412 2094 465 2154 dem
503 2091 630 2151 Fürsten
668 2088 891 2148 Lubomirski,
918 2087 1115 2147 Woywoden
1153 2085 1206 2145 von
1238 2087 1291 2147 Lu¬

296 2145 385 2205 blin,
414 2142 463 2202 dem
509 2136 631 2196 Grafen
660 2136 793 2196 Potocki
816 2133 955 2193 Starost
989 2133 1045 2193 von
1073 2133 1223 2193 Bodgosz
1252 2134 1279 2194 in

293 2191 380 2251 ihrer
403 2187 522 2247 dasigen
551 2183 719 2243 Starostey
747 2178 944 2238 verblieben.
993 2180 1064 2240 Die
1087 2181 1288 2241 primatische

302 2231 518 2291 Universalien
547 2230 569 2290 zu
598 2227 695 2287 denen
725 2223 775 2283 auf
799 2224 844 2284 den
873 2229 976 2289 13sten
1011 2229 1101 2289 dieses
1136 2229 1295 2289 bevorste¬

306 2281 424 2341 henden
447 2270 794 2330 Relationslandtagen
822 2273 876 2333 sind
898 2276 1007 2336 bereits
1034 2276 1088 2336 alle
1105 2275 1289 2335 verschicket,

307 2330 367 2390 auf
389 2326 516 2386 welchen
544 2318 615 2378 aber
639 2318 682 2378 die
700 2318 754 2378 auf
777 2320 820 2380 den
849 2326 1224 2386 Conventionsreichstag
1247 2324 1291 2384 be¬

301 2378 400 2438 liebte
434 2368 643 2428 Constitution
683 2365 765 2425 nicht
794 2367 865 2427 wird
904 2371 959 2431 zum
1004 2372 1175 2432 Vorschein
1208 2374 1291 2434 kom¬

298 2429 394 2489 men,
419 2421 510 2481 indem
553 2415 595 2475 die
620 2413 795 2473 Druckerey
820 2417 917 2477 damit
942 2419 1044 2479 wegen
1082 2420 1166 2480 ihrer
1185 2420 1294 2480 Weit¬

292 2473 482 2533 läuftigkeit
495 2469 577 2529 nicht
590 2463 678 2523 fertig
698 2458 811 2518 werden
838 2462 907 2522 kan.
933 2467 1084 2527 Nachdem
1117 2468 1167 2528 dem
1199 2467 1287 2527 Hrn.

302 2524 382 2584 Aloy
412 2518 599 2578 Residenten
634 2509 680 2569 des
704 2507 849 2567 Prinzen
885 2511 978 2571 Carls
1007 2515 1147 2575 Königl.
1171 2515 1298 2575 Hohei=

298 2571 340 2631 ten
378 2569 433 2629 von
465 2566 538 2626 Sr.
557 2562 705 2622 Durchl.
724 2557 773 2617 dem
817 2554 940 2614 Fürsten
965 2563 1106 2623 Primas
1132 2563 1292 2623 angedeu=

308 2618 351 2678 tet
371 2614 521 2674 worden,
547 2612 571 2672 in
604 2614 641 2674 24
673 2605 824 2665 Stunden
850 2602 1019 2662 Warschau
1052 2610 1082 2670 zu
1114 2608 1290 2668 verlaßen;

307 2667 331 2727 so
362 2661 404 2721 ist
423 2660 558 2720 derselbe
589 2656 791 2716 vorgestern,
816 2648 889 2708 nach
921 2652 1068 2712 Dresden
1105 2657 1289 2717 abgereiset,

301 2712 357 2772 der
381 2709 437 2769 aus
466 2703 664 2763 Petersburg
687 2700 806 2760 anhero
835 2694 1028 2754 retournirte
1051 2703 1118 2763 Hr.
1136 2706 1283 2766 Oskierko

303 2759 526 2819 Mundschenk
563 2754 617 2814 von
648 2751 798 2811 Lithauen
841 2744 884 2804 ist
908 2745 992 2805 nicht
1018 2750 1107 2810 allein
1138 2751 1192 2811 von
1235 2754 1289 2814 der

301 2811 460 2871 rußischen
486 2802 676 2862 Monarchin
708 2802 763 2862 mit
788 2797 867 2857 einer
886 2793 1034 2853 goldenen
1065 2799 1281 2859 brilliantirten

1321 333 1505 393 Tabattiere
1536 337 1708 397 regaliret,
1734 340 1862 400 sondern
1894 338 1948 398 hat
1974 339 2047 399 auch
2085 339 2133 399 für
2165 339 2214 399 den
2245 342 2306 402 Lit¬

1311 380 1473 440 thauschen
1506 386 1950 446 Conföderationsmarschall
1972 386 2020 446 den
2053 383 2118 443 St.
2135 386 2296 446 Andreas=

1312 431 1406 491 orden
1437 430 1661 490 mitgebracht.

1574 478 1745 538 Wilda,
1771 482 1826 542 den
1858 484 1900 544 6.
1925 483 2011 543 Jul.

1390 521 1460 581 Die
1497 527 1762 587 Kapturgerichte
1792 530 1845 590 der
1881 530 2147 590 Woywodschaft
2171 527 2300 587 Wilda,

1313 572 1427 632 welche
1448 572 1479 632 am
1527 575 1656 635 vorigen
1693 578 1859 638 Montage
1886 578 1974 638 ihren
2011 578 2135 638 Anfang
2173 575 2302 635 genom¬

1315 621 1404 681 men,
1429 621 1552 681 werden
1582 622 1631 682 zum
1672 623 1829 683 Beyspiel
1855 625 1928 685 aller
1958 628 2092 688 anderen
2132 625 2220 685 unter
2251 622 2299 682 der

1318 667 1461 727 Aufsicht
1483 667 1530 727 des
1557 670 1726 730 Starosten
1748 675 1965 735 Schunnsky,
1992 676 2118 736 geruhig
2140 673 2299 733 gehalten.

1327 763 1378 823 der
1401 763 1445 823 sich
1474 763 1575 823 einige
1598 766 1665 826 Zeit
1689 766 1716 826 in
1745 766 1840 826 Biala
1869 772 2089 832 aufgehalten,
2123 771 2151 831 in
2180 766 2303 826 Erfah¬

1323 810 1402 870 rung
1429 812 1588 872 gebracht,
1615 812 1668 872 daß
1695 813 1747 873 sein
1779 816 1981 876 Stammgut
2002 816 2161 876 Nieswiez
2183 817 2235 877 und
2257 815 2304 875 die

1327 858 1464 918 Vestung
1498 861 1669 921 Schlincko
1703 861 1757 921 von
1791 864 1884 924 denen
1918 866 2160 926 Conföderirten
2194 864 2298 924 besetzt

1319 906 1446 966 waren,
1468 909 1526 969 hat
1548 909 1574 969 er
1596 909 1616 969 in
1649 909 1696 969 dem
1734 909 1883 969 Gerichte
1910 912 1941 972 zu
1975 914 2117 974 Brzesze
2151 914 2187 974 ein
2225 912 2304 972 Ma¬

1324 951 1415 1011 nifest
1448 954 1539 1014 gegen
1578 954 1626 1014 die
1654 954 1702 1014 ihm
1751 954 1891 1014 entgegen
1929 960 2048 1020 gesetzte
2076 960 2221 1020 Parthey
2254 959 2302 1019 ge¬

1327 998 1445 1058 macht;
1478 998 1504 1058 zu
1532 998 1661 1058 gleicher
1688 998 1763 1058 Zeit
1780 998 1834 1058 hat
1867 1001 2045 1061 erwähnter
2078 1007 2234 1067 Woywod
2267 1006 2293 1066 in

1323 1043 1377 1103 der
1398 1043 1534 1103 Gegend
1560 1043 1721 1103 Terespol
1742 1043 1802 1103 300
1833 1044 1938 1104 Mann
1969 1048 2025 1108 von
2055 1049 2100 1109 den
2126 1052 2292 1112 Trouppen

1324 1088 1372 1148 des
1405 1090 1590 1150 lithauschen
1623 1091 1955 1151 Großschatzmeisters
1983 1094 2211 1154 Reichsgrafen
2244 1097 2292 1157 von

1323 1136 1525 1196 Flemming,
1547 1136 1578 1196 zu
1605 1136 1796 1196 Gefangnen
1824 1142 1982 1202 gemacht,
2004 1142 2062 1202 und
2089 1142 2216 1202 daselbst
2238 1144 2301 1204 eine

1324 1184 1423 1244 große
1446 1184 1668 1244 Contribution
1697 1187 1980 1247 ausgeschrieben.
2026 1190 2097 1250 Die
2121 1192 2231 1252 Hälfte
2254 1190 2303 1250 der

1327 1231 1440 1291 Stadt
1458 1232 1622 1292 Terespol
1640 1233 1673 1293 ist
1702 1234 1787 1294 durch
1816 1235 1895 1295 diese
1924 1237 2048 1297 Ataque
2072 1237 2099 1297 in
2134 1237 2185 1297 die
2214 1237 2303 1297 Asche

1327 1282 1455 1342 geleget
1477 1282 1632 1342 worden.

1681 1282 1754 1342 Der
1786 1285 1878 1345 Fürst
1903 1285 2064 1345 Woywod
2095 1285 2175 1345 setzte
2200 1288 2299 1348 seinen

1324 1333 1454 1393 Marsch
1477 1333 1584 1393 weiter
1608 1333 1681 1393 nach
1704 1333 1812 1393 Stonim
1852 1334 1937 1394 fort;
1966 1336 2107 1396 woselbst
2125 1336 2152 1396 er
2181 1339 2238 1399 auf
2267 1337 2306 1397 ei¬

1325 1381 1401 1441 nige
1431 1382 1649 1442 Mannschaft
1668 1382 1762 1442 stieß,
1787 1384 1839 1444 und
1869 1384 1958 1444 solche
1988 1387 2105 1447 sogleich
2136 1387 2306 1447 ataquirte,

1322 1428 1355 1488 da
1394 1428 1471 1488 diese
1494 1428 1565 1488 aber
1588 1428 1637 1488 sich
1666 1431 1765 1491 einige
1787 1431 1859 1491 Zeit
1882 1432 2003 1492 bestens
2026 1435 2208 1495 gewehret,
2236 1436 2285 1496 kam

1324 1476 1439 1536 endlich
1473 1476 1706 1536 unvermuthet
1729 1479 1906 1539 Succurs;
1935 1482 1990 1542 fiel
2018 1484 2067 1544 dem
2112 1482 2240 1542 Fürsten
2274 1482 2301 1542 in

1326 1524 1407 1584 seine
1429 1524 1509 1584 linke
1531 1526 1693 1586 Flanque,
1710 1527 1845 1587 wodurch
1872 1527 2001 1587 derselbe
2023 1532 2206 1592 genöthiget
2223 1530 2309 1590 wur¬

1323 1570 1381 1630 de,
1408 1572 1465 1632 mit
1483 1572 1720 1632 Zurücklaßung
1753 1575 1827 1635 aller
1848 1575 1996 1635 Canonen
2034 1578 2092 1638 und
2119 1578 2166 1638 der
2188 1579 2309 1639 mehre¬

1328 1613 1379 1673 sten
1410 1616 1544 1676 Bagage
1570 1616 1611 1676 die
1637 1616 1745 1676 Flucht
1761 1619 1791 1679 zu
1817 1616 1967 1676 nehmen.
2024 1619 2096 1679 Von
2127 1622 2219 1682 dieser
2240 1619 2312 1679 Be¬

1323 1661 1493 1721 gebenheit
1516 1658 1665 1718 erwarten
1698 1660 1753 1720 wir
1776 1661 1881 1721 täglich
1909 1664 2052 1724 mehrere
2075 1667 2262 1727 Nachricht.

1630 1759 1987 1819 NRTIANT.

1371 1805 1445 1865 Bey
1480 1807 1533 1867 dem
1582 1809 1739 1869 Verleger
1773 1813 1869 1873 dieser
1897 1817 2025 1877 Zeitung
2053 1819 2094 1879 ist
2122 1824 2149 1884 zu
2184 1825 2305 1885 haben:

1322 1857 1434 1917 Barre
1463 1858 1649 1918 allgemeine
1678 1860 1859 1920 Geschichte
1899 1864 1955 1924 von
1990 1867 2204 1927 Deutschland
2244 1872 2300 1932 vor

1324 1906 1383 1966 und
1411 1906 1475 1966 nach
1503 1908 1688 1968 Errichtung
1721 1909 1769 1969 des
1797 1912 2030 1972 Kayserthums
2053 1914 2102 1974 bis
2124 1919 2183 1979 auf
2205 1921 2313 1981 gegen=

1315 1954 1449 2014 wärtige
1473 1954 1601 2014 Zeiten,
1619 1956 1678 2016 mit
1696 1957 1806 2017 Kupf.
1831 1958 1842 2018 8
1872 1960 2006 2020 Theile,
2030 1961 2070 2021 75
2100 1963 2141 2023 fl.
2194 1966 2304 2026 Nowy

1320 1999 1535 2059 Dykcyonarz
1561 2002 1584 2062 to
1614 2002 1668 2062 jest
1683 2002 1820 2062 Mownik
1850 2008 2305 2068 polſko-niemiecko-fran-

1317 2045 1403 2105 cuſki
1420 2046 1507 2106 przez
1535 2046 1676 2106 Michala
1693 2049 1774 2109 Abr.
1785 2050 1904 2110 Troca,
1921 2055 2024 2115 Tom.
2041 2058 2155 2118 Trzeci
2172 2061 2204 2121 8.
2221 2061 2253 2121 14
2275 2062 2307 2122 fl.

1327 2094 1455 2154 Briefe,
1472 2094 1515 2154 die
1532 2094 1650 2154 neueste
1667 2097 1828 2157 Litteratur
1845 2101 2028 2161 betreffend,
2045 2106 2131 2166 17ter
2148 2110 2260 2170 Theil,
2272 2115 2309 2175 8,

1324 2145 1339 2205 1
1367 2142 1399 2202 fl.
1416 2142 1431 2202 9
1459 2142 1512 2202 gr.
1556 2139 1734 2199 Beyspiele
1757 2142 1811 2202 zur
1833 2147 1978 2207 Bildung
2011 2154 2098 2214 eines
2126 2159 2309 2219 Soldaten,

1323 2190 1402 2250 1stes
1425 2187 1550 2247 Stück,
1573 2187 1612 2247 24
1636 2188 1692 2248 gr.
1744 2190 1869 2250 Briefe
1898 2194 1971 2254 über
2006 2197 2051 2257 die
2080 2202 2199 2262 neueste
2229 2205 2308 2265 Mo¬

1312 2235 1391 2295 ral,
1420 2234 1499 2294 1stes
1535 2234 1665 2294 Stück,
1694 2236 1734 2296 12
1769 2237 1820 2297 gr.
1889 2240 2054 2300 Eleonore
2089 2246 2146 2306 und
2181 2249 2311 2309 Elvire,

1319 2282 1334 2342 2
1373 2282 1618 2342 Trauerspiele,
1651 2284 1704 2344 aus
1738 2285 1786 2345 dem
1825 2285 1928 2345 Engl.
1950 2286 1993 2346 12
2015 2288 2070 2348 gr.
2125 2294 2298 2354 Gedanken

1323 2333 1361 2393 am
1399 2332 1568 2392 Morgen,
1590 2330 1600 2390 9
1633 2330 1687 2390 gr.
1743 2333 1894 2393 Beytrag
1928 2335 1982 2395 zum
2031 2336 2183 2396 deutschen
2211 2343 2313 2403 Thea¬

1321 2379 1385 2439 ter,
1413 2379 1477 2439 3ter
1499 2375 1612 2435 Theil.
1656 2381 1855 2441 Allgemeine
1877 2381 2055 2441 Geschichte
2083 2387 2131 2447 der
2153 2390 2228 2450 Ost=
2245 2392 2298 2452 und

1315 2427 1561 2487 Westindischen
1608 2432 2041 2492 Handlungsgesellschaften
2101 2436 2129 2496 in
2171 2441 2305 2501 Europa

1328 2476 1409 2536 1ster
1438 2476 1495 2536 und
1531 2473 1601 2533 2ter
1625 2475 1752 2535 Theil,
1776 2479 1816 2539 14
1846 2479 1880 2539 fl.

1377 2560 1476 2620 Diese
1493 2559 1664 2619 Zeitungen
1687 2563 1802 2623 werden
1825 2566 1985 2626 Montags
2008 2567 2063 2627 und
2086 2575 2234 2635 Freytags
2251 2575 2284 2635 um

1329 2609 1365 2669 10
1387 2610 1449 2670 Uhr
1471 2605 1672 2665 Vormittags
1693 2609 1720 2669 im
1763 2611 1963 2671 Kanterschen
1990 2617 2169 2677 Buchladen
2196 2621 2312 2681 ausge¬

1317 2657 1431 2717 geben,
1449 2652 1530 2712 allwo
1553 2652 1619 2712 auch
1641 2654 1706 2714 noch
1723 2656 1778 2716 von
1801 2658 1844 2718 den
1872 2659 1998 2719 hiesigen
2026 2664 2102 2724 resp.
2114 2666 2306 2726 Liebhabern

1326 2705 1370 2765 die
1396 2697 1668 2757 Pránumeration
1704 2705 1759 2765 auf
1785 2706 1845 2766 dies
1876 2709 1966 2769 dritte
1987 2712 2133 2772 Quartal
2153 2712 2213 2772 mit
2234 2711 2244 2771 2
2269 2709 2304 2769 fl.

1326 2746 1554 2806 angenommen
1597 2748 1707 2808 wird;
1740 2754 1951 2814 Auswärtige
1984 2757 2052 2817 aber
2079 2757 2216 2817 belieben
2254 2760 2301 2820 sich

1331 2799 1459 2859 deshalb
1480 2793 1533 2853 bey
1554 2796 1628 2856 jedem
1669 2799 1818 2859 Postamt
1833 2802 1920 2862 ihres
1941 2805 2021 2865 Orts
2056 2805 2082 2865 zu
2117 2805 2258 2865 melden.
