2479 3508
391 365 437 425 Er
461 363 512 423 bat
530 363 600 423 auch
630 360 735 420 wegen
764 363 816 423 der
840 361 1166 421 Wiederherstellung
1196 362 1247 422 der

240 369 338 429 gen.

242 414 296 474 dem
340 413 536 473 Reichstage
558 410 727 470 entzognen
755 410 994 470 Ehrenwache.
1055 409 1131 469 Der
1153 413 1251 473 Fürst

249 462 394 522 Primas
430 460 627 520 antwortete
653 459 793 519 darauf,
825 461 964 521 stimmte
996 458 1042 518 ihm
1094 458 1120 518 in
1157 461 1228 521 allem

254 511 338 571 bey,
365 509 423 569 und
445 509 502 569 ließ
535 508 624 568 durch
656 507 709 567 den
736 507 995 567 Kronsecretaire
1022 506 1175 566 Kierski,
1202 509 1244 569 die

245 560 345 620 außer
367 560 415 620 dem
459 557 538 617 schon
565 557 597 617 zu
625 557 677 617 den
705 557 881 617 Landtägen
914 557 1144 617 mitgetheilten
1166 557 1256 617 Pro=

249 607 420 667 positionen
452 607 524 667 nach
551 606 716 666 besonders
743 607 773 667 zu
800 607 898 667 diesem
940 604 1111 664 Reichstag
1143 605 1257 665 aufge¬

255 658 325 718 setzt
347 656 596 716 Propositiones
618 656 694 716 lesen
721 655 781 715 und
809 655 933 715 solvirte
966 654 1009 714 die
1031 655 1166 715 Session
1200 652 1248 712 bis

248 706 307 766 auf
329 706 383 766 den
416 703 573 763 Freytag.
634 706 687 766 Am
732 700 895 760 Freytage
922 703 1041 763 machte
1069 700 1117 760 der
1151 698 1248 758 Fürst

252 753 393 813 Primas
424 754 590 814 bekannt,
615 751 670 811 die
702 751 923 811 Ehrenwache
960 751 1046 811 wäre
1077 751 1138 811 von
1170 748 1224 808 dem
1281 754 1446 814 Ständen
1478 754 1526 814 der
1558 759 1723 819 Republik
1749 760 1797 820 dem
1847 757 1976 817 Fürsten
2013 757 2179 817 Woywod
2217 757 2271 817 von

245 802 603 862 Krongroßmarschall
630 800 795 860 zweymal
829 800 1053 860 abgeschlagen
1101 795 1251 855 worden.

252 855 339 915 Man
376 851 464 911 faßte
495 849 546 909 den
579 849 733 909 Schluß,
760 846 811 906 der
837 849 972 909 Oberste
998 849 1049 909 der
1070 846 1256 906 Kronmar¬

258 903 473 963 schallswache
506 900 667 960 Fournier
700 897 786 957 sollte
819 897 948 957 sogleich
981 897 1137 957 schriftlich
1175 891 1229 951 vom

257 950 378 1010 Senat
405 949 552 1009 beordert
579 943 733 1003 werden,
760 945 806 1005 sich
839 945 966 1005 sogleich
1003 945 1071 1005 hier
1098 942 1256 1002 einzufin¬

244 998 332 1058 den,
358 998 410 1058 den
447 995 514 1055 Eyd
546 992 597 1052 der
629 987 737 1047 Treue
759 991 784 1051 in
821 990 873 1050 die
899 992 1018 1052 Hände
1050 991 1101 1051 des
1138 991 1252 1051 gegen¬

247 1045 404 1105 wärtigen
455 1040 745 1100 Großmarschalls
792 1037 847 1097 von
893 1037 1045 1097 Lithauen
1092 1037 1158 1097 und
1199 1036 1249 1096 des

254 1089 622 1149 Reichstagmarschalls
653 1087 678 1147 zu
710 1085 839 1145 leisten,
866 1084 928 1144 mit
954 1084 1052 1144 seiner
1073 1085 1187 1145 Wache
1218 1083 1259 1143 le¬

254 1142 367 1202 diglich
394 1138 446 1198 von
478 1134 570 1194 diesem
613 1133 820 1193 abzuhängen
852 1133 909 1193 und
941 1130 987 1190 die
1013 1130 1252 1190 gewöhnlichen

257 1189 396 1249 Wachen
422 1184 473 1244 zum
515 1182 706 1242 Reichstage
732 1181 897 1241 ordentlich
924 1178 954 1238 zu
981 1178 1161 1238 besorgen,
1187 1178 1259 1238 wel¬

255 1237 324 1297 ches
352 1237 422 1297 auch
450 1231 568 1291 sogleich
596 1230 769 1290 geschahe,
807 1228 866 1288 und
899 1228 948 1288 die
970 1225 1256 1285 Starostenwache

251 1285 324 1345 that
348 1288 387 1348 ein
417 1283 564 1343 gleiches.
594 1276 668 1336 Der
691 1279 788 1339 Fürst
812 1277 949 1337 Primas
978 1279 1046 1339 that
1069 1276 1172 1336 ferner
1201 1275 1252 1335 den

251 1336 426 1396 Vorschlag
450 1334 484 1394 an
513 1333 563 1393 den
592 1327 934 1387 Krongroßfeldherrn
963 1327 1020 1387 und
1049 1329 1100 1389 dem
1140 1327 1248 1387 Castel

254 1384 300 1444 lan
332 1384 383 1444 von
415 1381 565 1441 Cracau,
597 1380 680 1440 zwey
706 1381 898 1441 Senatoren
935 1379 1173 1439 abzuschicken,
1200 1377 1235 1437 um

249 1433 297 1493 die
319 1431 548 1491 Vereinigung
575 1428 687 1488 welche
709 1428 821 1488 bisher
843 1428 1013 1488 vergeblich
1046 1428 1158 1488 gehoft
1175 1425 1254 1485 wor¬

247 1479 302 1539 den
328 1480 358 1540 zu
384 1479 577 1539 befördern,
598 1476 699 1536 damit
725 1476 791 1536 man
822 1476 888 1536 auch
919 1476 1020 1536 wegen
1051 1476 1101 1536 der
1122 1474 1254 1534 Sicher¬

257 1531 325 1591 heit
342 1527 399 1587 von
427 1527 474 1587 den
506 1527 734 1587 Krontruppen
761 1524 808 1584 sich
835 1524 983 1584 berathen
1010 1524 1148 1584 möchte.
1201 1518 1248 1578 Es

247 1578 358 1638 wurde
385 1575 460 1635 aber
481 1575 527 1635 die
553 1573 685 1633 Session
717 1572 762 1632 bis
793 1574 849 1634 auf
865 1572 915 1632 den
946 1575 1155 1635 Sonnabend
1192 1572 1262 1632 ver¬

250 1625 342 1685 legt,
365 1622 446 1682 weil
463 1622 489 1682 es
517 1622 599 1682 schon
632 1622 839 1682 Nachmittag
872 1619 970 1679 gegen
1003 1620 1019 1680 4
1058 1621 1123 1681 Uhr
1145 1619 1237 1679 gieng

252 1673 317 1733 und
353 1670 433 1730 diese
464 1667 768 1727 Berathschlagung
804 1663 854 1723 bis
890 1664 1011 1724 künftig
1053 1661 1259 1721 ausgesetzet.

246 1717 294 1777 Am
338 1715 551 1775 Sonnabend
581 1712 643 1772 war
673 1710 736 1770 eine
765 1709 833 1769 sehr
858 1709 1003 1769 wichtige
1027 1709 1192 1769 Session,
1212 1704 1255 1764 die

247 1763 304 1823 von
336 1761 351 1821 1
378 1762 445 1822 Uhr
466 1757 706 1817 Nachmittage
728 1754 774 1814 bis
801 1754 894 1814 gegen
921 1754 930 1814 9
962 1754 1030 1814 Uhr
1051 1754 1103 1814 des
1124 1751 1249 1811 Abends

255 1811 406 1871 dauerte.
456 1805 526 1865 Bey
554 1802 651 1862 dieser
674 1804 810 1864 Session
843 1803 924 1863 hielt
941 1802 989 1862 die
1017 1804 1131 1864 vorige
1153 1803 1261 1863 Kron¬

258 1857 556 1917 marschallswache
583 1852 664 1912 schon
698 1852 816 1912 wieder
850 1852 898 1912 die
920 1855 1158 1915 Ehrenwache,
1192 1852 1250 1912 und

260 1909 341 1969 wird
363 1909 454 1969 solche
477 1906 720 1966 wechselsweise
748 1906 808 1966 mit
830 1906 878 1966 der
901 1906 1258 1966 Großmarschallswa¬

257 1963 304 2023 che
326 1961 384 2021 von
411 1960 564 2020 Lithauen
596 1958 718 2018 halten.
772 1954 819 2014 Es
846 1956 951 2016 wurde
973 1957 1073 2017 zuerst
1095 1957 1174 2017 über
1206 1953 1248 2013 die

254 2014 326 2074 erste
353 2011 404 2071 von
436 2011 488 2071 den
514 2008 629 2068 neulich
661 2008 894 2068 vorgetragnen
921 2005 1176 2065 Propositionen
1207 2004 1259 2064 ge¬

249 2064 360 2124 redet,
388 2061 500 2121 welche
527 2055 580 2115 die
607 2055 820 2115 Befestigung
859 2055 917 2115 und
944 2053 1168 2113 Ausbreitung
1201 2051 1254 2111 der

247 2112 421 2172 römischen
449 2109 563 2169 Kirche
591 2106 727 2166 betrift,
760 2103 852 2163 dabey
886 2100 918 2160 es
951 2103 1027 2163 aber
1055 2100 1250 2160 geschwinde

259 2163 380 2223 gieng,
402 2157 533 2217 indem,
560 2154 597 2214 da
629 2153 734 2213 einige
761 2151 855 2211 etwas
893 2149 950 2209 von
993 2149 1040 2209 der
1067 2148 1257 2208 Einschrän¬

257 2208 336 2268 kung
374 2205 421 2265 der
448 2202 669 2262 Protestanten
701 2196 939 2256 vorbrachten,
971 2202 1023 2262 der
1056 2199 1150 2259 Fürst
1177 2198 1256 2258 Pri¬

263 2253 334 2313 mas
368 2249 550 2309 erinnerte,
583 2247 638 2307 daß
672 2245 699 2305 im
743 2243 875 2303 Verfolg
909 2246 1002 2306 dieses
1036 2246 1245 2306 Reichstages

254 2302 300 2362 ein
327 2296 515 2356 besonderer
541 2291 677 2351 Artickel
698 2288 750 2348 von
781 2290 833 2350 den
860 2297 1084 2357 Protestanten
1116 2294 1256 2354 vorkom=

262 2349 329 2409 men
360 2344 470 2404 würde
496 2342 550 2402 und
588 2339 648 2399 also
681 2336 741 2396 nur
773 2336 827 2396 von
865 2341 914 2401 dem
963 2345 1258 2405 Reichstagssecre¬

256 2400 317 2460 tair
341 2395 386 2455 die
410 2389 671 2449 Constitutiones
700 2384 745 2444 die
775 2386 831 2446 von
866 2392 917 2452 der
952 2394 1168 2454 Befestigung
1203 2393 1253 2453 der

257 2447 421 2507 römischen
454 2441 567 2501 Kirche
593 2435 618 2495 in
650 2433 745 2493 diesem
783 2435 878 2495 Reich
910 2442 992 2502 sonst
1018 2442 1150 2502 verfaßt
1176 2440 1258 2500 wor¬

257 2500 341 2560 den,
366 2494 542 2554 vorgelesen
573 2485 731 2545 wurden,
762 2480 816 2540 bey
854 2488 981 2548 welchen
1012 2491 1084 2551 man
1122 2491 1261 2551 verblei¬

261 2547 317 2607 ben
349 2542 467 2602 wollte.
518 2537 605 2597 Man
637 2533 693 2593 fing
725 2530 837 2590 darauf
857 2533 888 2593 an
920 2536 994 2596 über
1014 2539 1063 2599 die
1083 2539 1245 2599 folgenden

265 2591 509 2651 Propositionen
547 2584 647 2644 wegen
685 2581 741 2641 der
767 2581 960 2641 Sicherheit
986 2585 1042 2645 des
1061 2587 1179 2647 Reichs
1218 2587 1242 2647 zu

256 2643 368 2703 reden,
399 2639 458 2699 und
482 2638 535 2698 kam
572 2637 630 2697 auf
649 2635 702 2695 den
732 2629 1094 2689 Krongroßfeldherrn,
1113 2637 1160 2697 der
1185 2635 1249 2695 noch

256 2694 374 2754 immer
398 2686 456 2746 mit
475 2685 575 2745 seinem
617 2682 776 2742 Anhange
795 2679 960 2739 getrennet
978 2682 1096 2742 bliebe,
1120 2683 1172 2743 den
1209 2683 1255 2743 ge¬

251 2739 470 2799 genwärtigen
495 2733 667 2793 Reichstag
697 2728 886 2788 rechtmäßig
917 2727 1089 2787 erkennen,
1102 2733 1154 2793 und
1179 2733 1255 2793 neue

250 2790 472 2850 Universalien
506 2785 533 2845 zu
567 2784 649 2844 einem
700 2778 817 2838 andern
856 2775 1050 2835 Reichstage
1079 2781 1239 2841 ausgehen

249 2839 339 2899 laßen
366 2838 497 2898 wollte,
524 2832 661 2892 wobey,
683 2832 720 2892 da
757 2828 788 2888 er
815 2826 862 2886 die
884 2824 1037 2884 Truppen
1064 2829 1116 2889 der
1138 2829 1249 2889 Krone

243 2888 505 2948 commandirte,
530 2885 564 2945 es
588 2882 681 2942 leicht
705 2882 734 2942 zu
775 2879 938 2939 traurigen
975 2876 1132 2936 Unruhen
1168 2876 1255 2936 kom¬

1275 366 1347 426 men
1386 368 1524 428 könnte,
1558 371 1658 431 daher
1692 371 1763 431 man
1808 371 1863 431 auf
1897 369 2019 429 Mittel
2047 367 2180 427 bedacht
2208 366 2269 426 seyn

1280 413 1414 473 müßte,
1442 416 1549 476 solchen
1583 419 1733 479 Unruhen
1767 419 2010 479 vorzubeugen.
2059 415 2151 475 Nach
2178 415 2270 475 vielen

1276 461 1338 521 und
1375 462 1510 522 heftigen
1542 467 1744 527 Stimmen,
1771 467 1817 527 die
1849 467 1906 527 vom
1954 467 2072 527 Senat
2104 464 2151 524 der
2178 464 2286 524 Kron¬

1280 509 1507 569 großsecretair
1546 512 1685 572 Kierski
1714 515 1779 575 und
1813 516 1874 576 von
1919 516 1969 576 den
2014 514 2191 574 Landboten
2225 512 2279 572 der

1286 560 1634 620 Reichstagssecretair
1658 565 1820 625 Ogrodzki
1832 566 2011 626 sammlete,
2024 566 2076 626 fiel
2088 562 2134 622 der
2152 560 2279 620 Schluß

1276 605 1334 665 von
1372 604 1415 664 31
1442 610 1789 670 Senatorenstimmen
1827 616 1922 676 gegen
1955 614 2003 674 6,
2025 612 2083 672 und
2121 610 2179 670 von
2212 610 2275 670 104

1280 658 1611 718 Landbotenstimmen
1644 663 1736 723 gegen
1764 664 1802 724 3.
1824 664 2019 724 dahinaus,
2052 661 2111 721 daß
2145 658 2198 718 von
2237 657 2285 717 der

1274 703 1330 763 nen
1372 706 1465 766 unter
1502 707 1554 767 dem
1601 709 1720 769 Bande
1751 712 1803 772 der
1835 712 2001 772 Einigkeit
2032 708 2270 768 versammleten

1280 801 1441 861 Rußland
1475 802 1518 862 ein
1558 805 1691 865 Patent
1719 807 1768 867 als
1808 807 2191 867 Generalbefehlshaber
2225 805 2279 865 der

1279 849 1513 909 Krontruppen
1540 852 1668 912 gegeben
1700 855 1854 915 werden,
1876 858 1939 918 und
1967 858 2025 918 alle
2047 855 2275 915 Krontruppen

1279 897 1336 957 von
1373 899 1445 959 dato
1477 898 1507 958 an
1544 900 1637 960 unter
1669 906 1881 966 niemanden,
1908 906 1954 966 als
1986 906 2084 966 seinen
2116 903 2271 963 Befehlen

1284 945 1416 1005 stehen,
1443 945 1469 1005 er
1507 948 1580 1008 auch
1612 951 1739 1011 sogleich
1772 953 1809 1013 an
1841 954 1898 1014 alle
1931 954 2196 1014 Commandeurs
2228 951 2280 1011 der

1280 992 1497 1052 Regimenter
1525 995 1676 1055 schreiben
1710 996 1818 1056 sollte,
1857 997 1910 1057 sich
1944 998 1997 1058 bey
2031 1001 2161 1061 Verlust
2188 998 2275 1058 ihrer

1287 1040 1458 1100 Chargen,
1468 1040 1528 1100 und
1554 1043 1645 1103 unter
1665 1043 1811 1103 schwerer
1837 1042 1938 1102 wegen
1969 1043 2019 1103 des
2040 1049 2276 1109 Ungehorsams

1289 1088 1489 1148 verwurkten
1520 1089 1655 1149 Strafe,
1676 1091 1796 1151 sogleich
1827 1089 1877 1149 bey
1902 1091 1952 1151 ihm
1993 1094 2209 1154 einzufinden,
2219 1096 2274 1156 und

1292 1134 1371 1194 seine
1402 1133 1543 1193 Befehle
1569 1133 1598 1193 zu
1635 1139 1816 1199 erwarten.
1887 1137 2007 1197 Dieses
2038 1138 2169 1198 Patent
2194 1141 2279 1201 ward

1286 1179 1360 1239 auch
1397 1181 1524 1241 sogleich
1562 1184 1779 1244 ausgefertigt
1812 1187 1870 1247 vom
1918 1186 2013 1246 Fürst
2040 1187 2183 1247 Primas
2221 1187 2278 1247 und

1287 1226 1340 1286 dem
1384 1230 1481 1290 Fürst
1509 1231 1884 1291 Reichstagsmarschall
1906 1234 2188 1294 unterschrieben,
2215 1234 2264 1294 dem

1290 1279 1384 1339 Fürst
1406 1279 1561 1339 Woywod
1584 1281 1639 1341 von
1667 1285 1817 1345 Rußland
1845 1285 2044 1345 übergeben,
2062 1283 2111 1343 ihm
2151 1283 2206 1343 auf
2228 1282 2289 1342 die¬

1287 1330 1315 1390 se
1333 1330 1411 1390 neue
1435 1333 1768 1393 Befehlshaberstelle
1791 1334 1842 1394 der
1859 1333 1921 1393 Eyd
1950 1333 2199 1393 abgenommen,
2216 1333 2278 1393 und

1280 1379 1330 1439 von
1364 1381 1408 1441 ihm
1454 1384 1581 1444 sogleich
1610 1384 1654 1444 die
1677 1387 1799 1447 Ordres
1828 1387 1861 1447 an
1889 1387 1945 1447 alle
1968 1387 2185 1447 Regimenter
2208 1385 2286 1445 aus¬

1281 1431 1448 1491 gefertigt.
1509 1434 1582 1494 Die
1619 1433 1750 1493 Session
1794 1437 1902 1497 wurde
1939 1434 2071 1494 hierauf
2102 1437 2149 1497 bis
2186 1437 2282 1497 heute

1282 1479 1440 1539 limitirt.

1535 1529 1709 1589 Thorn,
1733 1533 1791 1593 vom
1838 1536 1902 1596 16.
1931 1536 2035 1596 May.

1323 1574 1370 1634 Am
1414 1578 1623 1638 vergangnen
1656 1581 1816 1641 Freytage
1838 1584 2074 1644 Nachmittags
2107 1581 2278 1641 langten5

1278 1622 1342 1682 mit
1367 1623 1624 1683 Kronartillerie
1649 1627 1802 1687 beladene
1832 1628 1960 1688 Gefäße
2000 1628 2054 1688 von
2099 1628 2272 1688 Warschau

1288 1667 1402 1727 allhier
1426 1667 1488 1727 an,
1517 1667 1574 1727 und
1598 1667 1698 1727 setzten
1727 1672 1750 1732 in
1784 1671 1831 1731 der
1851 1673 1960 1733 Nacht
1980 1671 2013 1731 um
2056 1673 2094 1733 11
2123 1675 2185 1735 Uhr
2209 1673 2280 1733 ihre

1289 1709 1383 1769 Reise
1414 1709 1439 1769 zu
1470 1709 1595 1769 Wasser
1615 1712 1685 1772 nach
1716 1718 1937 1778 Marienburg
1963 1718 2068 1778 weiter
2094 1718 2174 1778 fort.
2199 1718 2279 1778 Das

1286 1757 1381 1817 dabey
1423 1759 1610 1819 befindliche
1641 1761 1702 1821 aus
1738 1765 1819 1825 etwa
1855 1763 1920 1823 100
1961 1765 2073 1825 Mann
2114 1763 2174 1823 von
2216 1766 2266 1826 dem

1287 1812 1706 1872 Kronartillerieregiment
1740 1816 1921 1876 bestehende
1955 1817 2158 1877 Commando
2193 1817 2277 1877 stand

1291 1861 1380 1921 unter
1405 1861 1455 1921 dem
1502 1863 1626 1923 Befehl
1644 1867 1729 1927 eines
1758 1867 1917 1927 Majors.

1594 1990 1952 2050 AVERTISSEMENT

1338 2034 1409 2094 Bey
1438 2039 1495 2099 dem
1539 2037 1696 2097 Verleger
1726 2040 1819 2100 dieser
1848 2040 1984 2100 Zeitung
2014 2040 2057 2100 ist
2086 2040 2114 2100 zu
2151 2037 2287 2097 haben:

1287 2088 1458 2148 Salomo,
1476 2088 1519 2148 ein
1548 2088 1775 2148 Trauerspiel,
1792 2087 1847 2147 von
1870 2088 2053 2148 Klopstock,
2065 2088 2103 2148 8,
2120 2088 2280 2148 Magdeb.

1288 2137 1375 2197 764,
1398 2139 1414 2199 4
1442 2137 1481 2197 fl.
1498 2136 1531 2196 15
1559 2133 1614 2193 gr.
1659 2133 1863 2193 Basedows,
1892 2136 1980 2196 Joh.
2009 2139 2147 2199 Bernh.
2164 2136 2285 2196 metho¬

1286 2184 1399 2244 discher
1430 2183 1615 2243 Unterricht
1631 2181 1682 2241 der
1714 2181 1848 2241 Jugend
1879 2181 1905 2241 in
1941 2183 1992 2243 der
2029 2184 2178 2244 Religion
2215 2186 2271 2246 und

1290 2233 1506 2293 Sittenlehre
1528 2229 1578 2289 der
1601 2229 1789 2289 Vernunft,
1806 2229 1850 2289 8,
1873 2229 1944 2289 Alt.
1956 2229 2045 2289 764,
2067 2231 2078 2291 2
2101 2232 2139 2292 fl.
2162 2231 2278 2291 Dessen

1279 2282 1506 2342 methodischer
1547 2276 1734 2336 Unterricht
1765 2276 1795 2336 in
1841 2276 1896 2336 der
1922 2277 2180 2337 überzeugenden
2226 2278 2281 2338 Er¬

1288 2330 1437 2390 kenntniß
1467 2326 1512 2386 der
1536 2324 1697 2384 biblischen
1732 2327 1904 2387 Religion,
1922 2327 1968 2387 8,
1991 2327 2060 2387 Alt.
2078 2327 2164 2387 764,
2187 2327 2204 2387 3
2222 2329 2256 2389 fl.

1312 2417 1637 2477 Wechsel-Cours
1661 2415 1682 2475 &
1740 2420 1886 2480 Species
1910 2417 1942 2477 d.
1966 2418 2032 2478 24.
2056 2417 2133 2477 Mai
2157 2420 2246 2480 1764

1290 2473 1471 2533 Amsterdam
1505 2470 1544 2530 41
1567 2470 1646 2530 Tage
1680 2475 1816 2535 418gr.
1879 2470 1924 2530 71
1941 2470 2025 2530 Tage
2054 2471 2121 2531 416
2156 2472 2212 2532 gr.

1862 2519 1881 2579 6
1908 2518 1961 2578 W.
1982 2521 2114 2581 181gr.

1291 2522 1463 2582 Hamburg
1494 2518 1577 2578 3W.
1613 2521 1678 2581 182
1697 2521 1749 2581 gr.

1287 2569 1394 2629 Berlin

1744 2569 1911 2629 Dantzig

1288 2620 1429 2680 Ducaten
1458 2615 1533 2675 neue
1558 2614 1590 2674 14
1615 2617 1643 2677 fl.

1800 2617 1937 2677 Alberts
1963 2617 2063 2677 Taler
2082 2620 2100 2680 6
2126 2620 2163 2680 fl.

1294 2667 1408 2727 Rubel
1444 2663 1461 2723 5
1496 2661 1530 2721 fl.

1798 2667 1853 2727 Alt
1865 2664 2009 2724 Polnisch
2037 2664 2108 2724 Geld

1287 2716 1341 2776 Alt
1358 2713 1520 2773 Märcksch
1548 2709 1619 2769 Geld

1829 2715 2077 2775 Graumansch.
2099 2715 2173 2775 Fusz

1293 2802 1392 2862 Diese
1403 2795 1542 2855 Gelehrte
1563 2794 1613 2854 und
1634 2799 1793 2859 Politische
1814 2799 1942 2859 Zeitung
1965 2800 2033 2860 wird
2054 2799 2103 2859 des
2135 2796 2283 2856 Montags

1389 2844 1447 2904 und
1479 2839 1622 2899 Freytags
1644 2840 1664 2900 in
1691 2841 1738 2901 dem
1776 2843 1962 2903 Kanterschen
2000 2842 2169 2902 Buchladen

1668 2882 1890 2942 ausgegeben.
