2479 3508
201 377 303 437 chung
335 377 387 437 der
407 376 566 436 Wünsche
593 372 643 432 der
669 372 835 432 Menschen
875 372 932 432 mit
958 374 1042 434 ihren
1074 374 1189 434 Curen,

204 425 253 485 die
276 425 463 485 Gebräuche
486 419 535 479 der
557 417 728 477 Corsischen
756 421 910 481 Weiber,
938 424 982 484 die
1010 422 1186 482 Geschichte

199 473 255 533 von
282 475 333 535 den
359 470 607 530 Mondbürgern
639 466 695 526 und
722 469 768 529 die
789 473 1021 533 durchgehends
1053 470 1187 530 lebhafte

199 521 400 581 Schreibart
422 516 470 576 des
486 515 602 575 Herren
629 515 804 575 Verfassers
826 521 910 581 ihres
932 521 1086 581 Beyfalls
1108 518 1192 578 nicht

204 569 352 629 unwerth
383 566 485 626 achten
521 563 659 623 dürfen.

723 566 796 626 Der
825 569 944 629 Zehnte
973 565 1075 625 Theil
1092 568 1188 628 gehet

199 614 257 674 vom
300 614 426 674 235sten
453 610 500 670 bis
522 611 574 671 zum
612 610 738 670 260sten
760 616 880 676 Stuck.
929 613 976 673 Er
997 615 1118 675 enthält
1140 612 1182 672 die

203 661 305 721 Curen
337 661 388 721 der
414 661 676 721 Schwindsucht,
697 664 748 724 des
774 664 841 724 St.
862 664 938 724 Veit
960 662 1108 722 Tanzes,
1129 663 1180 723 der

199 708 436 768 Kupferkolik,
459 709 507 769 der
540 712 707 772 Bräune,
730 712 783 772 der
811 712 934 772 Flüsse,
962 714 1048 774 eines
1081 712 1188 772 Scor¬

198 760 409 820 pionstiches,
436 757 487 817 der
509 758 684 818 Epilepsie,
721 760 773 820 der
794 760 969 820 Würmer,
991 760 1042 820 der
1069 760 1197 820 Durch¬

197 807 309 867 läufe,
337 807 385 867 der
418 807 575 867 hitzigen,
597 810 780 870 bösartigen
819 808 872 868 und
905 810 1073 870 faulenden
1106 807 1191 867 Gal¬

198 855 368 915 lenfieber.
416 855 506 915 Man
533 858 628 918 findet
650 858 751 918 ferner
783 858 937 918 darinnen
974 858 1016 918 die
1044 856 1197 916 Abhand¬

199 906 334 966 lungen,
362 903 415 963 von
448 905 497 965 dem
535 908 708 968 Verhalten
736 906 762 966 in
791 906 915 966 hitzigen
948 906 1191 966 Krankheiten;

193 951 251 1011 vom
294 954 464 1014 Gebrauch
491 957 538 1017 des
566 957 708 1017 Leinöhls
736 957 809 1017 beym
847 955 937 1015 Blut
954 954 1091 1014 husten;
1124 954 1182 1014 von

203 1001 256 1061 den
283 1004 525 1064 Betrügereyen
557 1007 604 1067 der
626 1004 869 1064 Goldmacher;
896 1004 954 1064 von
986 1004 1038 1064 der
1065 1004 1186 1064 Ambra

194 1049 226 1109 in
259 1054 486 1114 Wallfischen;
526 1057 585 1117 von
623 1054 671 1114 der
694 1055 944 1115 Verwandlung
977 1052 1031 1112 des
1059 1052 1194 1112 Speise¬

202 1103 294 1163 saftes
316 1103 342 1163 in
370 1105 478 1165 Blut;
506 1103 565 1163 vom
598 1106 760 1166 Gebrauch
793 1103 841 1163 des
858 1103 977 1163 Weins
1000 1103 1026 1163 in
1054 1103 1177 1163 hitzigen

203 1152 445 1212 Krankheiten;
477 1152 528 1212 von
559 1153 605 1213 der
621 1154 791 1214 trüglichen
812 1151 966 1211 Wirkung
993 1151 1039 1211 des
1065 1151 1194 1211 Baum¬

198 1198 272 1258 öhls
298 1198 349 1258 bey
374 1196 642 1256 Vipernstichen;
668 1198 722 1258 vom
764 1198 1020 1258 Mechanismus
1046 1198 1097 1258 der
1117 1197 1192 1257 Ver=

199 1249 328 1309 dauung
357 1246 401 1306 der
424 1246 598 1306 Speisen;
627 1246 677 1306 von
717 1246 762 1306 der
785 1246 1027 1306 Conessirinde;
1056 1246 1112 1306 von
1147 1245 1191 1305 ei=
1225 1246 1343 1306 preuß.
1366 1243 1467 1303 Cour.

1228 370 1281 430 nem
1329 369 1382 429 von
1418 372 1506 432 selbst
1536 372 1755 432 abgefallenen
1786 377 1874 437 Fuß;
1911 377 1964 437 von
2006 374 2058 434 der
2083 374 2230 434 Glaseri¬

1229 420 1304 480 schen
1338 422 1537 482 Blutwage;
1565 419 1618 479 von
1651 422 1699 482 der
1716 426 1894 486 Erziehung
1927 427 1981 487 und
2003 425 2056 485 vom
2095 425 2208 485 Nutzen

1226 468 1454 528 medicinischer
1476 467 1608 527 Bücher
1641 469 1698 529 und
1726 475 1906 535 Arzeneyen
1944 473 1992 533 für
2024 473 2077 533 das
2109 473 2220 533 Volk;

1226 515 1272 575 die
1293 516 1474 576 Geschichte
1500 515 1619 575 sowohl
1640 517 1691 577 der
1712 521 1924 581 ordentlichen
1961 521 2007 581 als
2028 521 2214 581 bösartigen

1227 563 1406 623 Blattern;
1433 566 1499 626 eine
1520 563 1757 623 Beschreibung
1783 568 1834 628 der
1855 569 2072 629 Hungercur;
2103 569 2221 629 Grün¬

1223 610 1252 670 de
1276 611 1333 671 von
1367 613 1415 673 der
1439 613 1665 673 Wiederkunft
1695 612 1747 672 der
1767 616 2123 676 Fieberparoxismen;
2157 615 2209 675 den

1224 661 1357 721 Einfluß
1389 661 1440 721 der
1462 661 1626 721 Erdbeben
1663 661 1688 721 in
1725 661 1776 721 dem
1818 659 2035 719 menschlichen
2066 664 2189 724 Körper

1224 709 1347 769 Klagen
1379 709 1450 769 über
1482 709 1533 769 den
1560 709 1761 769 Ungehorsam
1813 709 1864 769 der
1885 709 2066 769 Kranken;
2098 712 2221 772 Versu¬

1221 757 1273 817 che
1301 759 1364 819 mit
1386 757 1438 817 der
1466 760 1662 820 Polygala;
1705 756 1981 816 Entschuldigung
2014 757 2067 817 der
2094 759 2226 819 Vorur¬

1226 806 1318 866 theile
1344 804 1390 864 des
1417 804 1514 864 Volks
1540 807 1566 867 in
1592 807 1824 867 medicinischen
1855 804 2010 864 Dingen;
2046 807 2138 867 Alter
2165 807 2211 867 der

1229 855 1380 915 Gichtcur
1402 855 1489 915 durch
1516 855 1564 915 die
1586 857 1716 917 Moxa;
1760 855 1884 915 Regeln
1917 855 1987 915 beym
2031 855 2209 915 Blutlaßen

1226 903 1287 963 und
1319 904 1484 964 Purgiren
1521 903 1572 963 zur
1604 905 1877 965 Präfervation;
1919 902 1975 962 vom
2023 903 2136 963 Dunst
2162 902 2213 962 der

1226 951 1395 1011 Ameisen;
1422 954 1480 1014 vom
1523 954 1676 1014 Einflusse
1708 954 1755 1014 der
1782 954 2057 1014 Ausdünstungen
2094 954 2120 1014 in
2152 954 2205 1014 den

1226 1000 1427 1060 moralischen
1453 1004 1629 1064 Charakter
1651 1004 1702 1064 der
1723 1004 1893 1064 Menschen
1930 1004 1966 1064 u.
1987 1004 2017 1064 a.
2039 1004 2085 1064 m.
2137 1000 2214 1060 Der

1229 1049 1339 1109 Traum
1377 1049 1435 1109 von
1462 1051 1514 1111 der
1536 1052 1715 1112 Apotheke,
1748 1052 1800 1112 der
1827 1052 1921 1112 diesen
1960 1052 2059 1112 Theil
2082 1050 2218 1110 eröfnet,

1226 1100 1263 1160 ist
1284 1100 1347 1160 eine
1369 1101 1516 1161 beißende
1543 1100 1690 1160 Satyre.
1749 1100 1869 1160 Beyde
1896 1100 2007 1160 Theile
2034 1100 2207 1160 zusammen

1226 1150 1323 1210 kosten
1354 1150 1380 1210 in
1417 1150 1468 1210 der
1494 1151 1700 1211 Kanterschen
1731 1151 1993 1211 Buchhandlung
2020 1148 2133 1208 allhier
2159 1148 2215 1208 wie

1227 1197 1296 1257 auch
1330 1197 1357 1257 in
1395 1198 1509 1258 Elbing
1547 1197 1606 1257 und
1639 1199 1753 1259 Mitau
1786 1199 1802 1259 4
1835 1200 1867 1260 fl.
1895 1198 1932 1258 15
1966 1198 2019 1258 gr.
2047 1198 2074 1258 in
2107 1196 2199 1256 neuem

425 1393 622 1453 Berlin,
651 1393 705 1453 vom
761 1396 821 1456 31.
849 1396 958 1456 May.

250 1442 316 1502 Die
349 1441 565 1501 Abhandlung
604 1441 659 1501 von
698 1441 747 1501 der
775 1441 930 1501 Cassava,
964 1442 1074 1502 welche
1102 1440 1184 1500 Herr

200 1491 302 1551 Prof.
319 1491 450 1551 Formey
478 1491 532 1551 bey
560 1489 608 1549 der
630 1488 728 1548 letzten
761 1491 897 1551 Sitzung
931 1490 984 1550 der
1017 1491 1186 1551 Academie

197 1541 403 1601 vorgelesen,
425 1539 468 1599 ist
491 1541 533 1601 ein
566 1539 664 1599 Werk
697 1540 745 1600 des
779 1539 887 1599 Doct.
915 1539 1017 1599 Med.
1045 1539 1191 1599 Fermin,

204 1594 330 1654 welcher
353 1593 402 1653 sich
435 1593 539 1653 einige
567 1592 677 1652 Jahre
706 1591 727 1651 in
761 1593 914 1653 Surinam
965 1593 1190 1653 aufgehalten,

200 1646 261 1706 und
290 1643 358 1703 jetzo
387 1643 409 1703 in
444 1643 613 1703 Mastricht
636 1644 686 1704 ist.
733 1642 822 1702 Herr
846 1645 981 1705 Formey
999 1643 1191 1703 überreichte

194 1697 332 1757 zugleich
366 1696 387 1756 in
415 1694 564 1754 derselben
598 1697 735 1757 Sitzung
764 1694 813 1754 der
836 1697 1006 1757 Academie
1029 1694 1073 1754 ein
1095 1693 1183 1753 Buch

198 1742 254 1802 von
291 1748 455 1808 demselben
487 1745 666 1805 Verfasser,
688 1745 847 1805 betittelt:
879 1745 1100 1805 Abhandlung
1127 1742 1183 1802 von

199 1790 250 1850 den
281 1794 451 1854 häufigsten
482 1793 694 1853 Krankheiten
725 1793 750 1853 zu
787 1793 942 1853 Surinam
994 1793 1055 1853 und
1086 1793 1179 1853 denen

201 1840 345 1900 dawider
363 1838 639 1898 gebräuchlichsten
669 1837 917 1897 Hülfsmitteln.

459 1882 614 1942 Basel,
645 1881 697 1941 den
734 1879 795 1939 19.
822 1880 930 1940 May.

250 1933 319 1993 Die
342 1933 362 1993 in
396 1932 504 1992 Lucern
531 1927 682 1987 entderkte
705 1924 926 1984 Conspiration
959 1924 1013 1984 soll
1030 1925 1127 1985 nichts
1143 1924 1191 1984 ge=

194 1984 323 2044 ringers
351 1980 404 2040 zum
444 1976 546 2036 Zweck
568 1975 687 2035 gehabt
710 1972 829 2032 haben,
851 1972 899 2032 als
927 1972 976 2032 den
1003 1972 1187 2032 Magistrat

196 2025 498 2085 niederzumachen,
524 2020 583 2080 und
609 2020 654 2080 die
680 2020 932 2080 Aristocratische
963 2020 1189 2080 Regierungs¬

198 2074 264 2134 form
303 2070 327 2130 in
366 2069 427 2129 eine
457 2070 715 2130 Democratische
745 2070 773 2130 zu
807 2070 1032 2130 verwandeln.
1085 2067 1175 2127 Nach

203 2118 249 2178 der
275 2118 471 2178 Entdeckung
498 2120 528 2180 ist
549 2121 683 2181 daselbst
710 2121 750 2181 ein
782 2121 973 2181 innerlicher
995 2115 1092 2175 Krieg
1124 2115 1190 2175 ent¬

198 2169 340 2229 standen,
367 2167 393 2227 in
420 2169 547 2229 welchen
574 2169 621 2229 sich
658 2172 727 2232 auch
759 2169 949 2229 verschiedne
976 2163 1182 2223 Einwohner

197 2217 256 2277 aus
283 2220 331 2280 den
364 2220 504 2280 Cantons
532 2221 651 2281 Glaris
684 2222 743 2282 und
776 2220 938 2280 Schweitz
960 2215 1111 2275 gemischt
1133 2211 1192 2271 ha=

197 2268 270 2328 ben.
299 2267 344 2327 Es
367 2270 424 2330 hat
447 2270 514 2330 aber
538 2272 582 2332 die
606 2270 793 2330 Regierung
816 2270 849 2330 zu
878 2269 968 2329 Zurch
1003 2264 1099 2324 sofort
1117 2261 1184 2321 eine

191 2318 402 2378 Compagnie
423 2321 624 2381 Cavallerie,
651 2319 707 2379 und
743 2319 789 2379 die
821 2318 1006 2378 Regierung
1033 2315 1058 2375 zu
1089 2312 1176 2372 Bern

194 2366 237 2426 ein
265 2367 367 2427 Corps
395 2369 449 2429 von
482 2369 569 2429 8000
602 2366 705 2426 Mann
738 2366 824 2426 dahin
858 2368 1009 2428 geschickt,
1032 2363 1107 2423 diese
1124 2359 1189 2419 Un¬

197 2414 296 2474 ruhen
319 2417 346 2477 zu
368 2417 534 2477 dämpfen,
562 2417 645 2477 deren
674 2417 867 2477 vornehmste
890 2417 1011 2477 Stifter
1034 2410 1177 2470 ergriffen

198 2461 350 2521 worden.

394 2512 673 2572 Amsterdam,
704 2512 758 2572 den
795 2515 855 2575 19.
880 2515 989 2575 May.

250 2560 563 2620 Privatnachrichten
595 2562 651 2622 aus
672 2560 831 2620 Ostindien
858 2563 997 2623 melden,
1013 2558 1089 2618 daß,
1100 2557 1187 2617 nach=

195 2608 249 2668 dem
285 2608 330 2668 der
350 2611 466 2671 Nabod
491 2608 536 2668 die
557 2611 581 2671 in
602 2609 733 2669 Patnam
763 2611 788 2671 zu
819 2613 1029 2673 Gefangenen
1050 2608 1185 2668 gemach=

196 2658 243 2718 ten
270 2658 476 2718 Engländer,
497 2657 524 2717 in
556 2658 640 2718 einen
667 2658 783 2718 Kerker
804 2661 926 2721 sperren
953 2658 1063 2718 lassen,
1085 2655 1179 2715 dieser

199 2706 333 2766 Tyrann
361 2706 474 2766 darauf
497 2706 637 2766 befohlen
670 2707 772 2767 hätte,
794 2708 848 2768 daß
876 2712 891 2772 2
919 2712 967 2772 von
1000 2710 1086 2770 ihnen
1119 2703 1188 2763 her=

193 2757 256 2817 aus
278 2759 425 2819 gebracht
442 2757 499 2817 und
526 2757 584 2817 auf
600 2757 647 2817 die
669 2757 859 2817 grausamste
891 2760 954 2820 Art
976 2757 1181 2817 hingerichtet

194 2808 318 2868 werden
345 2808 459 2868 solten.
508 2808 567 2868 Aks
595 2808 686 2868 dieses
715 2808 763 2868 die
791 2809 920 2869 übrigen
959 2809 1121 2869 erfahren,
1154 2804 1180 2864 so

199 2861 300 2921 hätten
337 2861 379 2921 sie
403 2861 458 2921 den
494 2861 662 2921 Entschluß
700 2861 916 2921 genommen,
948 2866 995 2926 sich
1038 2863 1092 2923 auf
1122 2860 1176 2920 das

1216 1393 1366 1453 äusserste
1385 1393 1414 1453 zu
1445 1395 1692 1455 vertheidigen;
1718 1395 1772 1455 der
1796 1396 1916 1456 Nabod
1947 1396 2098 1456 hingegen
2129 1399 2213 1459 hätte

1222 1440 1321 1500 sobald
1354 1440 1380 1500 er
1401 1440 1512 1500 solchen
1544 1440 1707 1500 Entschluß
1740 1445 1966 1505 vernommen,
1993 1444 2046 1504 das
2067 1446 2215 1506 Gefäng=

1222 1489 1271 1549 niß
1293 1491 1454 1551 anzunden
1482 1488 1593 1548 lassen,
1616 1490 1648 1550 da
1671 1494 1709 1554 sie
1727 1494 1798 1554 denn
1821 1496 1875 1556 alle
1899 1497 2087 1557 jämmerlich
2110 1494 2220 1554 darin¬

1220 1542 1274 1602 nen
1304 1542 1543 1602 umgekommen
1578 1542 1706 1602 wären.

1362 1593 1430 1653 Aus
1466 1592 1518 1652 dem
1565 1593 1715 1653 Haag,
1745 1596 1802 1656 den
1838 1596 1929 1656 18ten
1965 1594 2075 1654 May.

1279 1636 1320 1696 Jn
1350 1643 1491 1703 Holland
1515 1643 1656 1703 befindet
1675 1643 1721 1703 sich
1745 1643 1792 1703 H.
1804 1643 1939 1703 Gilbert
1952 1643 2087 1703 Gibert,
2111 1643 2222 1703 ehma=

1227 1693 1302 1753 liger
1329 1694 1616 1754 Schiffscanonier
1644 1694 1670 1754 in
1703 1697 1849 1757 Diensten
1882 1696 1931 1756 der
1947 1696 2223 1756 General=Staa=

1222 1743 1292 1803 ten,
1315 1742 1480 1802 welchem,
1497 1745 1524 1805 da
1547 1745 1574 1805 er
1596 1745 1618 1805 im
1657 1747 1777 1807 Dienst
1795 1746 1888 1806 beyde
1905 1748 2003 1808 Arme
2021 1745 2224 1805 eingebüßet,

1224 1790 1279 1850 der
1307 1793 1478 1853 berühmte
1512 1794 1699 1854 Ingenieur
1739 1798 1760 1858 in
1800 1799 2009 1859 Frankreich,
2032 1799 2120 1859 Herr
2148 1796 2225 1856 Lau¬

1222 1837 1309 1897 rent,
1335 1837 1370 1897 an
1402 1837 1484 1897 einem
1525 1840 1540 1900 4
1577 1843 1813 1903 Fingerbreiten
1850 1845 2034 1905 Stumpfen
2071 1843 2127 1903 von
2163 1844 2214 1904 der

1226 1882 1379 1942 Schulter
1404 1881 1487 1941 einen
1523 1885 1666 1945 künstlich
1691 1891 1952 1951 nachgemachten
1977 1891 2036 1951 Arm
2066 1893 2125 1953 und
2155 1891 2219 1951 eine

1223 1927 1317 1987 Hand
1343 1927 1530 1987 angesetzet,
1551 1929 1605 1989 daß
1641 1936 1712 1996 man
1747 1936 1848 1996 nichts
1879 1939 2226 1999 bewundrungswür¬

1224 1972 1309 2032 diges
1340 1972 1532 2032 dergleichen
1568 1975 1648 2035 sehen
1684 1981 1784 2041 kann.

1853 1981 1943 2041 Herr
1977 1981 2105 2041 Gibert
2135 1984 2210 2044 kann

1225 2020 1298 2080 alles
1328 2020 1475 2080 nöthige,
1501 2020 1560 2080 wie
1580 2021 1643 2081 mit
1664 2024 1747 2084 einem
1786 2025 1978 2085 natürlichen
2009 2028 2067 2088 Arm
2117 2031 2220 2091 damit

1218 2067 1413 2127 verrichten.
1472 2064 1545 2124 Der
1573 2069 1683 2129 Prinz
1710 2073 1953 2133 Stadthalter,
1980 2073 2027 2133 dem
2081 2074 2112 2134 er
2144 2076 2212 2136 hier

1219 2115 1410 2175 pråsentiret
1426 2115 1571 2175 worden,
1597 2118 1677 2178 viele
1698 2121 1754 2181 von
1785 2121 1834 2181 den
1860 2123 2011 2183 Gliedern
2037 2124 2082 2184 des
2108 2125 2203 2185 hohen

1220 2165 1332 2225 Raths
1360 2163 1414 2223 und
1442 2166 1555 2226 andere
1577 2171 1755 2231 vornehme
1783 2175 1972 2235 Personen,
1994 2175 2097 2235 haben
2130 2178 2210 2238 diese

1223 2211 1392 2271 Maschine
1415 2214 1471 2274 und
1500 2214 1567 2274 ihre
1590 2223 1844 2283 Verrichtungen
1873 2229 1935 2289 mit
1958 2226 2031 2286 allem
2071 2226 2212 2286 Beyfall

1219 2264 1282 2324 und
1309 2263 1426 2323 großer
1448 2270 1718 2330 Verwunderung
1746 2276 1936 2336 betrachtet.

1462 2318 1648 2378 London,
1672 2324 1729 2384 den
1764 2327 1822 2387 18.
1852 2329 1962 2389 May.

1267 2359 1343 2419 Den
1376 2361 1459 2421 13ten
1492 2369 1613 2429 passirte
1639 2374 1697 2434 das
1723 2378 1903 2438 Oberhaus
1929 2378 2076 2438 folgende
2096 2377 2217 2437 Bills:

1221 2408 1264 2468 1)
1290 2409 1390 2469 wegen
1422 2413 1471 2473 der
1497 2418 1546 2478 auf
1572 2423 1615 2483 die
1641 2426 1785 2486 Einfuhr
1804 2427 1854 2487 des
1880 2426 1992 2486 Hanfs
2024 2424 2079 2484 und
2105 2426 2211 2486 Flach=

1216 2459 1267 2519 ses
1293 2458 1350 2518 aus
1383 2461 1434 2521 den
1466 2473 1799 2533 Großbritannischen
1826 2473 2094 2533 Amerikanischen
2127 2470 2216 2530 Pro¬

1218 2509 1326 2569 vinzen
1365 2512 1396 2572 zu
1435 2516 1588 2576 setzenden
1627 2527 1978 2587 Vergütungsgelder;
2023 2522 2067 2582 2)
2093 2521 2201 2581 wegen

1224 2557 1321 2617 freyer
1348 2563 1484 2623 Einfuhr
1511 2568 1564 2628 des
1584 2575 1812 2635 Europäischen
1846 2571 1970 2631 Salzes
2003 2572 2029 2632 zu
2056 2572 2212 2632 Quebec;

1217 2610 1260 2670 3)
1288 2611 1393 2671 wegen
1427 2620 1654 2680 Vereinigung
1687 2625 1737 2685 des
1771 2622 1864 2682 Forts
1899 2622 1959 2682 und
1993 2622 2042 2682 der
2071 2621 2208 2681 Colonie

1220 2658 1376 2718 Senegal
1396 2662 1459 2722 mit
1479 2667 1528 2727 der
1548 2670 1780 2730 Asrikanischen
1806 2670 2033 2730 Compagnie;
2084 2670 2127 2730 4)
2153 2667 2215 2727 we=

1216 2706 1266 2766 gen
1301 2708 1408 2768 freyer
1437 2716 1590 2776 Ausfuhr
1624 2721 1674 2781 des
1709 2718 1828 2778 Reißes
1863 2717 1918 2777 aus
1953 2718 2106 2778 Carolina
2141 2715 2202 2775 und

1222 2757 1380 2817 Georgien
1409 2763 1481 2823 nach
1505 2765 1555 2825 den
1584 2769 1730 2829 südlichen
1759 2763 2086 2823 Großbritannischen
2115 2760 2210 2820 Ame=

1219 2810 1403 2870 rikanischen
1433 2817 1612 2877 Colonien.
1659 2814 1872 2874 Ueberhaupt
1890 2812 1959 2872 läßt
1977 2811 2023 2871 sich
2052 2813 2115 2873 noch
2145 2808 2196 2868 von

1218 2861 1266 2921 den
1298 2864 1551 2924 Verrichtungen
1582 2870 1631 2930 des
1656 2867 1872 2927 Parlaments
1898 2862 2045 2922 während
2071 2861 2119 2921 der
2145 2861 2199 2921 nun

2116 2913 2218 2973 geon=
