2479 3508
471 353 611 413 Berkin,
639 345 687 405 den
720 343 763 403 5.
790 342 893 402 May.

229 407 336 467 Heute
360 401 467 461 reisete
490 397 541 457 des
565 390 666 450 Herrn
701 389 1058 449 General=Lieutenant
1081 389 1182 449 Frey¬

178 458 268 518 herrn
293 456 322 516 v.
341 449 479 509 Seidlitz
492 440 650 500 Excellenz
669 436 777 496 welche
796 440 850 500 aus
869 443 1026 503 Schlesien
1051 440 1177 500 kamen,

178 507 244 567 hier
271 503 354 563 durch
391 496 463 556 nach
490 485 677 545 Potsdam.

428 536 591 596 Paris,
619 536 667 596 den
706 536 765 596 22.
793 536 907 596 April.

226 597 285 657 Als
313 591 367 651 der
396 586 483 646 Herr
505 583 669 643 Marquis
697 583 730 643 de
758 586 944 646 Marigny,
972 583 1015 643 ein
1043 583 1179 643 Bruder

172 643 220 703 der
248 636 431 696 Marquisin
458 631 517 691 von
545 634 788 694 Pompadour,
821 632 868 692 die
896 632 981 692 Ehre
1004 631 1090 691 hatte
1112 631 1160 691 dem

184 687 307 747 Könige
340 682 578 742 aufzuwarten,
605 682 696 742 wolte
729 682 761 742 er
800 682 826 742 in
865 682 918 742 die
951 682 1069 742 Hände
1097 681 1172 741 Sr.

181 735 273 795 Maj.
295 732 376 792 seine
393 730 506 790 bisher
529 730 691 790 geführten
719 730 849 790 Aemter
877 730 1104 790 niederlegen;
1132 730 1180 790 al¬

181 780 234 840 lein
268 778 316 838 der
339 778 501 838 Monarch
529 781 638 841 befahl
654 778 703 838 ihm
741 779 850 839 selbige
872 779 899 839 zu
932 778 1095 838 behalten,
1117 778 1171 838 und

178 828 270 888 fügte
292 825 373 885 nicht
400 826 460 886 nur
482 828 530 888 als
558 828 601 888 ein
628 828 791 888 Geschenk
819 828 861 888 die
889 828 997 888 schöne
1020 828 1181 888 Eremita¬

175 878 234 938 ge,
256 876 299 936 ein
338 876 581 936 wohlgebautes
614 876 820 936 Landhaus,
848 877 928 937 bey,
962 876 1091 936 welches
1124 875 1172 935 die

177 921 358 981 verstorbne
380 927 566 987 Marquisin
599 924 651 984 von
684 927 908 987 Pampadour
930 924 1073 984 ohnweit
1095 924 1180 984 Ver¬

176 972 281 1032 sailles
304 975 442 1035 gehabt,
465 978 592 1038 sondern
626 975 776 1035 erstreckte
815 975 882 1035 noch
916 975 976 1035 auf
1005 972 1043 1032 15
1082 974 1170 1034 Jahr

176 1016 226 1076 das
252 1020 338 1080 jener
365 1025 558 1085 verwilligte
584 1022 844 1082 ausschliessende
871 1022 1084 1082 Privilegium
1121 1020 1171 1080 von

175 1068 222 1128 der
255 1076 573 1136 Porcellainfabrike
605 1076 637 1136 zu
669 1073 780 1133 Sere,
802 1073 849 1133 die
882 1073 1014 1133 jahrlich
1052 1073 1163 1133 20000

180 1118 285 1178 Livres
318 1124 476 1184 einträgt.
524 1124 730 1184 Jedermann
768 1121 863 1181 redet
885 1121 937 1181 von
974 1121 1022 1181 dem
1070 1121 1164 1181 Muth

177 1170 233 1230 und
270 1170 321 1230 der
353 1172 669 1232 Standhaftigkeit,
695 1172 757 1232 mit
778 1172 902 1232 welchem
955 1169 1001 1229 die
1027 1169 1177 1229 Verstor¬

175 1216 250 1276 bene
273 1218 322 1278 ihr
339 1219 606 1279 herannahendes
634 1215 726 1275 Ende
743 1218 890 1278 gesehen.
940 1213 1010 1273 Die
1032 1219 1185 1279 Umstän¬

176 1266 226 1326 de,
250 1267 362 1327 welche
386 1264 484 1324 davon
513 1264 653 1324 erzählet
677 1264 817 1324 werden,
851 1264 1005 1324 gereichen
1033 1264 1085 1324 zum
1128 1263 1183 1323 Lo¬

175 1312 212 1372 be
236 1312 324 1372 ihres
357 1309 502 1369 Herzens
540 1308 595 1368 und
633 1309 754 1369 machen
787 1308 838 1368 ihr
871 1309 1072 1369 Gedachtnis
1105 1308 1170 1368 sehr

177 1357 299 1417 werth,
323 1357 416 1417 denen
449 1354 496 1414 die
515 1354 566 1414 ihr
590 1351 744 1411 zugethan
773 1351 899 1411 waren.

419 1399 621 1459 London,
656 1398 708 1458 den
748 1396 810 1456 17.
839 1396 950 1456 April.

225 1443 299 1503 Wie
321 1443 389 1503 man
417 1446 596 1506 versichert,
624 1445 645 1505 so
672 1443 745 1503 wird
773 1441 894 1501 ehstens
922 1443 985 1503 eine
1012 1440 1171 1500 gänzliche

175 1494 375 1554 Aufhebung
402 1496 454 1556 der
481 1491 523 1551 bis
550 1494 644 1554 anher
681 1491 707 1551 im
755 1493 944 1553 Schwange
977 1491 1161 1551 gegangnen

532 1545 728 1605 ranquirung
761 1542 808 1602 der
830 1543 947 1603 Briefe
969 1544 1038 1604 statt
1054 1542 1176 1602 finden.

179 1545 408 1605 Gewohnheit
431 1544 481 1604 der

175 1599 245 1659 Die
284 1599 479 1659 öffentlichen
529 1599 714 1659 Einkünfte
747 1596 871 1656 werden
910 1596 1046 1656 dadurch
1085 1596 1165 1656 einen

178 1649 488 1709 außerordentltchen
521 1649 635 1709 Zufluß
663 1648 820 1708 erhalten,
848 1646 1065 1706 verschiedene
1088 1643 1179 1703 Han¬

175 1700 329 1760 delsleute
351 1700 441 1760 aber,
468 1700 553 1760 deren
580 1700 777 1760 inländische
799 1697 1060 1757 Correspondenz
1082 1697 1182 1757 unge¬

178 1749 255 1809 mein
289 1751 360 1811 groß
389 1749 483 1809 war,e
495 1749 578 1809 inige
601 1748 655 1808 100
689 1748 755 1808 Pf.
767 1748 883 1808 Sterl.
895 1748 1022 1808 jährlich
1040 1750 1166 1810 dadurch

176 1799 352 1859 verlieren.
402 1796 480 1856 Den
511 1796 598 1856 11ten
633 1796 726 1856 dieses
756 1793 810 1853 fiel
830 1793 893 1853 hier
918 1795 943 1855 in
973 1796 1080 1856 unsern
1110 1796 1178 1856 Ge¬

180 1846 295 1906 genden
325 1846 366 1906 ein
392 1843 507 1903 starker
538 1843 663 1903 Hagel.
715 1838 785 1898 Bey
825 1840 921 1900 dieser
952 1841 1178 1901 Gelegenheit

175 1894 278 1954 haben
311 1893 413 1953 einige
447 1888 603 1948 Gelehrte
637 1885 669 1945 zu
708 1882 897 1942 Maribon,
930 1885 1016 1945 einem
1061 1888 1174 1948 Dorfe

176 1939 226 1999 bey
255 1939 490 1999 Westmünster
513 1930 670 1990 Versuche
693 1930 878 1990 angestellt,
907 1931 968 1991 und
996 1933 1041 1993 die
1064 1936 1186 1996 electri¬

179 1989 235 2049 sche
264 1986 411 2046 Materie
435 1980 491 2040 aus
514 1978 565 2038 den
594 1975 724 2035 Wolken
753 1978 905 2038 gezogen.
946 1980 1047 2040 Allein
1077 1981 1167 2041 durch

181 2031 217 2091 ein
248 2031 404 2091 Versehen
436 2027 482 2087 der
509 2025 686 2085 Operation
723 2025 816 2085 bekam
863 2025 946 2085 einer
978 2025 1034 2085 von
1072 2028 1164 2088 ihnen

181 2078 265 2138 einen
297 2074 403 2134 solchen
435 2073 556 2133 Stoß,
584 2074 636 2134 daß
668 2076 720 2136 ihm
769 2076 821 2136 das
848 2076 938 2136 Blut
965 2073 1023 2133 aus
1060 2076 1165 2136 Mund

177 2124 240 2184 und
268 2124 357 2184 Nase
374 2123 511 2183 spritzte,
533 2124 564 2184 er
591 2127 664 2187 aller
686 2127 781 2187 seiner
798 2127 914 2187 Sinne
935 2122 1073 2182 beraubt
1089 2121 1173 2181 wur¬

182 2172 242 2232 de,
270 2175 324 2235 und
358 2175 385 2235 es
413 2175 495 2235 nicht
519 2177 568 2237 das
596 2178 717 2238 Ansehn
745 2178 822 2238 hat,
856 2178 911 2238 daß
950 2174 977 2234 er
1011 2172 1071 2232 mit
1099 2174 1148 2234 dem

177 2223 275 2283 Leben
306 2226 409 2286 davon
441 2226 580 2286 kommen
617 2226 714 2286 wird.
767 2226 828 2286 Ein
860 2223 1087 2283 Unbekannter
1119 2223 1170 2283 hat

181 2273 251 2333 Sr.
273 2278 375 2338 Maj.
392 2276 435 2336 ein
468 2276 657 2336 Air=Jacket
680 2274 749 2334 oder
772 2273 950 2333 Luftwams
972 2270 999 2330 zu
1032 2270 1172 2330 überrei¬

176 2327 242 2387 chen
271 2326 320 2386 die
337 2324 426 2384 Ehre
444 2325 615 2385 genossen;
638 2324 721 2384 diese
739 2324 916 2384 Erfindung
945 2319 1000 2379 soll
1017 2318 1066 2378 den
1089 2318 1178 2378 See¬

176 2377 274 2437 leuten
310 2375 388 2435 dazu
419 2375 559 2435 dienen,
590 2373 647 2433 daß
679 2373 741 2433 sie,
772 2375 881 2435 dafern
912 2373 948 2433 sie
980 2368 1031 2428 bey
1068 2367 1150 2427 einem

187 2426 385 2486 Schiffbruch
413 2426 485 2486 oder
507 2423 712 2483 Seegefechte
734 2423 783 2483 ins
806 2423 922 2483 Wasser
944 2423 1049 2483 fallen,
1066 2417 1176 2477 gleich¬

183 2474 273 2534 wohl
290 2476 369 2536 nicht
396 2473 528 2533 ersaufen
560 2470 692 2530 möͤgen.

467 2521 597 2581 Rom,
625 2521 677 2581 den
711 2518 749 2578 9.
777 2518 894 2578 April.

225 2570 320 2630 Zwey
347 2568 480 2628 Schiffe
508 2569 566 2629 von
599 2567 715 2627 Genua
748 2569 806 2629 mit
834 2572 919 2632 einer
946 2568 1074 2628 Ladung
1111 2565 1164 2625 von

179 2620 267 2680 6000
301 2620 355 2680 und
385 2617 450 2677 eins
473 2614 528 2674 von
573 2617 745 2677 Marseille
773 2618 834 2678 mit
863 2620 951 2680 2500
985 2617 1085 2677 Fäßer
1113 2613 1168 2673 von

179 2670 290 2730 Korn,
317 2667 374 2727 sind
401 2666 428 2726 zu
460 2664 672 2724 Civitavechia
694 2666 921 2726 eingelauffen.
959 2664 1028 2724 Die
1049 2661 1176 2721 Stren¬

184 2722 232 2782 ge,
260 2718 367 2778 welche
389 2714 443 2774 bey
470 2714 518 2774 der
535 2712 669 2772 genauen
692 2715 907 2775 Austheilung
929 2716 1020 2776 dieser
1037 2709 1166 2769 Früchte

183 2768 389 2828 nothwendig
411 2765 442 2825 zu
474 2765 538 2825 seyn
565 2763 691 2823 scheint,
713 2766 770 2826 hat
792 2769 940 2829 zuweilen
967 2764 1173 2824 unangeneh¬

183 2823 230 2883 me
255 2820 387 2880 Folgen.
436 2814 574 2874 Neulich
599 2817 707 2877 wolten
737 2817 785 2877 die
804 2820 978 2880 Aufseher,
1003 2820 1056 2880 daß
1087 2817 1165 2877 nicht

1220 342 1294 402 alles
1326 339 1410 399 Volk
1432 339 1558 399 welches
1585 339 1637 399 vom
1680 342 1779 402 Lande
1801 342 1890 402 käme
1912 342 2022 402 Brodt
2039 342 2070 402 zu
2097 342 2212 402 holen,

1215 386 1241 446 in
1273 389 1315 449 die
1342 389 1452 449 Stadt
1469 386 1542 446 solte
1564 386 1690 446 gelassen
1723 386 1865 446 werden.
1913 383 1987 443 Der
2008 388 2113 448 Pabst
2146 389 2203 449 hob

1210 435 1264 495 aus
1292 437 1465 497 Mitleiden
1504 432 1596 492 dieses
1624 434 1749 494 Verbot
1777 439 1847 499 auf,
1875 437 1934 497 und
1962 440 2108 500 entschloß
2136 443 2206 503 sich,

1220 486 1295 546 seine
1318 488 1404 548 eigne
1427 483 1595 543 Ausgaben
1622 484 1802 544 ansehnlich
1830 487 1856 547 zu
1884 488 2068 548 verküͤrzen,
2096 491 2128 551 um
2167 489 2209 549 die

1217 534 1267 594 von
1298 536 1348 596 der
1379 533 1536 593 Kammer
1567 533 1699 593 dadurch
1730 534 1760 594 zu
1791 536 1994 596 erleichtern.
2045 539 2116 599 Aus
2142 539 2192 599 dem

1217 583 1335 643 Schatz
1358 583 1406 643 der
1434 579 1641 639 Engelsburg
1668 580 1754 640 sollen
1788 583 1820 643 zu
1853 583 1907 643 dem
1951 584 2043 644 Ende
2065 584 2200 644 500000

1217 630 1294 690 Thl.
1320 628 1507 688 genommen
1544 625 1688 685 werden.
1741 628 1813 688 Der
1839 632 2088 692 Fruchtmangel
2104 634 2212 694 drückt

1216 682 1275 742 uns
1301 679 1366 739 jetzo
1397 679 1552 739 weniger,
1578 676 1623 736 als
1649 676 1698 736 der
1720 678 1960 738 Geldmangel,
1987 680 2021 740 um
2057 682 2142 742 jenen
2173 685 2197 745 zu

1211 730 1359 790 ersetzen.
1391 727 1465 787 Der
1492 727 1597 787 König
1619 725 1677 785 von
1704 726 1889 786 Sardinien
1921 730 2064 790 ertheilte
2086 730 2202 790 neulich

1212 778 1266 838 dem
1311 775 1421 835 Pabst
1449 775 1498 835 die
1532 775 1714 835 schriftliche
1748 777 2007 837 Versicherung,
2036 778 2096 838 daß
2135 778 2206 838 Se.

1211 825 1303 885 Maj.
1326 825 1489 885 befohlen,
1517 825 1544 885 so
1561 825 1626 885 viel
1643 824 1692 884 als
1715 825 1867 885 möglich,
1884 825 2036 885 Getreide
2059 825 2119 885 aus
2141 829 2217 889 De¬

1206 876 1237 936 ro
1259 873 1383 933 Landen
1415 873 1484 933 nach
1513 875 1565 935 dem
1604 873 1829 933 Kirchenstaat
1851 874 1878 934 zu
1905 876 2055 936 schaffen,
2077 876 2141 936 und
2158 877 2211 937 daß

1212 924 1322 984 solches
1350 921 1419 981 eher
1446 921 1556 981 würde
1578 924 1737 984 geschehen
1765 923 1855 983 seyn,
1877 925 1966 985 wenn
1998 926 2036 986 sie
2068 927 2120 987 von
2158 927 2205 987 der

1212 972 1450 1032 Hungersnoth
1479 974 1589 1034 früher
1612 972 1784 1032 Nachricht
1807 975 1967 1035 erhalten.

1460 1022 1646 1082 Parma,
1679 1022 1739 1082 vom
1783 1022 1821 1082 9.
1849 1025 1963 1085 April.

1255 1067 1326 1127 Der
1348 1070 1512 1130 Rußische
1534 1070 1763 1130 Großkanzler
1785 1072 1878 1132 Graf
1900 1073 1960 1133 von
1993 1073 2211 1133 Woronzow,

1208 1121 1315 1181 langte
1347 1121 1404 1181 mit
1430 1121 1527 1181 seiner
1549 1121 1703 1181 Gemalin
1740 1121 1801 1181 und
1839 1121 1884 1181 der
1916 1123 2035 1183 Gräfin
2061 1124 2210 1184 Stroga¬

1209 1170 1268 1230 now
1313 1172 1416 1232 seiner
1451 1169 1613 1229 Tochter,
1673 1169 1731 1229 den
1771 1169 1840 1229 6ten
1880 1169 1992 1229 allhier
2023 1172 2091 1232 an,
2141 1172 2200 1232 und

1212 1220 1294 1280 hatte
1325 1219 1376 1279 den
1434 1214 1506 1274 7ten
1564 1216 1615 1276 die
1662 1213 1750 1273 Ehre
1797 1214 1848 1274 dem
1916 1216 2086 1276 Infanten
2133 1216 2210 1276 vor¬

1205 1264 1324 1324 gestellt
1354 1263 1383 1323 zu
1423 1261 1572 1321 werden,
1607 1261 1740 1321 welcher
1785 1261 1934 1321 dieselben
2004 1264 2058 1324 zur
2108 1263 2206 1323 Tafel

1205 1309 1344 1369 behielt,
1393 1306 1446 1366 die
1485 1304 1542 1364 aus
1582 1306 1634 1366 den
1678 1306 1899 1366 vornehmsten
1948 1308 2102 1368 Officiers
2141 1309 2198 1369 und

1717 1350 1787 1410 Sie
1830 1354 1967 1414 wohnen
2015 1356 2042 1416 in
2095 1357 2184 1417 einem

1206 1351 1436 1411 Hofcavaliers
1488 1351 1633 1411 bestand.

1212 1396 1355 1456 Pallast,
1384 1396 1516 1456 welcher
1544 1395 1605 1455 auf
1633 1398 1760 1458 Befehl
1783 1400 1871 1460 Ihro
1905 1402 2048 1462 Königl.
2071 1404 2198 1464 Hoheit

1215 1444 1261 1504 für
1282 1443 1322 1503 sie
1338 1443 1514 1503 zubereitet
1530 1443 1679 1503 worden.
1726 1446 1814 1506 Man
1845 1449 1974 1509 glaubt,
1990 1449 2041 1509 daß
2068 1452 2103 1512 sie
2124 1452 2206 1512 mor¬

1206 1494 1251 1554 gen
1281 1494 1352 1554 oder
1378 1494 1584 1554 übermorgen
1615 1494 1686 1554 nach
1712 1497 1899 1557 Mayland,
1919 1498 1974 1558 und
2000 1500 2050 1560 von
2076 1500 2106 1560 da
2127 1503 2192 1563 nach

1208 1542 1293 1602 Wien
1325 1543 1421 1603 gehen
1448 1545 1591 1605 werden,
1608 1545 1661 1605 von
1693 1548 1810 1608 dannen
1838 1548 1906 1608 aber
1923 1549 1986 1609 ihre
2002 1551 2205 1611 Zurückreise

1212 1597 1278 1657 nach
1307 1596 1513 1656 Petersburg
1547 1596 1714 1656 anstellen.

1443 1646 1621 1706 Genua,
1649 1646 1702 1706 vom
1752 1647 1816 1707 2ten
1855 1649 1967 1709 April.

1261 1694 1349 1754 Man
1372 1697 1421 1757 hat
1444 1699 1538 1759 vieles
1561 1700 1816 1760 Silbergeschirr
1833 1700 1888 1760 aus
1917 1703 1966 1763 den
1989 1700 2116 1760 Kirchen
2144 1700 2199 1760 von

1217 1748 1338 1808 Corsica
1367 1748 1422 1808 zum
1461 1750 1605 1810 Verkauf
1628 1751 1744 1811 anhero
1778 1751 1950 1811 gebracht,
1984 1752 2022 1812 um
2067 1751 2123 1811 für
2151 1752 2206 1812 das

1211 1799 1325 1859 daraus
1357 1797 1382 1857 zu
1414 1799 1534 1859 lösende
1560 1799 1643 1859 Geld
1670 1799 1836 1859 Getreyde
1863 1802 1893 1862 zu
1930 1802 2071 1862 kaufen,
2098 1802 2201 1862 woran

1206 1843 1278 1903 man
1307 1842 1374 1902 auch
1408 1843 1479 1903 dort
1494 1843 1609 1903 großen
1638 1846 1787 1906 Mangel
1807 1849 1922 1909 leidet.
1970 1849 2046 1909 Der
2076 1849 2200 1909 elenden

1214 1888 1381 1948 Umstände
1427 1890 1638 1950 ohngeachtet
1668 1894 1791 1954 werden
1836 1894 1885 1954 die
1930 1897 2201 1957 mißvergnügten

1209 1936 1315 1996 Corsen
1346 1936 1457 1996 immer
1483 1936 1646 1996 trotziger.
1692 1942 1804 2002 Heute
1825 1942 1931 2002 erhält
1952 1945 2018 2005 man
2044 1945 2089 2005 die
2105 1948 2211 2008 Nach¬

1210 1984 1307 2044 richt,
1334 1981 1385 2041 daß
1412 1981 1447 2041 sie
1474 1981 1520 2041 sich
1547 1983 1686 2043 Brando
1723 1986 1785 2046 und
1811 1990 2003 2050 Erbalango
2034 1992 2122 2052 durch
2153 1993 2210 2053 Ue¬

1211 2028 1454 2088 berrumpelung
1480 2028 1693 2088 bemächtiget
1710 2031 1841 2091 haben,
1872 2033 1983 2093 welche
2019 2034 2116 2094 beyde
2137 2034 2207 2094 Po¬

1206 2079 1257 2139 sten
1289 2076 1319 2136 um
1362 2076 1388 2136 so
1414 2073 1476 2133 viel
1493 2073 1654 2133 wichtiger
1681 2076 1768 2136 sind,
1796 2078 1873 2138 weil
1889 2077 1925 2137 sie
1947 2079 2009 2139 nur
2030 2082 2045 2142 2
2072 2085 2196 2145 Meilen

1211 2124 1264 2184 von
1296 2123 1412 2183 Bastia
1434 2121 1561 2181 liegen,
1593 2124 1651 2184 so,
1673 2127 1730 2187 daß
1763 2127 1905 2187 gedachte
1927 2130 2038 2190 Stadt
2065 2133 2197 2193 dadurch

1206 2175 1274 2235 sehr
1297 2171 1319 2231 in
1348 2169 1398 2229 die
1416 2172 1506 2232 Enge
1535 2175 1716 2235 gekommen
1745 2178 1796 2238 ist.
1842 2175 1915 2235 Die
1944 2181 2091 2241 Rebellen
2131 2184 2193 2244 sind

1206 2222 1334 2282 hierauf
1351 2219 1423 2279 nach
1452 2219 1502 2279 der
1525 2226 1624 2286 Seite
1647 2229 1703 2289 von
1726 2229 1871 2289 Algajola
1899 2231 2122 2291 fortgerüͤcket,
2140 2234 2200 2294 und

1210 2269 1276 2329 man
1304 2269 1492 2329 befürchtet,
1509 2273 1558 2333 daß
1587 2278 1625 2338 sie
1648 2279 1713 2339 auch
1742 2281 1841 2341 davon
1875 2280 1940 2340 bald
1969 2282 2107 2342 Meister
2129 2285 2190 2345 seyn

1206 2318 1350 2378 werden.
1397 2319 1522 2379 Briefe
1543 2327 1599 2387 aus
1626 2330 1724 2390 Calvi
1751 2330 1802 2390 vom
1844 2330 1916 2390 9ten
1942 2333 2040 2393 dieses
2067 2336 2206 2396 melden,

1210 2366 1259 2426 daß
1287 2366 1331 2426 die
1354 2369 1504 2429 Rebellen
1538 2378 1616 2438 zwey
1644 2381 1777 2441 Mühlen
1812 2381 1989 2441 verbrannt
2012 2384 2134 2444 hätten,
2151 2387 2206 2447 auf

1204 2414 1317 2474 welche
1341 2417 1448 2477 Mehl
1473 2427 1639 2487 gemahlen
1675 2432 1824 2492 worden.
1872 2432 1961 2492 Man
1998 2434 2134 2494 arbeitet
2158 2435 2211 2495 eil¬

1204 2464 1294 2524 fertig
1319 2466 1350 2526 an
1381 2473 1594 2533 Ausrüstung
1625 2481 1710 2541 einer
1729 2479 1863 2539 Galeere
1888 2479 1949 2539 und
1974 2479 2058 2539 einer
2071 2479 2205 2539 Pinque

1209 2512 1322 2572 welche
1353 2517 1418 2577 nach
1449 2524 1569 2584 Corsica
1599 2530 1701 2590 Mehl
1720 2530 1779 2590 und
1804 2530 1917 2590 andern
1942 2530 2080 2590 Vorrath
2111 2530 2200 2590 über=

1210 2566 1336 2626 bringen
1367 2570 1474 2630 sollen.
1523 2577 1601 2637 Die
1620 2579 1764 2639 beyden,
1789 2578 1813 2638 so
1837 2578 1957 2638 letzthin
1982 2581 2054 2641 nach
2079 2579 2193 2639 Bastia

1206 2614 1301 2674 unter
1325 2618 1431 2678 Segel
1456 2627 1645 2687 gegangen,
1670 2629 1734 2689 sind
1759 2629 1912 2689 daselbst,
1943 2629 2001 2689 wie
2032 2629 2102 2689 man
2139 2628 2203 2688 ver¬

1208 2664 1352 2724 nimmt,
1378 2667 1429 2727 den
1461 2673 1527 2733 2ten
1554 2676 1646 2736 dieses
1673 2674 1863 2734 angelangt.

1418 2724 1674 2784 Neapolis,
1698 2724 1749 2784 den
1784 2724 1846 2784 31.
1870 2727 1995 2787 Márz.

1254 2764 1489 2824 Verschiedene
1513 2774 1640 2834 Schiffe
1659 2772 1718 2832 mit
1737 2772 1821 2832 Korn
1852 2772 1912 2832 sind
1943 2775 1990 2835 den
2015 2771 2112 2831 28sten
2142 2769 2202 2829 die=

1207 2818 1249 2878 ses
1275 2819 1385 2879 allhier
1411 2828 1608 2888 angelangt.
1652 2823 1725 2883 Von
1751 2823 1886 2883 300000
1912 2823 2022 2883 Seelen
2054 2820 2103 2880 die
2122 2818 2202 2878 ohn=

2082 2870 2200 2930 gefehr
