2479 3508
478 354 738 414 Warschau,
764 356 812 416 den
849 357 916 417 18.
941 354 1031 414 Jun.

309 405 359 465 Am
405 404 561 464 Freytage
592 401 738 461 meldeten
774 403 824 463 sich
855 402 905 462 die
931 401 1153 461 Verwandten
1194 400 1249 460 des

260 452 461 512 ehemaligen
498 449 705 509 Cracauschen
737 449 885 509 Bischofs
912 449 1092 509 Trzebicki,
1113 449 1187 509 daß,
1214 449 1245 509 da

260 500 294 560 er
330 500 380 560 der
411 494 578 554 Republik
604 494 629 554 so
665 497 730 557 viel
750 497 781 557 in
817 497 866 557 der
892 497 983 557 Noth
1024 496 1246 556 vorgeschossen

269 547 379 607 hätte,
405 545 535 605 welches
562 542 596 602 sie
617 545 667 605 ihm
713 545 778 605 oder
804 545 854 605 den
885 547 1016 607 seinigen
1047 542 1102 602 gut
1122 545 1147 605 zu
1173 545 1248 605 thun

270 595 370 655 öfters
392 591 440 651 sich
467 592 641 652 anheischig
669 593 827 653 gemacht,
855 592 966 652 solches
993 589 1056 649 jetzo
1083 592 1247 652 gutgethan

268 643 392 703 werden
431 640 564 700 möchte.
637 637 684 697 Es
723 638 770 698 kam
823 640 899 700 aber
934 640 981 700 die
1015 637 1163 697 Materie
1192 637 1249 697 von

270 691 471 751 Anordnung
506 688 564 748 und
594 688 805 748 Einrichtung
840 687 889 747 der
924 686 1105 746 Tribunäle
1145 685 1262 745 dazwi¬

271 739 376 799 schen,
402 739 432 799 da
463 739 533 799 denn
570 736 675 796 wegen
707 736 919 796 Großpohlen
950 734 1006 794 das
1032 733 1198 793 Tribunal
1224 730 1249 790 in

274 786 424 846 Peterkau
455 786 516 846 und
542 784 779 844 wechselsweise
805 784 829 844 in
855 784 961 844 Posen
987 782 1047 842 und
1068 781 1249 841 Bromberg

277 835 439 895 festgesetzt
460 831 607 891 worden.
658 831 743 891 Man
769 831 815 891 las
836 831 901 891 noch
927 829 1044 889 sonsten
1075 825 1267 885 verschiedne

270 880 443 940 Entwürfe
463 879 517 939 von
543 877 770 937 Verbesserung
795 879 854 939 und
874 876 1096 936 Erweiterung
1122 876 1171 936 des
1196 872 1259 932 hie¬

272 930 343 990 sigen
375 930 514 990 Königl.
535 927 726 987 Schlosses,
752 924 808 984 von
840 926 886 986 dem
928 921 1160 981 Münzwesen,
1181 921 1263 981 wor¬

273 978 347 1038 über
367 978 416 1038 die
441 975 653 1035 öconomische
678 972 885 1032 Commission
920 972 1126 1032 rathschlagen
1161 969 1264 1029 sollte,

273 1022 327 1082 von
363 1022 446 1082 einer
467 1020 516 1080 dem
556 1019 650 1079 Fürst
665 1016 888 1076 Großkanzler
913 1016 962 1076 von
987 1016 1135 1076 Lithauen
1161 1012 1269 1072 öffent¬

276 1070 330 1130 lich
355 1067 384 1127 zu
415 1064 602 1124 ertheilende
628 1064 829 1124 Belohnung
855 1061 903 1121 für
929 1061 1008 1121 seine
1033 1061 1082 1121 der
1102 1061 1264 1121 Republik

281 1118 315 1178 40
350 1113 438 1173 Jahr
458 1112 531 1172 lang
556 1112 717 1172 erwiesene
743 1108 836 1168 große
856 1109 914 1169 und
939 1107 1022 1167 treue
1047 1106 1194 1166 Dienste,
1214 1106 1258 1166 die

280 1165 309 1225 er
334 1163 398 1223 auch
428 1160 496 1220 jetzo
521 1160 545 1220 so
565 1158 678 1218 heilsam
722 1154 835 1214 leistet,
865 1154 923 1214 und
948 1154 1017 1214 man
1047 1151 1154 1211 vergaß
1189 1151 1257 1211 auch

279 1210 333 1270 der
364 1207 475 1267 Stadt
500 1207 631 1267 Danzig
662 1204 777 1264 wieder
808 1202 903 1262 nicht.
960 1201 1004 1261 Am
1055 1198 1261 1258 Sonnabend

279 1258 402 1318 bestand
429 1258 537 1318 endlich
569 1255 615 1315 der
636 1253 791 1313 Schluß,
818 1250 869 1310 daß
896 1252 947 1312 der
968 1249 1045 1309 neue
1067 1246 1170 1306 König
1201 1245 1268 1305 eine

279 1309 484 1369 Commission
520 1305 590 1365 nach
615 1302 746 1362 Danzig
772 1300 927 1360 ernennen
953 1300 1058 1360 sollte,
1084 1295 1133 1355 die
1154 1294 1269 1354 angeb¬

279 1357 371 1417 lichen
398 1356 557 1416 Eingriffe
584 1351 728 1411 derselben
765 1351 790 1411 in
822 1351 868 1411 die
889 1348 1059 1408 Vorrechte
1091 1345 1142 1405 des
1169 1345 1261 1405 Adels

274 1402 535 1462 einzuschränken
566 1399 621 1459 und
647 1399 878 1459 abzuschaffen.
939 1399 1030 1459 Man
1065 1396 1130 1456 trug
1156 1396 1261 1456 weiter

279 1452 330 1512 dem
377 1449 646 1509 Großinstigater
682 1446 738 1506 von
775 1446 924 1506 Lithauen
962 1445 1049 1505 auf,
1086 1444 1137 1504 den
1173 1442 1266 1502 Fürst

279 1497 474 1557 Radziwill,
490 1494 686 1554 Woywoden
717 1494 774 1554 von
800 1492 908 1552 Wilda
934 1491 990 1551 vor
1017 1491 1063 1551 die
1079 1488 1264 1548 Lithauische

283 1545 533 1605 Conföderation
563 1542 780 1602 vorzuladen,
805 1541 839 1601 um
883 1542 947 1602 Red
977 1539 1035 1599 und
1061 1536 1213 1596 Antwort
1233 1537 1262 1597 zu

280 1593 407 1653 geben,
432 1593 491 1653 mit
511 1591 574 1651 was
604 1590 653 1650 für
678 1590 776 1650 Recht
806 1587 829 1647 er
855 1587 899 1647 die
924 1586 1001 1646 zwey
1031 1586 1267 1646 Ordinatgüter

275 1639 380 1699 Olyka
406 1637 466 1697 und
492 1636 664 1696 Nieswicz
685 1634 800 1694 besitze,
831 1631 886 1691 und
912 1631 983 1691 man
1009 1631 1079 1691 trug
1105 1631 1155 1691 dem
1191 1628 1276 1688 Feld¬

282 1682 375 1742 herrn
404 1682 454 1742 von
483 1679 631 1739 Lithauen
665 1678 748 1738 auf,
777 1674 823 1734 die
856 1673 1084 1733 Radziwilsche
1113 1670 1261 1730 Truppen

289 1727 336 1787 als
360 1724 431 1784 loses
460 1721 612 1781 Gesindel
637 1720 760 1780 überall
780 1716 1018 1776 aufzufangen,
1047 1715 1104 1775 und
1138 1712 1185 1772 sich
1219 1711 1275 1771 sei¬

283 1772 337 1832 ner
362 1766 451 1826 festen
486 1766 600 1826 Plätze
630 1763 659 1823 zu
689 1761 926 1821 bemächtigen.
991 1760 1134 1820 Darauf
1159 1758 1263 1818 trugen

290 1817 337 1877 die
359 1815 537 1875 Landboten
569 1811 779 1871 verschiedner
801 1809 1090 1869 Woywodschaften
1127 1809 1195 1869 ihre
1227 1808 1274 1868 be¬

291 1864 417 1924 sondere
439 1863 724 1923 Angelegenheiten
756 1860 835 1920 vor,
862 1860 919 1920 und
952 1861 1131 1921 verlangten
1168 1858 1279 1918 beson¬

291 1914 360 1974 ders
388 1913 431 1973 die
454 1912 605 1972 Decimen
633 1912 681 1972 für
703 1912 746 1972 die
768 1912 958 1972 Geistlichen
985 1909 1218 1969 eingeschränkt
1241 1909 1267 1969 zu

289 1963 399 2023 sehen,
425 1962 587 2022 worinnen
618 1960 653 2020 sie
674 1960 729 2020 fast
755 1957 815 2017 von
851 1960 926 2020 allen
968 1960 1170 2020 unterstützet
1196 1956 1281 2016 wur¬

290 2014 372 2074 den,
398 2011 444 2071 die
471 2011 537 2071 noch
564 2011 635 2071 dazu
662 2008 718 2068 auf
749 2006 796 2066 die
817 2008 1074 2068 Einschränkung
1106 2005 1157 2065 der
1189 2005 1281 2065 geist¬

290 2061 382 2121 lichen
408 2057 557 2117 Gerichte
579 2057 748 2117 drungen,
774 2055 826 2115 so,
852 2054 908 2114 daß
945 2055 995 2115 der
1017 2052 1109 2112 Fürst
1131 2052 1269 2112 Primas

290 2104 354 2164 mit
380 2106 430 2166 den
466 2103 631 2163 Bischöfen
667 2103 837 2163 aufstund,
868 2103 932 2163 und
963 2100 1018 2160 aus
1054 2100 1098 2160 der
1129 2099 1264 2159 Session

294 2157 404 2217 gieng,
421 2155 468 2215 die
489 2154 605 2214 darauf
627 2150 790 2210 aufhörte.
828 2148 896 2208 Die
917 2150 1006 2210 gegen
1039 2148 1086 2208 den
1118 2147 1265 2207 Castellan

293 2203 342 2263 von
378 2199 502 2259 Cracau
542 2199 601 2259 und
627 2193 965 2253 Krongroßfeldherrn
1001 2196 1278 2256 zurückgebliebne

294 2243 462 2303 Generals
490 2243 644 2303 Ronicker
663 2239 723 2299 und
751 2240 905 2300 Branicki
924 2243 1021 2303 haben
1050 2243 1162 2303 wieder
1190 2241 1268 2301 einen

299 2291 430 2351 scharfen
457 2288 578 2348 Angrif
605 2284 657 2344 auf
679 2284 726 2344 die
758 2285 805 2345 bey
843 2289 890 2349 dem
927 2294 1080 2354 Castellan
1117 2291 1169 2351 von
1202 2290 1280 2350 Cra¬

296 2339 350 2399 cau
376 2334 557 2394 befindliche
583 2330 728 2390 Truppen
759 2335 915 2395 gemacht,
940 2339 1040 2399 wobey
1067 2339 1146 2399 viele
1167 2336 1282 2396 geblie¬

291 2385 350 2445 ben
378 2385 436 2445 und
464 2381 643 2441 gefangen,
671 2380 730 2440 und
758 2380 806 2440 der
828 2387 975 2447 Castellan
1002 2387 1056 2447 von
1089 2384 1208 2444 Cracau
1236 2384 1284 2444 ge¬

300 2436 427 2496 nöthigt
450 2429 594 2489 worden,
611 2424 655 2484 sich
683 2426 749 2486 noch
778 2429 878 2489 weiter
906 2435 972 2495 nach
1000 2436 1050 2496 der
1073 2433 1272 2493 Ungarischen

304 2482 433 2542 Gränze
467 2481 537 2541 nach
575 2474 710 2534 Krasno
744 2479 1026 2539 zurückzuziehen,
1064 2480 1118 2540 bey
1151 2479 1280 2539 welcher

303 2533 518 2593 Gelegenheit
541 2526 617 2586 seine
635 2519 728 2579 ganze
745 2522 905 2582 Equipage
922 2530 1115 2590 aufgehoben
1138 2529 1281 2589 worden.

306 2580 388 2640 Man
417 2581 544 2641 glaubt,
566 2576 622 2636 daß
650 2570 715 2630 noch
750 2566 821 2626 diese
844 2572 954 2632 Woche
983 2575 1027 2635 der
1050 2575 1221 2635 Reichstag
1249 2575 1276 2635 zu

298 2623 391 2683 Ende
414 2626 501 2686 gehen
535 2626 607 2686 soll.
651 2619 778 2679 Damit
801 2614 855 2674 wir
878 2618 933 2678 nun
961 2623 1060 2683 nichts
1083 2625 1287 2685 dahingehö¬

299 2673 388 2733 riges
410 2671 589 2731 auslassen,
611 2669 637 2729 so
658 2666 769 2726 wollen
802 2661 859 2721 wir
881 2665 949 2725 noch
987 2670 1181 2730 nachholen,
1219 2673 1276 2733 daß

294 2723 394 2783 außer
422 2721 469 2781 den
507 2718 586 2778 schon
624 2715 820 2775 angezeigten
863 2718 1187 2778 Manifestationen,
1235 2719 1282 2779 die

296 2771 396 2831 wider
417 2766 512 2826 diesen
544 2764 710 2824 Reichstag
740 2760 917 2820 ergangen,
943 2763 1008 2823 auch
1039 2766 1205 2826 besonders
1231 2767 1281 2827 der

297 2814 691 2874 Krongroßvorschneider
726 2808 997 2868 Malachowski,
1026 2812 1075 2872 als
1109 2814 1281 2874 gewesener

295 2867 372 2927 alter
395 2861 779 2921 Reichstagsmarschall,
797 2858 885 2918 gleich
908 2858 1030 2918 damals
1053 2861 1091 2921 ein
1125 2861 1286 2921 Manifest

1284 357 1426 417 dawider
1464 363 1650 423 eingelegt,
1683 366 1756 426 auch
1794 363 1849 423 der
1882 363 2273 423 Krongroßmundschenk

1288 404 1398 464 Chacki
1431 404 1518 464 nébst
1552 407 1589 467 14
1629 412 1842 472 verschiednen
1881 407 2083 467 Landboten.

2150 411 2205 471 So
2237 416 2273 476 ist

1288 455 1358 515 noch
1386 452 1412 512 zu
1445 452 1531 512 Ende
1553 452 1601 512 des
1629 458 1752 518 vorigen
1780 460 1904 520 Jahres
1932 455 1985 515 von
2023 457 2071 517 der
2094 458 2271 518 Chatorys¬

1284 500 1394 560 kischen
1426 501 1558 561 Familie
1585 503 1633 563 der
1660 508 1881 568 Großnotaire
1903 506 1956 566 von
1983 506 2157 566 Lithauen,
2179 511 2273 571 Graf

1292 548 1431 608 Oginski
1448 548 1497 608 als
1525 551 1703 611 Gesandter
1725 555 1795 615 nach
1828 554 2033 614 Petersburg
2066 557 2266 617 abgegangen

1290 598 1416 658 welcher
1442 598 1508 658 jetzo
1534 598 1584 658 von
1615 598 1681 658 dort
1706 604 1853 664 abreiset,
1880 604 1950 664 aber
1976 604 2057 664 nicht
2078 604 2144 664 nach
2175 606 2276 666 Polen

1298 646 1416 706 sondern
1449 646 1513 706 nach
1541 649 1718 709 Frankreich
1746 652 1859 712 gehet,
1887 652 1961 712 dazu
1989 652 2042 712 zur
2065 655 2275 715 Gesellschaft

1289 691 1336 751 ihm
1379 692 1453 752 seine
1475 693 1660 753 Gemalin,
1692 698 1761 758 eine
1788 697 1920 757 Tochter
1947 697 2000 757 des
2027 705 2270 765 Großkanzlers

1295 740 1347 800 von
1372 742 1543 802 Lithauen,
1567 743 1779 803 Chatoryski,
1792 746 1815 806 in
1839 746 1957 806 einigen
1988 748 2093 808 Tagen
2124 754 2176 814 von
2206 753 2270 813 hier

1292 786 1342 846 bis
1365 789 1569 849 Königsberg
1604 792 1750 852 entgegen
1774 792 1864 852 reisen
1893 795 1988 855 wird.

1576 837 1722 897 Riga,
1746 840 1792 900 den
1828 843 1868 903 5.
1898 843 1991 903 Jun.

1337 878 1412 938 Der
1430 883 1546 943 letztere
1576 887 1710 947 Courier
1734 888 1786 948 hat
1810 888 1867 948 uns
1898 891 1944 951 die
1962 894 2096 954 Zeitung
2119 894 2282 954 gebracht,

1295 930 1348 990 daß
1375 930 1485 990 unsere
1507 933 1744 993 allergnädigste
1771 936 1919 996 Kayserin
1956 942 2008 1002 den
2036 942 2135 1002 20sten
2178 942 2267 1002 dieses

1298 978 1464 1038 Monats,
1490 978 1555 1038 nach
1591 978 1666 1038 altem
1717 978 1828 1038 Styl,
1859 986 2081 1046 aufzubrechen
2117 990 2268 1050 gesonnen

1296 1020 1375 1080 sind.
1421 1019 1494 1079 Sie
1523 1022 1619 1082 gehen
1654 1025 1727 1085 über
1756 1025 1870 1085 Reval
1893 1027 1955 1087 und
1984 1034 2120 1094 Pernau
2155 1037 2279 1097 hieher.

1300 1067 1396 1127 Unsre
1419 1067 1526 1127 Stadt
1544 1068 1634 1128 giebt
1657 1067 1702 1127 sich
1725 1070 1787 1130 alle
1805 1072 1934 1132 Mühe,
1958 1076 2036 1136 diese
2060 1080 2189 1140 gesalbte
2207 1084 2280 1144 Lan¬

1298 1114 1473 1174 desmutter
1494 1115 1599 1175 festlich
1624 1116 1654 1176 zu
1680 1120 1896 1180 empfangen,
1927 1121 1981 1181 und
2007 1123 2037 1183 es
2068 1123 2127 1183 sind
2158 1127 2273 1187 bereits

1298 1159 1392 1219 theils
1419 1160 1514 1220 außer
1536 1162 1584 1222 der
1611 1163 1715 1223 Stadt
1738 1166 1832 1226 theils
1859 1169 2023 1229 innerhalb
2050 1172 2198 1232 derselben
2225 1174 2288 1234 Eh¬

1301 1204 1472 1264 renpforten
1508 1209 1563 1269 mit
1584 1210 1766 1270 sinnreichen
1797 1216 2034 1276 Verzierungen
2065 1221 2282 1281 aufgerichtet.

1303 1255 1362 1315 Die
1390 1255 1477 1315 Liebe
1504 1258 1574 1318 aller
1597 1261 1814 1321 Unterthanen
1852 1263 1928 1323 wird
1961 1267 2053 1327 willig
2086 1267 2184 1327 seyn,
2206 1270 2276 1330 noch

1299 1305 1386 1365 mehr
1409 1307 1436 1367 in
1465 1309 1552 1369 ihrer
1575 1309 1691 1369 Freude
1725 1312 1774 1372 für
1808 1312 1874 1372 eine
1897 1318 2090 1378 Monarchin
2124 1318 2157 1378 zu
2191 1318 2284 1378 thun,

1304 1354 1357 1414 von
1385 1360 1510 1420 welcher
1532 1361 1570 1421 sie
1592 1360 1641 1420 sich
1668 1362 1907 1422 Gnadenblicke
1929 1369 2114 1429 verspricht.

1606 1455 1985 1515 AVERTISSEMENT.

1351 1499 1421 1559 Bey
1455 1502 1506 1562 dem
1553 1503 1702 1563 Verleger
1736 1506 1833 1566 dieser
1860 1509 1990 1569 Zeitung
2030 1510 2068 1570 ist
2095 1511 2128 1571 zu
2161 1512 2284 1572 haben:

1299 1551 1551 1611 Zerstreuungen
1578 1553 1634 1613 auf
1655 1554 1763 1614 Kosten
1789 1554 1836 1614 der
1857 1557 1965 1617 Natur
1986 1557 2011 1617 in
2043 1557 2161 1617 einigen
2182 1556 2290 1616 Som¬

1305 1597 1521 1657 merstunden,
1532 1600 1587 1660 12,
1598 1599 1683 1659 763,
1704 1599 1779 1659 Der
1800 1599 1906 1659 Prinz
1927 1600 1982 1660 von
2007 1602 2205 1662 Abyssinien,
2220 1605 2290 1665 eine

1302 1640 1483 1700 Geschichte
1499 1640 1518 1700 in
1548 1640 1557 1700 2
1577 1641 1729 1701 Theilen,
1739 1642 1792 1702 aus
1813 1642 1856 1702 dem
1891 1643 1994 1703 Engl.
2004 1646 2038 1706 8,
2048 1643 2126 1703 Zelle
2141 1646 2288 1706 762,1fl.

1305 1681 1402 1741 Dav.
1430 1682 1537 1742 Hume
1565 1682 1645 1742 Esq.
1668 1684 1849 1744 Geschichte
1882 1685 1938 1745 von
1971 1685 2292 1745 Großbrittannien,

1310 1727 1386 1787 1ster
1413 1727 1469 1787 und
1495 1727 1562 1787 2ter
1589 1727 1696 1787 Theil,
1712 1730 1820 1790 welche
1847 1730 1887 1790 die
1914 1732 2135 1792 Regierungen
2162 1739 2285 1799 Jacobs

1311 1772 1361 1832 des
1384 1775 1486 1835 1sten,
1503 1778 1599 1838 Carls
1623 1778 1673 1838 des
1702 1778 1781 1838 1sten
1810 1778 1866 1838 und
1895 1781 1979 1841 2ten,
1997 1783 2054 1843 und
2083 1787 2207 1847 Jacobs
2236 1790 2280 1850 des

1312 1825 1378 1885 2ten
1406 1828 1582 1888 enthalten,
1610 1828 1665 1888 aus
1693 1828 1742 1888 dem
1782 1828 1886 1888 Engl.
1903 1831 1952 1891 gr.
1969 1831 2002 1891 4,
2030 1832 2068 1892 13
2085 1832 2123 1892 fl.
2168 1832 2289 1892 Tabel=

1311 1877 1353 1937 len
1380 1876 1406 1936 zu
1439 1877 1666 1937 Ausrechnung
1693 1879 1740 1939 des
1762 1879 1900 1939 Silbers
1922 1879 1974 1939 und
1996 1879 2117 1939 Goldes
2139 1881 2207 1941 nach
2229 1881 2276 1941 dem

1315 1927 1404 1987 feinen
1437 1927 1578 1987 Gehalte
1600 1927 1626 1987 in
1653 1927 1774 1987 Silber
1796 1927 1848 1987 von
1881 1930 1896 1990 1
1912 1930 2038 1990 Viertel
2055 1927 2139 1987 Grän
2171 1930 2218 1990 bis
2234 1930 2292 1990 auf

1306 1975 1344 2035 15
1377 1975 1442 2035 Loth
1475 1974 1512 2034 17
1546 1976 1664 2036 Grän,
1687 1976 1713 2036 in
1741 1976 1827 2036 Gold
1855 1977 1909 2037 von
1942 1978 1953 2038 1
1975 1978 2099 2038 Viertel
2122 1978 2208 2038 Grän
2241 1977 2284 2037 bis

1315 2023 1369 2083 auf
1391 2023 1428 2083 23
1461 2023 1579 2083 Karath
1607 2023 1644 2083 11
1672 2023 1790 2083 Grän,
1828 2025 1887 2085 und
1920 2025 1946 2085 in
1979 2027 2033 2087 der
2060 2025 2151 2085 rohen
2184 2025 2292 2085 Masse

1312 2068 1366 2128 von
1400 2070 1410 2130 1
1439 2070 1654 2130 Sechzehntel
1677 2072 1743 2132 Loth
1777 2073 1821 2133 bis
1849 2073 1876 2133 zu
1899 2075 1987 2135 1000
2021 2076 2121 2136 Mark
2149 2074 2231 2134 nebst
2260 2073 2298 2133 ei=

1311 2116 1365 2176 nem
1411 2115 1602 2175 Vorbericht
1634 2117 1688 2177 vom
1729 2121 1890 2181 Gebrauch
1926 2124 2021 2184 dieser
2047 2124 2193 2184 Tabellen
2229 2126 2288 2186 und

1315 2163 1394 2223 einem
1440 2163 1593 2223 Anhange
1622 2163 1678 2223 von
1713 2169 1945 2229 Vergleichung
1980 2175 2190 2235 verschiedner
2224 2175 2292 2235 Ge¬

1316 2214 1441 2274 wichte,
1465 2212 1568 2272 Berl.
1591 2214 1607 2274 4
1631 2214 1670 2274 fl.

1360 2297 1418 2357 Da
1440 2300 1497 2360 mit
1519 2298 1614 2358 diesem
1656 2303 1756 2363 Stück
1783 2302 1825 2362 ein
1863 2303 1957 2363 neues
1979 2304 2126 2364 Quartal
2143 2306 2296 2366 angehet,

1311 2351 1338 2411 so
1361 2348 1477 2408 werden
1511 2348 1555 2408 die
1572 2349 1655 2409 resp.
1678 2351 1917 2411 Interessenten
1946 2352 2084 2412 ersuchet
2113 2355 2179 2415 ihre
2207 2357 2295 2417 Pra¬

1316 2396 1552 2456 nummeration
1581 2397 1638 2457 mit
1656 2400 1667 2460 2
1696 2402 1753 2462 Fl.
1771 2400 2007 2460 einzuschicken.

1328 2486 1645 2546 Wechsel-Cours
1669 2488 1683 2548 &
1735 2491 1883 2551 Species
1906 2491 1942 2551 d.
1958 2493 2031 2553 28.
2047 2494 2149 2554 Jun.
2165 2497 2290 2557 1764.

1319 2541 1496 2601 Amsterdam
1529 2541 1571 2601 41
1590 2539 1669 2599 Tage
1694 2545 1756 2605 305
1781 2548 1836 2608 gr.
1898 2543 1940 2603 71
1959 2545 2045 2605 Tage
2064 2545 2119 2605 303
2150 2551 2199 2611 gr.

1320 2590 1489 2650 Hamburg
1519 2585 1526 2645 3
1549 2588 1599 2648 W.
1615 2593 1680 2653 133
1704 2598 1754 2658 gr.

1887 2590 1900 2650 6
1931 2591 1981 2651 W.
1997 2593 2055 2653 132
2085 2599 2142 2659 gr.

1319 2632 1423 2692 Berlin

1783 2638 1932 2698 Dantzig

1320 2682 1458 2742 Ducaten
1488 2679 1561 2739 neue
1577 2681 1583 2741 9
1613 2684 1642 2744 fl.
1657 2689 1685 2749 18
1709 2691 1751 2751 gr.

1873 2685 1993 2745 Alberts
2015 2685 2107 2745 Taler
2122 2690 2227 2750 134g.

1326 2730 1431 2790 Rubel
1451 2730 1462 2790 3
1483 2730 1519 2790 fl.
1532 2732 1562 2792 29
1589 2736 1638 2796 gr.

1785 2730 1836 2790 Alt
1849 2735 1987 2795 Polnisch
2011 2735 2080 2795 Geld
2104 2734 2138 2794 16
2162 2733 2213 2793 pr.
2226 2731 2294 2791 Cto.

1325 2789 1414 2849 Diese
1429 2784 1566 2844 Gelehrte
1588 2788 1636 2848 und
1664 2790 1816 2850 Politische
1838 2790 1962 2850 Zeitung
1983 2788 2052 2848 wird
2080 2787 2128 2847 des
2149 2787 2301 2847 Montags

1421 2829 1475 2889 und
1505 2832 1648 2892 Freytags
1673 2832 1693 2892 in
1718 2832 1762 2892 dem
1802 2832 1989 2892 Kanterschen
2025 2829 2192 2889 Buchladen

1703 2870 1916 2930 ausgegeden.
