2479 3508
187 381 253 441 "ist
276 392 409 452 gelesen,
432 389 490 449 und
514 386 587 446 mein
618 374 743 434 Gesicht
766 374 855 434 durch
878 377 1174 437 mitternächtliches

183 437 394 497 "Studieren
420 430 594 490 entkräftet
613 423 712 483 habe:
744 420 768 480 so
794 424 924 484 beneide
944 425 980 485 ich
1012 427 1062 487 die
1093 425 1180 485 frohe

180 487 471 547 "Gemüthsruhe
492 476 580 536 einer
601 470 784 530 hochrothen
819 474 1042 534 Milchmagd,
1064 473 1178 533 welche

177 523 262 583 „von
308 532 409 592 keinem
461 521 597 581 Zweifel
626 521 795 581 verwirret
824 523 875 583 die
910 523 1057 583 Predigt
1086 523 1170 583 jeden

181 578 373 638 „Sonntag
402 573 458 633 mit
475 569 621 629 Demuth
645 569 780 629 anhört,
803 572 864 632 und
899 572 944 632 die
967 571 1186 631 Empfindun¬

177 618 255 678 gen
290 624 376 684 ihrer
405 618 604 678 natürlichen
639 617 764 677 Pflicht
788 620 872 680 nicht
902 619 930 679 in
965 617 1050 677 ihrem
1096 619 1186 679 Kopf

175 669 286 729 „durch
324 670 371 730 die
403 664 541 724 nichtige
563 667 838 727 Untersuchungen
876 667 923 727 der
950 667 1093 727 Schulen
1131 667 1183 727 be¬

180 717 294 777 "taubt
311 716 387 776 hat,
414 713 463 773 die
496 713 577 773 zwar
610 718 762 778 gelehrter
795 718 855 778 seyn
893 715 1034 775 mögen,
1068 718 1181 778 zuletzt

180 758 275 818 "aber
301 763 325 823 so
351 760 523 820 unwissend
548 763 593 823 als
619 763 684 823 jene
710 766 826 826 bleiben
857 766 992 826 müssen.
1028 761 1038 821 —

1100 766 1174 826 Ich

176 803 275 863 „bitte
298 806 419 866 GOtt,
452 808 507 868 daß
535 810 573 870 ich
613 813 667 873 den
701 814 867 874 Ueberrest
895 813 1016 873 meines
1044 813 1165 873 Lebens
1210 812 1342 872 Zierde,
1359 810 1397 870 ein
1431 810 1558 870 Muster
1581 810 1641 870 und
1670 810 1746 870 einen
1775 810 1918 870 Spiegel
1935 808 1984 868 des
2007 811 2200 871 Geschlechts

175 855 273 915 eben
304 858 324 918 so
351 858 494 918 denken,
522 861 578 921 und
604 861 634 921 da
661 861 701 921 ich
728 863 800 923 mich
831 864 893 924 nun
930 861 996 921 doch
1033 861 1094 921 mit
1121 861 1177 921 un¬

182 906 267 966 "serm
305 909 588 969 stiefmütterlichen
620 912 755 972 Antheil
775 913 829 973 von
855 912 1039 972 Tageslicht
1058 912 1175 972 zufrie=

1228 373 1298 433 "den
1327 377 1419 437 geben
1448 374 1548 434 muß,
1570 374 1619 434 die
1634 377 1755 437 Sonne
1777 375 1834 435 von
1856 377 2126 437 Constantinopel
2148 374 2212 434 ver=

1227 425 1341 485 "gessen
1378 422 1503 482 möge."

1570 419 1654 479 Wir
1682 425 1896 485 wiederholen
1930 428 1980 488 zum
2031 425 2210 485 Beschluß,

1225 470 1276 530 daß
1310 471 1390 531 diese
1407 469 1526 529 Briefe
1555 468 1679 528 sowohl
1703 473 1730 533 in
1759 473 1884 533 Absicht
1907 473 1964 533 des
1987 474 2129 534 Inhalts
2158 475 2208 535 als

1220 521 1273 581 der
1301 520 1598 580 Erzählungsart,
1638 518 1686 578 sich
1719 521 1854 581 wirklich
1892 521 1940 581 der
1968 526 2114 586 Neugier
2142 524 2200 584 und

1223 571 1509 631 Aufmerksamkeit
1531 566 1606 626 aller
1623 566 1704 626 Leser
1726 566 1780 626 von
1808 569 1991 629 Geschmack
2014 574 2208 634 empfehlen,

1222 617 1280 677 und
1307 616 1359 676 daß
1386 616 1597 676 Leserinnen,
1630 616 1740 676 welche
1772 616 1820 676 die
1842 618 2042 678 Zärtlichkeit
2069 621 2095 681 im
2132 621 2211 681 Em¬

1214 666 1337 726 pfinden
1374 664 1435 724 und
1467 664 1705 724 Beobachten,
1747 664 1798 724 die
1829 664 1932 724 leichte
1964 667 2103 727 Anmuth
2140 667 2201 727 und

1219 715 1493 775 liebenswürdige
1510 712 1636 772 Einfalt
1658 712 1705 772 des
1726 710 1852 770 Geistes
1880 712 1926 772 als
1959 714 2011 774 das
2033 715 2116 775 Salz
2138 715 2201 775 und

1220 763 1365 823 Gewürz
1387 763 1435 823 der
1457 760 1646 820 Schönheit
1668 763 1792 823 suchen,
1819 760 1846 820 in
1879 760 1965 820 ihrem
2003 763 2105 823 Autor
2138 763 2202 823 eine

1215 861 1311 921 finden
1339 858 1480 918 werden.
1514 858 1627 918 Kosten
1655 861 1681 921 in
1709 861 1757 921 der
1786 861 1986 921 Kanterschen
2014 861 2214 921 Buchhand=

1210 911 1282 971 lung
1307 911 1410 971 allhier
1429 909 1482 969 wie
1507 912 1567 972 auch
1593 912 1616 972 in
1635 912 1750 972 Elbing
1775 911 1829 971 und
1854 912 1962 972 Mitau
1988 912 1999 972 1
2018 912 2048 972 fl.
2067 912 2072 972 9
2097 912 2145 972 gr.

441 1070 639 1130 Berlin,
665 1073 714 1133 den
752 1073 789 1133 1.
814 1072 913 1132 Mai.

220 1108 297 1168 Se.
316 1116 459 1176 Königl.
477 1119 572 1179 Maj.
591 1121 686 1181 haben
716 1119 763 1179 den
800 1121 1014 1181 Rentmeister
1039 1121 1086 1181 bey
1117 1118 1170 1178 der

176 1163 453 1223 extraordinairen
480 1166 538 1226 und
570 1166 778 1226 Preußischen
811 1169 1093 1229 Colonistencasse,
1121 1167 1179 1227 wie

175 1209 252 1269 auch
283 1213 483 1273 Registrator
510 1213 561 1273 bey
592 1213 643 1273 dem
685 1215 942 1275 Oberdirectorio
979 1216 1030 1276 der
1061 1216 1174 1276 Inva¬

170 1254 271 1314 liden,
297 1258 403 1318 Herrn
429 1258 561 1318 Grüne,
572 1259 627 1319 zum
669 1261 1126 1321 Generalcassenrentmeister
1142 1261 1167 1321 in

176 1300 319 1360 Gnaden
348 1303 482 1363 bestellt.
530 1303 577 1363 Am
626 1303 821 1363 verwichnen
860 1304 1089 1364 Donnerstage
1119 1306 1166 1366 als

174 1348 230 1408 den
260 1348 350 1408 26ten
379 1348 494 1408 April,
514 1348 647 1408 beliebte
672 1348 700 1408 es
724 1348 771 1408 dem
820 1347 987 1407 türkischen
1021 1345 1178 1405 Gesand¬

166 1391 245 1451 ten,
285 1390 419 1450 Achmet
450 1392 613 1452 Effendi,
643 1393 692 1453 sich
733 1390 787 1450 von
827 1390 956 1450 unserer
981 1390 1169 1450 berühmten

176 1437 385 1497 Künstlerin,
408 1437 459 1497 der
482 1437 566 1497 Frau
595 1437 714 1497 Rosina
743 1437 793 1497 von
828 1440 929 1500 Gasc,
958 1438 1099 1498 geborne
1128 1436 1178 1496 Li¬

175 1482 322 1542 siewska,
352 1485 517 1545 abmahlen
548 1485 577 1545 zu
607 1485 718 1545 lassen.

430 1534 573 1594 Glatz,
600 1536 651 1596 den
685 1533 750 1593 19.
777 1536 887 1596 April.

229 1581 315 1641 Seit
334 1584 396 1644 142
427 1584 551 1644 Jahren
582 1586 625 1646 ist
651 1584 712 1644 kein
743 1586 774 1646 so
799 1585 984 1645 feyerlicher
1016 1587 1183 1647 evangeli=

165 1632 241 1692 scher
269 1634 500 1694 Gottesdienst
517 1636 566 1696 bey
606 1637 665 1697 uns
693 1637 842 1697 gehalten
870 1637 1018 1697 worden,
1041 1636 1089 1696 als
1117 1637 1166 1697 bey

173 1680 221 1740 der
260 1685 413 1745 heutigen
446 1685 718 1745 Anzugspredigt
746 1688 795 1748 des
828 1688 1046 1748 neuberufnen
1085 1685 1177 1745 evan¬

177 1735 281 1795 gelisch
309 1738 504 1798 lutherischen
532 1739 713 1799 Predigers
735 1739 853 1799 unserer
874 1739 985 1799 Stadt
1000 1739 1055 1799 und
1077 1741 1180 1801 Graf=

176 1784 294 1844 schaft,
318 1784 368 1844 des
397 1783 498 1843 Herrn
532 1784 594 1844 M.
612 1784 775 1844 Seutzky.

339 1831 692 1891 Coppenhagen,
721 1828 771 1888 den
812 1827 868 1887 16.
897 1825 1011 1885 April.

227 1876 271 1936 Zu
305 1876 504 1936 Christiania
545 1875 572 1935 in
606 1873 788 1933 Norwegen
828 1870 867 1930 ist
890 1873 934 1933 ein
962 1876 1172 1936 Königliches

172 1923 368 1983 Nordisches
401 1918 762 1978 Kriegsdirectorium,
795 1916 879 1976 kraft
912 1918 991 1978 einer
1028 1921 1177 1981 Verord¬

165 1970 253 2030 nung
280 1972 331 2032 vom
374 1969 441 2029 4ten
468 1969 499 2029 d.
520 1966 728 2026 aufgerichtet
750 1963 901 2023 worden.
948 1967 1083 2027 Gestern
1110 1968 1177 2028 ver¬

180 2018 256 2078 starb
289 2017 402 2077 allhier
430 2014 516 2074 Herr
544 2011 647 2071 Peter
675 2011 881 2071 Horrebow,
909 2013 962 2073 D.
985 2014 1087 2074 Med.
1104 2017 1163 2077 und

180 2058 285 2118 Prof.
307 2058 354 2118 der
376 2058 603 2118 Philosophie,
630 2061 857 2121 Mathematik
879 2060 937 2120 und
958 2061 1158 2121 Astronomie

181 2106 315 2166 Assessor
337 2106 358 2166 im
408 2109 619 2169 Consistorio,
641 2110 776 2170 Senior
804 2112 857 2172 der
885 2109 1085 2169 Universität
1107 2109 1166 2169 und

182 2154 342 2214 Mitglied
366 2155 412 2215 der
436 2160 626 2220 Societäten
655 2160 684 2220 in
708 2163 962 2223 Coppenhagen,
985 2157 1088 2217 Paris
1106 2159 1140 2219 un

172 2203 313 2263 Berlin.
365 2203 410 2263 Er
433 2206 501 2266 war
518 2211 643 2271 geboren
667 2211 689 2271 in
718 2212 854 2272 Jütland
883 2210 933 2270 den
962 2208 1053 2268 25ten
1082 2208 1161 2268 May

182 2255 270 2315 1679
306 2254 364 2314 und
400 2257 507 2317 wurde
537 2259 607 2319 hier
643 2258 754 2318 Prof.
779 2261 831 2321 der
862 2256 1074 2316 Philosophie
1104 2254 1162 2314 und

172 2306 400 2366 Mathematik
430 2309 540 2369 1714.
570 2309 640 2369 Mit
664 2309 756 2369 seiner
787 2310 874 2370 1749
898 2309 915 2369 in
939 2306 1021 2366 ihrem
1062 2303 1167 2363 58sten

186 2353 272 2413 Jahr
299 2355 499 2415 verstorbnen
526 2357 628 2417 Frau,
651 2357 747 2417 Anna
769 2358 1007 2418 Margaretha,
1029 2351 1169 2411 geborne

181 2402 322 2462 Rosing,
351 2405 396 2465 die
419 2405 447 2465 er
470 2405 560 2465 1711
584 2405 781 2465 heyrathete,
810 2408 866 2468 hat
889 2408 917 2468 er
934 2404 1075 2464 zwanzig
1093 2402 1171 2462 Kin¬

183 2447 230 2507 der
261 2449 412 2509 erzeugt,
437 2452 491 2512 von
522 2452 654 2512 welchen
685 2455 703 2515 9
727 2455 788 2515 vor
819 2456 866 2516 der
898 2457 1030 2517 Mutter
1061 2452 1121 2512 und

181 2497 289 2557 seitdem
339 2497 512 2557 verstorben
545 2502 626 2562 sind.

426 2548 592 2608 Paris,
616 2550 668 2610 den
703 2548 737 2608 16
784 2551 899 2611 April.

231 2587 302 2647 Der
327 2593 446 2653 Herzog
477 2596 530 2656 von
561 2596 699 2656 Broglio
730 2597 789 2657 und
826 2602 981 2662 Cardinal
1000 2597 1053 2657 von
1084 2593 1168 2653 Ber=

166 2641 222 2701 nis
257 2641 320 2701 sind
355 2642 412 2702 von
447 2641 537 2701 ihren
579 2643 779 2703 Landgütern
820 2649 888 2709 hier
917 2648 1168 2708 angekommen.

177 2691 322 2751 Letzterer
346 2690 398 2750 hat
422 2690 474 2750 für
498 2691 586 2751 2000
616 2694 697 2754 Thl.
715 2692 767 2752 des
791 2697 919 2757 Jahrs,
943 2700 1001 2760 das
1019 2694 1118 2754 Hotel
1136 2694 1170 2754 de

181 2742 359 2802 Beauvais
381 2739 408 2799 in
435 2737 483 2797 der
517 2737 586 2797 St.
609 2742 847 2802 Antonsstraße
875 2748 1075 2808 gemiethet,
1097 2743 1172 2803 wel=

184 2791 248 2851 ches
273 2791 320 2851 der
344 2789 604 2849 Churbayersche
628 2790 799 2850 Minister,
824 2796 918 2856 Graf
942 2796 1001 2856 von
1031 2793 1102 2853 Eyck
1126 2791 1172 2851 in¬

165 2841 207 2901 ne
229 2842 362 2902 gehabt.
411 2840 480 2900 Die
507 2841 608 2901 längst
630 2841 822 2901 entworfene
849 2846 929 2906 neue
956 2844 1169 2904 Oeconomie¬

182 2894 388 2954 Einrichtung
418 2891 470 2951 bey
495 2892 547 2952 dem
583 2894 688 2954 Corps
719 2894 747 2954 de
772 2897 930 2957 Marine,
954 2899 1030 2959 wird
1049 2897 1113 2957 bald
1131 2897 1154 2957 in

1214 1068 1308 1128 seiner
1333 1070 1510 1130 Erfüllung
1534 1073 1729 1133 erscheinen.
1777 1073 1871 1133 Nach
1895 1070 1995 1130 Brest
2019 1069 2060 1129 ist
2084 1069 2196 1129 bereits

1210 1118 1265 1178 die
1293 1118 1480 1178 Vorschrift
1508 1121 1696 1181 ergaugen,
1736 1121 1796 1181 wie
1829 1120 1862 1180 es
1907 1120 1934 1180 in
1974 1118 2117 1178 Zukunft
2145 1115 2205 1175 mit

1210 1166 1263 1226 der
1286 1167 1383 1227 Tafel
1406 1169 1454 1229 der
1487 1172 1716 1232 eingeschifften
1755 1169 1934 1229 Capitains
1972 1164 2031 1224 und
2071 1163 2200 1223 anderer

1210 1216 1361 1276 Officiers
1395 1216 1537 1276 gehalten
1576 1216 1695 1276 werden
1729 1215 1804 1275 soll.
1876 1213 1952 1273 Der
1985 1210 2089 1270 König
2122 1207 2208 1267 giebt

1213 1261 1267 1321 dem
1311 1261 1606 1321 commandirenden
1637 1261 1783 1321 Capitain
1814 1261 1921 1321 täglich
1946 1256 1985 1316 40
2016 1252 2138 1312 Livres,
2158 1255 2211 1315 da¬

1209 1303 1264 1363 von
1294 1303 1324 1363 er
1355 1304 1400 1364 sich
1436 1304 1486 1364 die
1517 1306 1667 1366 nöthigen
1704 1303 1961 1363 Geräthschaften
1997 1300 2117 1360 stellen,
2143 1300 2193 1360 den

1211 1345 1343 1405 zweiten
1369 1348 1535 1408 Capitain,
1560 1348 1608 1408 den
1634 1351 1840 1411 Commissair
1855 1348 1904 1408 bey
1924 1348 2007 1408 einem
2042 1348 2208 1408 Geschwa¬

1206 1390 1253 1450 der
1292 1390 1354 1450 und
1393 1393 1441 1453 den
1485 1393 1605 1453 Major
1630 1396 1802 1456 beköstigen
1842 1396 1937 1456 muß.
1986 1390 2058 1450 Die
2082 1396 2197 1456 andern

1204 1436 1379 1496 Officiers,
1408 1440 1713 1500 Schiffsprediger,
1736 1443 1917 1503 Schreiber
1946 1439 2002 1499 und
2031 1440 2200 1500 Chirurgi,

1208 1482 1304 1542 haben
1332 1486 1413 1546 jeder
1441 1488 1451 1548 3
1479 1488 1587 1548 Livres
1620 1491 1652 1551 10
1685 1491 1772 1551 Sols
1799 1491 1847 1551 des
1870 1491 1994 1551 Tages,
2022 1491 2081 1551 und
2098 1491 2206 1551 solche,

1208 1536 1337 1596 welchen
1370 1539 1418 1599 der
1446 1539 1549 1599 König
1582 1539 1760 1599 Bedienten
1783 1542 1901 1602 zuläßt,
1930 1541 1967 1601 25
1995 1539 2081 1599 Sols
2103 1542 2205 1602 mehr.

1211 1587 1279 1647 Alle
1315 1587 1390 1647 diese
1414 1590 1564 1650 Officiers
1588 1591 1697 1651 speisen
1727 1593 1900 1653 zusammen
1936 1591 1970 1651 an
1999 1587 2086 1647 einer
2110 1590 2207 1650 Tafel

1204 1637 1241 1697 um
1284 1637 1320 1697 11
1348 1639 1432 1699 Uhr,
1454 1640 1554 1700 damit
1581 1640 1634 1700 der
1666 1643 1814 1703 Capitain
1846 1643 1893 1703 die
1926 1640 2042 1700 seinige
2069 1640 2106 1700 um
2154 1640 2191 1700 12

1208 1688 1274 1748 Uhr
1303 1691 1402 1751 haben
1431 1691 1530 1751 könne
1592 1692 1675 1752 Das
1704 1694 1904 1754 Parlament
1927 1693 1954 1753 zu
1977 1691 2138 1751 Toulouse
2149 1689 2204 1749 hat

1214 1739 1265 1799 den
1300 1739 1427 1799 Herzog
1457 1741 1513 1801 von
1549 1744 1785 1804 Fitz=James
1815 1744 1867 1804 für
1896 1745 2034 1805 unfähig
2058 1744 2086 1804 zu
2116 1742 2202 1802 einer

1213 1788 1541 1848 Befehlshaberstelle
1569 1790 1590 1850 in
1623 1791 1671 1851 der
1693 1793 1844 1853 Provinz
1861 1793 1995 1853 erkläct,
2017 1791 2087 1851 auch
2115 1790 2195 1850 schon

1196 1831 1332 1891 wirklich
1359 1833 1400 1893 ein
1432 1832 1557 1892 Verbot
1579 1839 1710 1899 ergehen
1742 1837 1830 1897 lassen
1862 1840 1909 1900 ihn
1947 1840 1993 1900 als
2030 1840 2208 1900 Comman¬

1204 1876 1322 1936 danten
1348 1879 1379 1939 zu
1411 1882 1554 1942 erkennen
1586 1884 1643 1944 und
1674 1885 1699 1945 zu
1731 1887 1922 1947 gehorchen.
1979 1888 2123 1948 Zugleich
2150 1888 2206 1948 hat

1204 1923 1299 1983 dieses
1320 1924 1517 1984 Parlement
1533 1930 1710 1990 beschlossen
1741 1933 1801 1993 mit
1822 1933 1918 1993 seinem
1954 1933 2206 1993 Oberpräsiden¬

1197 1972 1269 2032 ten,
1295 1970 1346 2030 der
1373 1969 1481 2029 bisher
1503 1971 1529 2031 in
1560 1974 1663 2034 Paris
1695 1975 1746 2035 sich
1783 1981 2011 2041 aufgehalten,
2032 1981 2058 2041 in
2095 1981 2198 2041 keiner

1212 2017 1322 2077 Sache
1344 2017 1497 2077 hinführo
1530 2017 1613 2077 mehr
1640 2023 1979 2083 Berathschzungen
2006 2025 2037 2085 zu
2064 2025 2200 2085 pflegen.

1202 2064 1289 2124 Man
1326 2062 1403 2122 sieht
1430 2061 1497 2121 hier
1523 2062 1569 2122 ein
1601 2066 1782 2126 gedrucktes
1814 2066 1948 2126 Pabstl.
1974 2067 2087 2127 Breve
2124 2070 2181 2130 vom

1205 2112 1299 2172 24ten
1331 2112 1415 2172 Aug.
1431 2109 1468 2169 an
1495 2109 1542 2169 den
1574 2112 1679 2172 König
1711 2115 1937 2175 Stanislaus,
1964 2115 2106 2175 wodurch
2128 2118 2196 2178 Se.

1203 2160 1382 2220 Heiligkeit
1412 2157 1504 2217 diesen
1540 2164 1742 2224 Monarchen
1778 2166 1917 2226 ersucht,
1941 2168 1992 2228 bey
2028 2166 2120 2226 dessen
2150 2166 2207 2226 Ei=

1208 2208 1298 2268 dam,
1316 2207 1366 2267 dem
1406 2208 1609 2268 Allerchristl.
1632 2217 1756 2277 König,
1780 2217 1875 2277 dahin
1909 2220 2123 2280 anzutragen,
2141 2219 2191 2279 daß

1206 2256 1284 2316 seine
1309 2252 1332 2312 in
1363 2256 1551 2316 Lothringen
1582 2263 1630 2323 für
1655 2267 1703 2327 die
1728 2270 1879 2330 Jesuiten
1916 2270 2074 2330 gemachte
2111 2269 2207 2329 Stif=

1206 2302 1318 2362 tungen
1354 2305 1496 2365 bestehen
1526 2314 1685 2374 möchten.
1734 2318 1810 2378 Der
1840 2321 1952 2381 König
1977 2321 2035 2381 hat
2054 2321 2107 2381 den
2137 2321 2201 2381 Abt

1205 2350 1312 2410 Collet
1329 2351 1383 2411 zum
1421 2360 1632 2420 Beichtvater
1655 2366 1709 2426 des
1731 2372 1915 2432 Dauphins
1937 2372 2089 2432 ernannt.
2111 2368 2202 2428 Heu=

1206 2401 1229 2461 te
1253 2399 1288 2459 ist
1312 2402 1359 2462 der
1389 2402 1483 2462 Graf
1502 2408 1554 2468 von
1584 2417 1809 2477 Dietrichstein
1839 2420 1898 2480 aus
1928 2420 2105 2480 Frankfurt
2141 2417 2199 2477 mit

1199 2449 1249 2509 der
1269 2452 1445 2512 Nachricht
1471 2456 1520 2516 von
1559 2464 1609 2524 des
1635 2466 1741 2526 Röm.
1761 2467 1886 2527 Königs
1912 2467 2012 2527 Wahl
2026 2467 2082 2527 und
2108 2464 2195 2524 Kro¬

1203 2497 1313 2557 nung,
1332 2504 1584 2564 angekommen,
1609 2513 1664 2573 und
1689 2517 1768 2577 wird
1800 2516 1922 2576 morgen
1960 2512 2039 2572 Sr.
2058 2515 2199 2575 Majest.

1200 2547 1289 2607 durch
1322 2549 1373 2609 den
1413 2557 1541 2617 hiesigen
1581 2566 1729 2626 Kaiserl.
1749 2566 1936 2626 Minister,
1963 2563 2091 2623 Grafen
2131 2560 2188 2620 von

1201 2599 1464 2659 Stahrenberg,
1496 2612 1685 2672 vorgestellt
1711 2614 1861 2674 werden.
1931 2611 2076 2671 Morgen
2114 2611 2195 2671 wird

1196 2644 1269 2704 auch
1304 2645 1355 2705 der
1384 2654 1538 2714 Vicomte
1561 2659 1617 2719 von
1652 2661 1835 2721 Choiseul,
1875 2659 1926 2719 des
1956 2661 2103 2721 Herzogs
2133 2655 2189 2715 von

1206 2694 1343 2754 Praslin
1376 2702 1501 2762 Sohn,
1526 2707 1595 2767 nach
1621 2709 1708 2769 Wien
1740 2709 1896 2769 abgehen,
1916 2709 1953 2769 um
1985 2709 2035 2769 den
2060 2705 2192 2765 Kaiserl.

1207 2745 1347 2805 Königl.
1360 2751 1427 2811 Hof
1446 2757 1551 2817 wegen
1582 2757 1679 2817 dieser
1699 2757 1877 2817 glücklichen
1914 2754 2140 2814 Begebenheit
2160 2752 2190 2812 zu

1192 2799 1501 2859 complimentiren.
1556 2805 1633 2865 Die
1663 2805 1854 2865 Marquisin
1884 2802 1937 2862 von
1973 2802 2193 2862 Pompadour

1200 2846 1283 2906 hatte
1311 2849 1394 2909 zwar
1411 2852 1461 2912 den
1495 2854 1656 2914 Priestern
1684 2852 1733 2912 der
1756 2852 1917 2912 Parochie
1940 2849 1995 2909 von
2024 2849 2045 2909 la
2074 2849 2195 2909 Made¬

1201 2899 1302 2959 laine,
1326 2903 1348 2963 in
1377 2903 1428 2963 der
1451 2906 1605 2966 Vorstadt
1628 2903 1695 2963 St.
1713 2903 1861 2963 Honore,
1890 2903 1946 2963 aus
1981 2900 2197 2960 Erkenntlich¬
