<?xml version="1.0" encoding="UTF-8" standalone="yes"?>
<PcGts xmlns="http://schema.primaresearch.org/PAGE/gts/pagecontent/2013-07-15" xmlns:xsi="http://www.w3.org/2001/XMLSchema-instance" xsi:schemaLocation="http://schema.primaresearch.org/PAGE/gts/pagecontent/2013-07-15 http://schema.primaresearch.org/PAGE/gts/pagecontent/2013-07-15/pagecontent.xsd">
    <Metadata>
        <Creator>prov=READ-COOP:name=PyLaia@TranskribusPlatform:version=2.12.1:model_id=39995:lm=none:date=04_04_2024_20:33</Creator>
        <Created>2024-04-04T22:29:13.347+02:00</Created>
        <LastChange>2024-04-04T20:33:50.950Z</LastChange>
        <TranskribusMetadata docId="1916370" pageId="67795438" pageNr="3" tsid="157002832" status="IN_PROGRESS" userId="222699" imgUrl="https://files.transkribus.eu/Get?id=LZRNJMTOSTWJBMSBUTUGSANO&amp;fileType=view" xmlUrl="https://files.transkribus.eu/Get?id=HCSGVWGBLPINXIDOAFKUCQWQ" imageId="54110201"/>
    </Metadata>
    <Page imageFilename="67795438.jpg" imageWidth="2479" imageHeight="3508">
        <ReadingOrder>
            <OrderedGroup id="ro_1712262830950" caption="Regions reading order">
                <RegionRefIndexed index="0" regionRef="r_46"/>
                <RegionRefIndexed index="1" regionRef="r_47"/>
                <RegionRefIndexed index="2" regionRef="r_35"/>
                <RegionRefIndexed index="3" regionRef="r_34"/>
            </OrderedGroup>
        </ReadingOrder>
        <Relations/>
        <TextRegion id="r_46" custom="readingOrder {index:0;}">
            <Coords points="183,330 1194,330 1194,2630 183,2630"/>
            <TextLine id="r_46_tl_1" custom="readingOrder {index:0;}">
                <Coords points="527,410 575,405 591,417 629,403 643,415 694,397 719,413 871,391 871,333 823,338 766,322 748,333 718,318 624,342 584,328 527,342"/>
                <Baseline points="534,394 579,391 623,391 668,388 713,388 758,388 803,391 847,391 874,394"/>
                <Word id="r_46_tl_1_w1" custom="readingOrder {index:0;}">
                    <Coords points="530,351 530,411 626,411 626,351"/>
                    <TextEquiv>
                        <Unicode>Der</Unicode>
                    </TextEquiv>
                </Word>
                <Word id="r_46_tl_1_w2" custom="readingOrder {index:1;}">
                    <Coords points="654,348 654,408 845,408 845,348"/>
                    <TextEquiv>
                        <Unicode>Dichter.</Unicode>
                    </TextEquiv>
                </Word>
                <TextEquiv>
                    <Unicode>Der Dichter.</Unicode>
                </TextEquiv>
            </TextLine>
            <TextLine id="r_46_tl_2" custom="readingOrder {index:1;}">
                <Coords points="291,471 938,480 938,414 827,401 628,436 552,404 468,431 291,420"/>
                <Baseline points="298,462 343,465 388,465 432,465 477,465 522,462 567,459 612,459 656,459 701,462 746,459 791,462 835,462 880,465 925,468 940,465"/>
                <Word id="r_46_tl_2_w1" custom="readingOrder {index:0;}">
                    <Coords points="299,423 299,483 341,483 341,423"/>
                    <TextEquiv>
                        <Unicode>Er</Unicode>
                    </TextEquiv>
                </Word>
                <Word id="r_46_tl_2_w2" custom="readingOrder {index:1;}">
                    <Coords points="372,425 372,485 481,485 481,425"/>
                    <TextEquiv>
                        <Unicode>saget,</Unicode>
                    </TextEquiv>
                </Word>
                <Word id="r_46_tl_2_w3" custom="readingOrder {index:2;}">
                    <Coords points="513,421 513,481 549,481 549,421"/>
                    <TextEquiv>
                        <Unicode>sie</Unicode>
                    </TextEquiv>
                </Word>
                <Word id="r_46_tl_2_w4" custom="readingOrder {index:3;}">
                    <Coords points="580,419 580,479 745,479 745,419"/>
                    <TextEquiv>
                        <Unicode>verstünd'</Unicode>
                    </TextEquiv>
                </Word>
                <Word id="r_46_tl_2_w5" custom="readingOrder {index:4;}">
                    <Coords points="770,421 770,481 800,481 800,421"/>
                    <TextEquiv>
                        <Unicode>es</Unicode>
                    </TextEquiv>
                </Word>
                <Word id="r_46_tl_2_w6" custom="readingOrder {index:5;}">
                    <Coords points="837,425 837,485 934,485 934,425"/>
                    <TextEquiv>
                        <Unicode>nicht,</Unicode>
                    </TextEquiv>
                </Word>
                <TextEquiv>
                    <Unicode>Er saget, sie verstünd' es nicht,</Unicode>
                </TextEquiv>
            </TextLine>
            <TextLine id="r_46_tl_3" custom="readingOrder {index:2;}">
                <Coords points="252,542 392,568 509,539 589,564 675,544 834,562 834,505 774,483 625,507 476,485 413,506 252,496"/>
                <Baseline points="259,534 304,537 349,537 394,537 438,534 483,531 528,531 573,528 618,528 662,531 707,531 752,534 797,537 838,543"/>
                <Word id="r_46_tl_3_w1" custom="readingOrder {index:0;}">
                    <Coords points="260,495 260,555 303,555 303,495"/>
                    <TextEquiv>
                        <Unicode>Es</Unicode>
                    </TextEquiv>
                </Word>
                <Word id="r_46_tl_3_w2" custom="readingOrder {index:1;}">
                    <Coords points="329,497 329,557 429,557 429,497"/>
                    <TextEquiv>
                        <Unicode>fehlt'</Unicode>
                    </TextEquiv>
                </Word>
                <Word id="r_46_tl_3_w3" custom="readingOrder {index:2;}">
                    <Coords points="448,491 448,551 498,551 498,491"/>
                    <TextEquiv>
                        <Unicode>ihr</Unicode>
                    </TextEquiv>
                </Word>
                <Word id="r_46_tl_3_w4" custom="readingOrder {index:3;}">
                    <Coords points="530,488 530,548 611,548 611,488"/>
                    <TextEquiv>
                        <Unicode>Witz</Unicode>
                    </TextEquiv>
                </Word>
                <Word id="r_46_tl_3_w5" custom="readingOrder {index:4;}">
                    <Coords points="637,491 637,551 692,551 692,491"/>
                    <TextEquiv>
                        <Unicode>und</Unicode>
                    </TextEquiv>
                </Word>
                <Word id="r_46_tl_3_w6" custom="readingOrder {index:5;}">
                    <Coords points="731,495 731,555 824,555 824,495"/>
                    <TextEquiv>
                        <Unicode>Zier;</Unicode>
                    </TextEquiv>
                </Word>
                <TextEquiv>
                    <Unicode>Es fehlt' ihr Witz und Zier;</Unicode>
                </TextEquiv>
            </TextLine>
            <TextLine id="r_46_tl_4" custom="readingOrder {index:3;}">
                <Coords points="249,617 783,611 904,651 985,643 985,560 249,563"/>
                <Baseline points="256,606 301,609 346,606 391,609 435,606 480,606 525,600 570,603 615,600 659,603 704,606 749,606 794,609 838,612 883,609 928,609 973,609 988,606"/>
                <Word id="r_46_tl_4_w1" custom="readingOrder {index:0;}">
                    <Coords points="258,567 258,627 308,627 308,567"/>
                    <TextEquiv>
                        <Unicode>Er</Unicode>
                    </TextEquiv>
                </Word>
                <Word id="r_46_tl_4_w2" custom="readingOrder {index:1;}">
                    <Coords points="335,568 335,628 423,628 423,568"/>
                    <TextEquiv>
                        <Unicode>sagt,</Unicode>
                    </TextEquiv>
                </Word>
                <Word id="r_46_tl_4_w3" custom="readingOrder {index:2;}">
                    <Coords points="456,566 456,626 494,626 494,566"/>
                    <TextEquiv>
                        <Unicode>sie</Unicode>
                    </TextEquiv>
                </Word>
                <Word id="r_46_tl_4_w4" custom="readingOrder {index:3;}">
                    <Coords points="520,562 520,622 615,622 615,562"/>
                    <TextEquiv>
                        <Unicode>sänge</Unicode>
                    </TextEquiv>
                </Word>
                <Word id="r_46_tl_4_w5" custom="readingOrder {index:4;}">
                    <Coords points="642,565 642,625 743,625 743,565"/>
                    <TextEquiv>
                        <Unicode>rauh,</Unicode>
                    </TextEquiv>
                </Word>
                <Word id="r_46_tl_4_w6" custom="readingOrder {index:5;}">
                    <Coords points="776,569 776,629 833,629 833,569"/>
                    <TextEquiv>
                        <Unicode>Er</Unicode>
                    </TextEquiv>
                </Word>
                <Word id="r_46_tl_4_w7" custom="readingOrder {index:6;}">
                    <Coords points="859,569 859,629 987,629 987,569"/>
                    <TextEquiv>
                        <Unicode>spricht,</Unicode>
                    </TextEquiv>
                </Word>
                <TextEquiv>
                    <Unicode>Er sagt, sie sänge rauh, Er spricht,</Unicode>
                </TextEquiv>
            </TextLine>
            <TextLine id="r_46_tl_5" custom="readingOrder {index:4;}">
                <Coords points="241,691 348,708 420,687 794,694 794,645 726,633 403,638 358,613 308,645 241,646"/>
                <Baseline points="247,677 292,677 337,677 382,677 426,674 471,674 516,674 561,674 606,671 650,674 695,674 740,677 785,677 797,677"/>
                <Word id="r_46_tl_5_w1" custom="readingOrder {index:0;}">
                    <Coords points="254,637 254,697 337,697 337,637"/>
                    <TextEquiv>
                        <Unicode>Viel</Unicode>
                    </TextEquiv>
                </Word>
                <Word id="r_46_tl_5_w2" custom="readingOrder {index:1;}">
                    <Coords points="362,634 362,694 462,694 462,634"/>
                    <TextEquiv>
                        <Unicode>Böses</Unicode>
                    </TextEquiv>
                </Word>
                <Word id="r_46_tl_5_w3" custom="readingOrder {index:2;}">
                    <Coords points="493,634 493,694 587,694 587,634"/>
                    <TextEquiv>
                        <Unicode>selbst</Unicode>
                    </TextEquiv>
                </Word>
                <Word id="r_46_tl_5_w4" custom="readingOrder {index:3;}">
                    <Coords points="613,633 613,693 665,693 665,633"/>
                    <TextEquiv>
                        <Unicode>von</Unicode>
                    </TextEquiv>
                </Word>
                <Word id="r_46_tl_5_w5" custom="readingOrder {index:4;}">
                    <Coords points="701,636 701,696 772,696 772,636"/>
                    <TextEquiv>
                        <Unicode>ihr.</Unicode>
                    </TextEquiv>
                </Word>
                <TextEquiv>
                    <Unicode>Viel Böses selbst von ihr.</Unicode>
                </TextEquiv>
            </TextLine>
            <TextLine id="r_46_tl_6" custom="readingOrder {index:5;}">
                <Coords points="553,784 608,779 652,793 684,778 742,801 834,786 833,748 813,740 693,732 668,747 641,730 613,746 580,730 552,742"/>
                <Baseline points="558,767 603,767 647,770 692,770 737,773 782,773 826,773 838,776"/>
                <Word id="r_46_tl_6_w1" custom="readingOrder {index:0;}">
                    <Coords points="559,727 559,787 647,787 647,727"/>
                    <TextEquiv>
                        <Unicode>Die</Unicode>
                    </TextEquiv>
                </Word>
                <Word id="r_46_tl_6_w2" custom="readingOrder {index:1;}">
                    <Coords points="677,733 677,793 824,793 824,733"/>
                    <TextEquiv>
                        <Unicode>Muse.</Unicode>
                    </TextEquiv>
                </Word>
                <TextEquiv>
                    <Unicode>Die Muse.</Unicode>
                </TextEquiv>
            </TextLine>
            <TextLine id="r_46_tl_7" custom="readingOrder {index:6;}">
                <Coords points="285,838 436,869 516,840 1009,867 1008,781 284,801"/>
                <Baseline points="292,838 337,838 382,838 426,838 471,841 516,838 561,841 606,841 650,841 695,841 740,841 785,844 829,844 874,844 919,844 964,844 1009,847 1012,847"/>
                <Word id="r_46_tl_7_w1" custom="readingOrder {index:0;}">
                    <Coords points="287,798 287,858 307,858 307,798"/>
                    <TextEquiv>
                        <Unicode>O</Unicode>
                    </TextEquiv>
                </Word>
                <Word id="r_46_tl_7_w2" custom="readingOrder {index:1;}">
                    <Coords points="349,798 349,858 484,858 484,798"/>
                    <TextEquiv>
                        <Unicode>Sohn,</Unicode>
                    </TextEquiv>
                </Word>
                <Word id="r_46_tl_7_w3" custom="readingOrder {index:2;}">
                    <Coords points="512,800 512,860 600,860 600,800"/>
                    <TextEquiv>
                        <Unicode>wenn</Unicode>
                    </TextEquiv>
                </Word>
                <Word id="r_46_tl_7_w4" custom="readingOrder {index:3;}">
                    <Coords points="635,801 635,861 723,861 723,801"/>
                    <TextEquiv>
                        <Unicode>böses</Unicode>
                    </TextEquiv>
                </Word>
                <Word id="r_46_tl_7_w5" custom="readingOrder {index:4;}">
                    <Coords points="751,803 751,863 805,863 805,803"/>
                    <TextEquiv>
                        <Unicode>Er</Unicode>
                    </TextEquiv>
                </Word>
                <Word id="r_46_tl_7_w6" custom="readingOrder {index:5;}">
                    <Coords points="833,804 833,864 894,864 894,804"/>
                    <TextEquiv>
                        <Unicode>von</Unicode>
                    </TextEquiv>
                </Word>
                <Word id="r_46_tl_7_w7" custom="readingOrder {index:6;}">
                    <Coords points="929,804 929,864 1010,864 1010,804"/>
                    <TextEquiv>
                        <Unicode>mir,</Unicode>
                    </TextEquiv>
                </Word>
                <TextEquiv>
                    <Unicode>O Sohn, wenn böses Er von mir,</Unicode>
                </TextEquiv>
            </TextLine>
            <TextLine id="r_46_tl_8" custom="readingOrder {index:7;}">
                <Coords points="243,924 826,941 826,886 740,861 630,890 538,870 445,890 412,863 243,840"/>
                <Baseline points="250,910 295,913 340,913 385,913 429,916 474,916 519,913 564,910 609,913 653,916 698,913 743,913 788,916 829,919"/>
                <Word id="r_46_tl_8_w1" custom="readingOrder {index:0;}">
                    <Coords points="253,872 253,932 318,932 318,872"/>
                    <TextEquiv>
                        <Unicode>Und</Unicode>
                    </TextEquiv>
                </Word>
                <Word id="r_46_tl_8_w2" custom="readingOrder {index:1;}">
                    <Coords points="353,874 353,934 473,934 473,874"/>
                    <TextEquiv>
                        <Unicode>meinen</Unicode>
                    </TextEquiv>
                </Word>
                <Word id="r_46_tl_8_w3" custom="readingOrder {index:2;}">
                    <Coords points="507,871 507,931 654,931 654,871"/>
                    <TextEquiv>
                        <Unicode>Söhnen</Unicode>
                    </TextEquiv>
                </Word>
                <Word id="r_46_tl_8_w4" custom="readingOrder {index:3;}">
                    <Coords points="688,873 688,933 814,933 814,873"/>
                    <TextEquiv>
                        <Unicode>spricht,</Unicode>
                    </TextEquiv>
                </Word>
                <TextEquiv>
                    <Unicode>Und meinen Söhnen spricht,</Unicode>
                </TextEquiv>
            </TextLine>
            <TextLine id="r_46_tl_9" custom="readingOrder {index:8;}">
                <Coords points="246,989 410,1011 506,988 550,1011 673,987 789,1017 840,992 963,1001 963,939 386,950 308,926 246,949"/>
                <Baseline points="253,985 298,985 343,985 388,988 432,985 477,985 522,988 567,988 612,985 656,985 701,988 746,988 791,988 835,988 880,985 925,985 967,985"/>
                <Word id="r_46_tl_9_w1" custom="readingOrder {index:0;}">
                    <Coords points="254,945 254,1005 307,1005 307,945"/>
                    <TextEquiv>
                        <Unicode>So</Unicode>
                    </TextEquiv>
                </Word>
                <Word id="r_46_tl_9_w2" custom="readingOrder {index:1;}">
                    <Coords points="338,946 338,1006 404,1006 404,946"/>
                    <TextEquiv>
                        <Unicode>räch</Unicode>
                    </TextEquiv>
                </Word>
                <Word id="r_46_tl_9_w3" custom="readingOrder {index:2;}">
                    <Coords points="435,945 435,1005 476,1005 476,945"/>
                    <TextEquiv>
                        <Unicode>ich</Unicode>
                    </TextEquiv>
                </Word>
                <Word id="r_46_tl_9_w4" custom="readingOrder {index:3;}">
                    <Coords points="507,948 507,1008 609,1008 609,948"/>
                    <TextEquiv>
                        <Unicode>mich,</Unicode>
                    </TextEquiv>
                </Word>
                <Word id="r_46_tl_9_w5" custom="readingOrder {index:4;}">
                    <Coords points="634,945 634,1005 657,1005 657,945"/>
                    <TextEquiv>
                        <Unicode>so</Unicode>
                    </TextEquiv>
                </Word>
                <Word id="r_46_tl_9_w6" custom="readingOrder {index:5;}">
                    <Coords points="688,948 688,1008 850,1008 850,948"/>
                    <TextEquiv>
                        <Unicode>schweigen</Unicode>
                    </TextEquiv>
                </Word>
                <Word id="r_46_tl_9_w7" custom="readingOrder {index:6;}">
                    <Coords points="887,945 887,1005 959,1005 959,945"/>
                    <TextEquiv>
                        <Unicode>wir,</Unicode>
                    </TextEquiv>
                </Word>
                <TextEquiv>
                    <Unicode>So räch ich mich, so schweigen wir,</Unicode>
                </TextEquiv>
            </TextLine>
            <TextLine id="r_46_tl_10" custom="readingOrder {index:9;}">
                <Coords points="243,1071 337,1084 378,1070 405,1092 485,1071 521,1091 612,1076 704,1091 758,1083 758,1025 641,1040 592,1012 554,1035 374,1010 242,1026"/>
                <Baseline points="250,1053 295,1056 340,1056 385,1059 429,1062 474,1059 519,1059 564,1062 609,1062 653,1062 698,1062 743,1062 761,1062"/>
                <Word id="r_46_tl_10_w1" custom="readingOrder {index:0;}">
                    <Coords points="250,1014 250,1074 303,1074 303,1014"/>
                    <TextEquiv>
                        <Unicode>So</Unicode>
                    </TextEquiv>
                </Word>
                <Word id="r_46_tl_10_w2" custom="readingOrder {index:1;}">
                    <Coords points="334,1019 334,1079 437,1079 437,1019"/>
                    <TextEquiv>
                        <Unicode>singen</Unicode>
                    </TextEquiv>
                </Word>
                <Word id="r_46_tl_10_w3" custom="readingOrder {index:2;}">
                    <Coords points="475,1019 475,1079 529,1079 529,1019"/>
                    <TextEquiv>
                        <Unicode>wir</Unicode>
                    </TextEquiv>
                </Word>
                <Word id="r_46_tl_10_w4" custom="readingOrder {index:3;}">
                    <Coords points="560,1022 560,1082 614,1082 614,1022"/>
                    <TextEquiv>
                        <Unicode>ihn</Unicode>
                    </TextEquiv>
                </Word>
                <Word id="r_46_tl_10_w5" custom="readingOrder {index:4;}">
                    <Coords points="652,1022 652,1082 748,1082 748,1022"/>
                    <TextEquiv>
                        <Unicode>nicht.</Unicode>
                    </TextEquiv>
                </Word>
                <TextEquiv>
                    <Unicode>So singen wir ihn nicht.</Unicode>
                </TextEquiv>
            </TextLine>
            <TextLine id="r_46_tl_11" custom="readingOrder {index:10;}">
                <Coords points="289,1172 976,1178 976,1103 607,1132 289,1114"/>
                <Baseline points="295,1158 307,1155 352,1158 397,1155 441,1155 486,1155 531,1158 576,1158 620,1161 665,1158 710,1158 755,1158 800,1161 844,1158 889,1155 934,1158 979,1155"/>
                <Word id="r_46_tl_11_w1" custom="readingOrder {index:0;}">
                    <Coords points="295,1116 295,1176 350,1176 350,1116"/>
                    <TextEquiv>
                        <Unicode>So</Unicode>
                    </TextEquiv>
                </Word>
                <Word id="r_46_tl_11_w2" custom="readingOrder {index:1;}">
                    <Coords points="384,1115 384,1175 461,1175 461,1115"/>
                    <TextEquiv>
                        <Unicode>wird</Unicode>
                    </TextEquiv>
                </Word>
                <Word id="r_46_tl_11_w3" custom="readingOrder {index:2;}">
                    <Coords points="495,1118 495,1178 639,1178 639,1118"/>
                    <TextEquiv>
                        <Unicode>versenkt</Unicode>
                    </TextEquiv>
                </Word>
                <Word id="r_46_tl_11_w4" custom="readingOrder {index:3;}">
                    <Coords points="668,1118 668,1178 689,1178 689,1118"/>
                    <TextEquiv>
                        <Unicode>in</Unicode>
                    </TextEquiv>
                </Word>
                <Word id="r_46_tl_11_w5" custom="readingOrder {index:4;}">
                    <Coords points="729,1119 729,1179 834,1179 834,1119"/>
                    <TextEquiv>
                        <Unicode>finstre</Unicode>
                    </TextEquiv>
                </Word>
                <Word id="r_46_tl_11_w6" custom="readingOrder {index:5;}">
                    <Coords points="863,1116 863,1176 973,1176 973,1116"/>
                    <TextEquiv>
                        <Unicode>Nacht</Unicode>
                    </TextEquiv>
                </Word>
                <TextEquiv>
                    <Unicode>So wird versenkt in finstre Nacht</Unicode>
                </TextEquiv>
            </TextLine>
            <TextLine id="r_46_tl_12" custom="readingOrder {index:11;}">
                <Coords points="249,1241 322,1237 361,1255 420,1232 503,1246 605,1232 723,1251 711,1177 666,1193 574,1177 537,1191 501,1172 430,1191 249,1183"/>
                <Baseline points="256,1224 301,1227 346,1230 391,1230 435,1230 480,1230 525,1230 570,1230 615,1227 659,1230 704,1230 725,1230"/>
                <Word id="r_46_tl_12_w1" custom="readingOrder {index:0;}">
                    <Coords points="257,1185 257,1245 310,1245 310,1185"/>
                    <TextEquiv>
                        <Unicode>All</Unicode>
                    </TextEquiv>
                </Word>
                <Word id="r_46_tl_12_w2" custom="readingOrder {index:1;}">
                    <Coords points="329,1190 329,1250 425,1250 425,1190"/>
                    <TextEquiv>
                        <Unicode>seiner</Unicode>
                    </TextEquiv>
                </Word>
                <Word id="r_46_tl_12_w3" custom="readingOrder {index:2;}">
                    <Coords points="455,1190 455,1250 575,1250 575,1190"/>
                    <TextEquiv>
                        <Unicode>Thaten</Unicode>
                    </TextEquiv>
                </Word>
                <Word id="r_46_tl_12_w4" custom="readingOrder {index:3;}">
                    <Coords points="612,1190 612,1250 714,1250 714,1190"/>
                    <TextEquiv>
                        <Unicode>Zahl,</Unicode>
                    </TextEquiv>
                </Word>
                <TextEquiv>
                    <Unicode>All seiner Thaten Zahl,</Unicode>
                </TextEquiv>
            </TextLine>
            <TextLine id="r_46_tl_13" custom="readingOrder {index:12;}">
                <Coords points="237,1320 699,1299 777,1330 1022,1325 1022,1258 237,1263"/>
                <Baseline points="244,1295 289,1295 334,1298 379,1298 423,1298 468,1295 513,1295 558,1298 603,1295 647,1298 692,1298 737,1298 782,1298 826,1298 871,1298 916,1298 961,1295 1006,1295 1024,1298"/>
                <Word id="r_46_tl_13_w1" custom="readingOrder {index:0;}">
                    <Coords points="242,1255 242,1315 316,1315 316,1255"/>
                    <TextEquiv>
                        <Unicode>Von</Unicode>
                    </TextEquiv>
                </Word>
                <Word id="r_46_tl_13_w2" custom="readingOrder {index:1;}">
                    <Coords points="353,1258 353,1318 448,1318 448,1258"/>
                    <TextEquiv>
                        <Unicode>seinem</Unicode>
                    </TextEquiv>
                </Word>
                <Word id="r_46_tl_13_w3" custom="readingOrder {index:2;}">
                    <Coords points="497,1257 497,1317 591,1317 591,1257"/>
                    <TextEquiv>
                        <Unicode>Krieg</Unicode>
                    </TextEquiv>
                </Word>
                <Word id="r_46_tl_13_w4" custom="readingOrder {index:3;}">
                    <Coords points="629,1258 629,1318 686,1318 686,1258"/>
                    <TextEquiv>
                        <Unicode>und</Unicode>
                    </TextEquiv>
                </Word>
                <Word id="r_46_tl_13_w5" custom="readingOrder {index:4;}">
                    <Coords points="718,1258 718,1318 819,1318 819,1258"/>
                    <TextEquiv>
                        <Unicode>seiner</Unicode>
                    </TextEquiv>
                </Word>
                <Word id="r_46_tl_13_w6" custom="readingOrder {index:5;}">
                    <Coords points="846,1256 846,1316 1020,1316 1020,1256"/>
                    <TextEquiv>
                        <Unicode>Schlacht,</Unicode>
                    </TextEquiv>
                </Word>
                <TextEquiv>
                    <Unicode>Von seinem Krieg und seiner Schlacht,</Unicode>
                </TextEquiv>
            </TextLine>
            <TextLine id="r_46_tl_14" custom="readingOrder {index:13;}">
                <Coords points="243,1404 428,1407 526,1376 589,1408 850,1385 869,1380 870,1320 243,1326"/>
                <Baseline points="250,1367 289,1367 334,1367 379,1367 423,1367 468,1364 513,1364 558,1364 603,1364 647,1364 692,1361 737,1361 782,1361 826,1361 871,1361"/>
                <Word id="r_46_tl_14_w1" custom="readingOrder {index:0;}">
                    <Coords points="253,1327 253,1387 387,1387 387,1327"/>
                    <TextEquiv>
                        <Unicode>Spricht</Unicode>
                    </TextEquiv>
                </Word>
                <Word id="r_46_tl_14_w2" custom="readingOrder {index:1;}">
                    <Coords points="416,1324 416,1384 586,1384 586,1324"/>
                    <TextEquiv>
                        <Unicode>Nachwelt</Unicode>
                    </TextEquiv>
                </Word>
                <Word id="r_46_tl_14_w3" custom="readingOrder {index:2;}">
                    <Coords points="614,1323 614,1383 694,1383 694,1323"/>
                    <TextEquiv>
                        <Unicode>nicht</Unicode>
                    </TextEquiv>
                </Word>
                <Word id="r_46_tl_14_w4" custom="readingOrder {index:3;}">
                    <Coords points="723,1321 723,1381 864,1381 864,1321"/>
                    <TextEquiv>
                        <Unicode>einmal!</Unicode>
                    </TextEquiv>
                </Word>
                <TextEquiv>
                    <Unicode>Spricht Nachwelt nicht einmal!</Unicode>
                </TextEquiv>
            </TextLine>
            <TextLine id="r_46_tl_15" custom="readingOrder {index:14;}">
                <Coords points="498,1493 648,1482 682,1494 730,1473 837,1492 877,1483 879,1408 829,1395 767,1424 708,1404 665,1418 640,1402 611,1419 499,1427"/>
                <Baseline points="504,1471 522,1465 567,1462 612,1462 656,1462 701,1459 746,1462 791,1462 835,1462 880,1462"/>
                <Word id="r_46_tl_15_w1" custom="readingOrder {index:0;}">
                    <Coords points="509,1422 509,1482 651,1482 651,1422"/>
                    <TextEquiv>
                        <Unicode>Zweytes</Unicode>
                    </TextEquiv>
                </Word>
                <Word id="r_46_tl_15_w2" custom="readingOrder {index:1;}">
                    <Coords points="688,1422 688,1482 865,1482 865,1422"/>
                    <TextEquiv>
                        <Unicode>Gespräch.</Unicode>
                    </TextEquiv>
                </Word>
                <TextEquiv>
                    <Unicode>Zweytes Gespräch.</Unicode>
                </TextEquiv>
            </TextLine>
            <TextLine id="r_46_tl_16" custom="readingOrder {index:15;}">
                <Coords points="539,1557 605,1549 633,1561 660,1542 673,1552 720,1549 746,1567 829,1569 829,1484 793,1502 646,1482 621,1498 539,1504"/>
                <Baseline points="546,1543 564,1543 609,1540 653,1540 698,1540 743,1543 788,1540 832,1540"/>
                <Word id="r_46_tl_16_w1" custom="readingOrder {index:0;}">
                    <Coords points="543,1501 543,1561 635,1561 635,1501"/>
                    <TextEquiv>
                        <Unicode>Die</Unicode>
                    </TextEquiv>
                </Word>
                <Word id="r_46_tl_16_w2" custom="readingOrder {index:1;}">
                    <Coords points="672,1502 672,1562 823,1562 823,1502"/>
                    <TextEquiv>
                        <Unicode>Muse.</Unicode>
                    </TextEquiv>
                </Word>
                <TextEquiv>
                    <Unicode>Die Muse.</Unicode>
                </TextEquiv>
            </TextLine>
            <TextLine id="r_46_tl_17" custom="readingOrder {index:16;}">
                <Coords points="278,1639 902,1626 947,1647 949,1567 864,1595 714,1548 530,1576 327,1541 279,1559"/>
                <Baseline points="286,1621 325,1618 370,1621 414,1621 459,1621 504,1618 549,1618 594,1618 638,1618 683,1618 728,1618 773,1618 818,1618 862,1615 907,1615 952,1612"/>
                <Word id="r_46_tl_17_w1" custom="readingOrder {index:0;}">
                    <Coords points="289,1578 289,1638 354,1638 354,1578"/>
                    <TextEquiv>
                        <Unicode>Du</Unicode>
                    </TextEquiv>
                </Word>
                <Word id="r_46_tl_17_w2" custom="readingOrder {index:1;}">
                    <Coords points="383,1581 383,1641 499,1641 499,1581"/>
                    <TextEquiv>
                        <Unicode>sagest,</Unicode>
                    </TextEquiv>
                </Word>
                <Word id="r_46_tl_17_w3" custom="readingOrder {index:2;}">
                    <Coords points="529,1578 529,1638 739,1638 739,1578"/>
                    <TextEquiv>
                        <Unicode>Friedrich</Unicode>
                    </TextEquiv>
                </Word>
                <Word id="r_46_tl_17_w4" custom="readingOrder {index:3;}">
                    <Coords points="769,1578 769,1638 841,1638 841,1578"/>
                    <TextEquiv>
                        <Unicode>höre</Unicode>
                    </TextEquiv>
                </Word>
                <Word id="r_46_tl_17_w5" custom="readingOrder {index:4;}">
                    <Coords points="871,1575 871,1635 928,1635 928,1575"/>
                    <TextEquiv>
                        <Unicode>nur</Unicode>
                    </TextEquiv>
                </Word>
                <TextEquiv>
                    <Unicode>Du sagest, Friedrich höre nur</Unicode>
                </TextEquiv>
            </TextLine>
            <TextLine id="r_46_tl_18" custom="readingOrder {index:17;}">
                <Coords points="231,1709 285,1715 307,1698 353,1717 466,1713 504,1694 570,1715 662,1706 650,1635 624,1653 507,1642 479,1658 425,1642 292,1662 231,1639"/>
                <Baseline points="238,1692 283,1695 328,1692 373,1695 417,1695 462,1692 507,1692 552,1692 597,1695 641,1695 665,1698"/>
                <Word id="r_46_tl_18_w1" custom="readingOrder {index:0;}">
                    <Coords points="239,1654 239,1714 310,1714 310,1654"/>
                    <TextEquiv>
                        <Unicode>Der</Unicode>
                    </TextEquiv>
                </Word>
                <Word id="r_46_tl_18_w2" custom="readingOrder {index:1;}">
                    <Coords points="341,1655 341,1715 472,1715 472,1655"/>
                    <TextEquiv>
                        <Unicode>Gallier</Unicode>
                    </TextEquiv>
                </Word>
                <Word id="r_46_tl_18_w3" custom="readingOrder {index:2;}">
                    <Coords points="503,1653 503,1713 653,1713 653,1653"/>
                    <TextEquiv>
                        <Unicode>Gesang,</Unicode>
                    </TextEquiv>
                </Word>
                <TextEquiv>
                    <Unicode>Der Gallier Gesang,</Unicode>
                </TextEquiv>
            </TextLine>
            <TextLine id="r_46_tl_19" custom="readingOrder {index:18;}">
                <Coords points="235,1785 442,1804 520,1780 807,1776 885,1799 885,1708 729,1739 235,1728"/>
                <Baseline points="241,1767 286,1770 331,1767 376,1770 420,1767 465,1770 510,1767 555,1767 600,1770 644,1767 689,1770 734,1770 779,1770 824,1770 868,1770 886,1770"/>
                <Word id="r_46_tl_19_w1" custom="readingOrder {index:0;}">
                    <Coords points="248,1729 248,1789 313,1789 313,1729"/>
                    <TextEquiv>
                        <Unicode>Und</Unicode>
                    </TextEquiv>
                </Word>
                <Word id="r_46_tl_19_w2" custom="readingOrder {index:1;}">
                    <Coords points="343,1729 343,1789 425,1789 425,1729"/>
                    <TextEquiv>
                        <Unicode>find'</Unicode>
                    </TextEquiv>
                </Word>
                <Word id="r_46_tl_19_w3" custom="readingOrder {index:2;}">
                    <Coords points="449,1729 449,1789 478,1789 478,1729"/>
                    <TextEquiv>
                        <Unicode>in</Unicode>
                    </TextEquiv>
                </Word>
                <Word id="r_46_tl_19_w4" custom="readingOrder {index:3;}">
                    <Coords points="508,1727 508,1787 597,1787 597,1727"/>
                    <TextEquiv>
                        <Unicode>ihrem</Unicode>
                    </TextEquiv>
                </Word>
                <Word id="r_46_tl_19_w5" custom="readingOrder {index:4;}">
                    <Coords points="645,1729 645,1789 727,1789 727,1729"/>
                    <TextEquiv>
                        <Unicode>Witz</Unicode>
                    </TextEquiv>
                </Word>
                <Word id="r_46_tl_19_w6" custom="readingOrder {index:5;}">
                    <Coords points="752,1730 752,1790 881,1790 881,1730"/>
                    <TextEquiv>
                        <Unicode>Natur,</Unicode>
                    </TextEquiv>
                </Word>
                <TextEquiv>
                    <Unicode>Und find' in ihrem Witz Natur,</Unicode>
                </TextEquiv>
            </TextLine>
            <TextLine id="r_46_tl_20" custom="readingOrder {index:19;}">
                <Coords points="241,1863 334,1871 430,1846 496,1890 764,1874 761,1783 651,1801 579,1788 522,1812 478,1790 307,1805 241,1785"/>
                <Baseline points="247,1845 274,1842 319,1842 364,1842 409,1842 453,1842 498,1839 543,1842 588,1839 632,1839 677,1839 722,1839 767,1839"/>
                <Word id="r_46_tl_20_w1" custom="readingOrder {index:0;}">
                    <Coords points="252,1802 252,1862 294,1862 294,1802"/>
                    <TextEquiv>
                        <Unicode>Jn</Unicode>
                    </TextEquiv>
                </Word>
                <Word id="r_46_tl_20_w2" custom="readingOrder {index:1;}">
                    <Coords points="330,1802 330,1862 415,1862 415,1802"/>
                    <TextEquiv>
                        <Unicode>ihrer</Unicode>
                    </TextEquiv>
                </Word>
                <Word id="r_46_tl_20_w3" custom="readingOrder {index:2;}">
                    <Coords points="445,1800 445,1860 594,1860 594,1800"/>
                    <TextEquiv>
                        <Unicode>Sprache</Unicode>
                    </TextEquiv>
                </Word>
                <Word id="r_46_tl_20_w4" custom="readingOrder {index:3;}">
                    <Coords points="623,1799 623,1859 750,1859 750,1799"/>
                    <TextEquiv>
                        <Unicode>Klang.</Unicode>
                    </TextEquiv>
                </Word>
                <TextEquiv>
                    <Unicode>Jn ihrer Sprache Klang.</Unicode>
                </TextEquiv>
            </TextLine>
            <TextLine id="r_46_tl_21" custom="readingOrder {index:20;}">
                <Coords points="278,1949 978,1930 1155,1954 1156,1882 279,1900"/>
                <Baseline points="286,1934 307,1934 352,1934 397,1931 441,1931 486,1928 531,1928 576,1928 620,1925 665,1925 710,1925 755,1925 800,1925 844,1925 889,1922 934,1925 979,1922 1024,1919 1068,1922 1113,1922 1158,1922"/>
                <Word id="r_46_tl_21_w1" custom="readingOrder {index:0;}">
                    <Coords points="285,1894 285,1954 385,1954 385,1894"/>
                    <TextEquiv>
                        <Unicode>Mein</Unicode>
                    </TextEquiv>
                </Word>
                <Word id="r_46_tl_21_w2" custom="readingOrder {index:1;}">
                    <Coords points="422,1890 422,1950 486,1950 486,1890"/>
                    <TextEquiv>
                        <Unicode>Lied</Unicode>
                    </TextEquiv>
                </Word>
                <Word id="r_46_tl_21_w3" custom="readingOrder {index:2;}">
                    <Coords points="517,1888 517,1948 576,1948 576,1888"/>
                    <TextEquiv>
                        <Unicode>von</Unicode>
                    </TextEquiv>
                </Word>
                <Word id="r_46_tl_21_w4" custom="readingOrder {index:3;}">
                    <Coords points="606,1885 606,1945 700,1945 700,1885"/>
                    <TextEquiv>
                        <Unicode>ihm,</Unicode>
                    </TextEquiv>
                </Word>
                <Word id="r_46_tl_21_w5" custom="readingOrder {index:4;}">
                    <Coords points="725,1885 725,1945 778,1945 778,1885"/>
                    <TextEquiv>
                        <Unicode>das</Unicode>
                    </TextEquiv>
                </Word>
                <Word id="r_46_tl_21_w6" custom="readingOrder {index:5;}">
                    <Coords points="808,1883 808,1943 938,1943 938,1883"/>
                    <TextEquiv>
                        <Unicode>jüngst,</Unicode>
                    </TextEquiv>
                </Word>
                <Word id="r_46_tl_21_w7" custom="readingOrder {index:6;}">
                    <Coords points="969,1882 969,1942 986,1942 986,1882"/>
                    <TextEquiv>
                        <Unicode>a</Unicode>
                    </TextEquiv>
                </Word>
                <Word id="r_46_tl_21_w8" custom="readingOrder {index:7;}">
                    <Coords points="1017,1882 1017,1942 1146,1942 1146,1882"/>
                    <TextEquiv>
                        <Unicode>Sohn:</Unicode>
                    </TextEquiv>
                </Word>
                <TextEquiv>
                    <Unicode>Mein Lied von ihm, das jüngst, a Sohn:</Unicode>
                </TextEquiv>
            </TextLine>
            <TextLine id="r_46_tl_22" custom="readingOrder {index:21;}">
                <Coords points="229,2015 312,2032 592,2004 661,2018 688,1999 855,2019 856,1961 750,1932 649,1966 554,1950 410,1976 231,1948"/>
                <Baseline points="235,2009 277,2003 322,2006 367,2003 412,2000 456,1997 501,1994 546,1991 591,1991 635,1991 680,1991 725,1991 770,1991 815,1991 859,1997"/>
                <Word id="r_46_tl_22_w1" custom="readingOrder {index:0;}">
                    <Coords points="243,1963 243,2023 316,2023 316,1963"/>
                    <TextEquiv>
                        <Unicode>Die</Unicode>
                    </TextEquiv>
                </Word>
                <Word id="r_46_tl_22_w2" custom="readingOrder {index:1;}">
                    <Coords points="341,1959 341,2019 501,2019 501,1959"/>
                    <TextEquiv>
                        <Unicode>Nymphe</Unicode>
                    </TextEquiv>
                </Word>
                <Word id="r_46_tl_22_w3" custom="readingOrder {index:2;}">
                    <Coords points="526,1951 526,2011 642,2011 642,1951"/>
                    <TextEquiv>
                        <Unicode>Sprea</Unicode>
                    </TextEquiv>
                </Word>
                <Word id="r_46_tl_22_w4" custom="readingOrder {index:3;}">
                    <Coords points="668,1951 668,2011 760,2011 760,1951"/>
                    <TextEquiv>
                        <Unicode>sang,</Unicode>
                    </TextEquiv>
                </Word>
                <Word id="r_46_tl_22_w5" custom="readingOrder {index:4;}">
                    <Coords points="785,1951 785,2011 839,2011 839,1951"/>
                    <TextEquiv>
                        <Unicode>(*)</Unicode>
                    </TextEquiv>
                </Word>
                <TextEquiv>
                    <Unicode>Die Nymphe Sprea sang, (*)</Unicode>
                </TextEquiv>
            </TextLine>
            <TextLine id="r_46_tl_23" custom="readingOrder {index:22;}">
                <Coords points="231,2078 677,2061 911,2085 942,2080 944,2009 232,2042"/>
                <Baseline points="238,2071 274,2071 319,2071 364,2068 409,2068 453,2068 498,2065 543,2063 588,2063 632,2060 677,2060 722,2060 767,2060 812,2060 856,2057 901,2057 946,2060"/>
                <Word id="r_46_tl_23_w1" custom="readingOrder {index:0;}">
                    <Coords points="237,2031 237,2091 339,2091 339,2031"/>
                    <TextEquiv>
                        <Unicode>Hatt'</Unicode>
                    </TextEquiv>
                </Word>
                <Word id="r_46_tl_23_w2" custom="readingOrder {index:1;}">
                    <Coords points="368,2028 368,2088 395,2088 395,2028"/>
                    <TextEquiv>
                        <Unicode>es</Unicode>
                    </TextEquiv>
                </Word>
                <Word id="r_46_tl_23_w3" custom="readingOrder {index:2;}">
                    <Coords points="428,2026 428,2086 515,2086 515,2026"/>
                    <TextEquiv>
                        <Unicode>nicht</Unicode>
                    </TextEquiv>
                </Word>
                <Word id="r_46_tl_23_w4" custom="readingOrder {index:3;}">
                    <Coords points="543,2022 543,2082 641,2082 641,2022"/>
                    <TextEquiv>
                        <Unicode>feinen</Unicode>
                    </TextEquiv>
                </Word>
                <Word id="r_46_tl_23_w5" custom="readingOrder {index:4;}">
                    <Coords points="674,2020 674,2080 799,2080 799,2020"/>
                    <TextEquiv>
                        <Unicode>Goldes</Unicode>
                    </TextEquiv>
                </Word>
                <Word id="r_46_tl_23_w6" custom="readingOrder {index:5;}">
                    <Coords points="833,2017 833,2077 936,2077 936,2017"/>
                    <TextEquiv>
                        <Unicode>Ton?</Unicode>
                    </TextEquiv>
                </Word>
                <TextEquiv>
                    <Unicode>Hatt' es nicht feinen Goldes Ton?</Unicode>
                </TextEquiv>
            </TextLine>
            <TextLine id="r_46_tl_24" custom="readingOrder {index:23;}">
                <Coords points="231,2160 711,2164 767,2144 768,2077 448,2110 232,2077"/>
                <Baseline points="238,2143 277,2140 322,2140 367,2140 412,2140 456,2137 501,2137 546,2134 591,2134 635,2131 680,2134 725,2134 770,2137"/>
                <Word id="r_46_tl_24_w1" custom="readingOrder {index:0;}">
                    <Coords points="240,2100 240,2160 343,2160 343,2100"/>
                    <TextEquiv>
                        <Unicode>Nicht</Unicode>
                    </TextEquiv>
                </Word>
                <Word id="r_46_tl_24_w2" custom="readingOrder {index:1;}">
                    <Coords points="369,2099 369,2159 466,2159 466,2099"/>
                    <TextEquiv>
                        <Unicode>hellen</Unicode>
                    </TextEquiv>
                </Word>
                <Word id="r_46_tl_24_w3" custom="readingOrder {index:2;}">
                    <Coords points="499,2091 499,2151 744,2151 744,2091"/>
                    <TextEquiv>
                        <Unicode>Silberklang?</Unicode>
                    </TextEquiv>
                </Word>
                <TextEquiv>
                    <Unicode>Nicht hellen Silberklang?</Unicode>
                </TextEquiv>
            </TextLine>
            <TextLine id="r_46_tl_25" custom="readingOrder {index:24;}">
                <Coords points="519,2251 628,2257 702,2240 751,2256 850,2234 850,2175 813,2166 700,2168 644,2155 519,2171"/>
                <Baseline points="525,2236 540,2233 585,2233 629,2233 674,2233 719,2233 764,2233 809,2233 853,2233"/>
                <Word id="r_46_tl_25_w1" custom="readingOrder {index:0;}">
                    <Coords points="527,2193 527,2253 615,2253 615,2193"/>
                    <TextEquiv>
                        <Unicode>Der</Unicode>
                    </TextEquiv>
                </Word>
                <Word id="r_46_tl_25_w2" custom="readingOrder {index:1;}">
                    <Coords points="644,2193 644,2253 831,2253 831,2193"/>
                    <TextEquiv>
                        <Unicode>Dichter.</Unicode>
                    </TextEquiv>
                </Word>
                <TextEquiv>
                    <Unicode>Der Dichter.</Unicode>
                </TextEquiv>
            </TextLine>
            <TextLine id="r_46_tl_26" custom="readingOrder {index:25;}">
                <Coords points="283,2320 1113,2315 1113,2260 1080,2256 283,2267"/>
                <Baseline points="289,2310 310,2310 355,2310 400,2310 444,2310 489,2307 534,2310 579,2310 623,2307 668,2307 713,2307 758,2307 803,2304 847,2307 892,2304 937,2301 982,2298 1027,2301 1071,2298 1116,2298"/>
                <Word id="r_46_tl_26_w1" custom="readingOrder {index:0;}">
                    <Coords points="291,2270 291,2330 346,2330 346,2270"/>
                    <TextEquiv>
                        <Unicode>So</Unicode>
                    </TextEquiv>
                </Word>
                <Word id="r_46_tl_26_w2" custom="readingOrder {index:1;}">
                    <Coords points="377,2270 377,2330 481,2330 481,2270"/>
                    <TextEquiv>
                        <Unicode>sanft,</Unicode>
                    </TextEquiv>
                </Word>
                <Word id="r_46_tl_26_w3" custom="readingOrder {index:2;}">
                    <Coords points="506,2270 506,2330 567,2330 567,2270"/>
                    <TextEquiv>
                        <Unicode>wie</Unicode>
                    </TextEquiv>
                </Word>
                <Word id="r_46_tl_26_w4" custom="readingOrder {index:3;}">
                    <Coords points="593,2267 593,2327 832,2327 832,2267"/>
                    <TextEquiv>
                        <Unicode>Friedrichs</Unicode>
                    </TextEquiv>
                </Word>
                <Word id="r_46_tl_26_w5" custom="readingOrder {index:4;}">
                    <Coords points="863,2262 863,2322 955,2322 955,2262"/>
                    <TextEquiv>
                        <Unicode>Flöte</Unicode>
                    </TextEquiv>
                </Word>
                <Word id="r_46_tl_26_w6" custom="readingOrder {index:5;}">
                    <Coords points="980,2260 980,2320 1090,2320 1090,2260"/>
                    <TextEquiv>
                        <Unicode>klingt,</Unicode>
                    </TextEquiv>
                </Word>
                <TextEquiv>
                    <Unicode>So sanft, wie Friedrichs Flöte klingt,</Unicode>
                </TextEquiv>
            </TextLine>
            <TextLine id="r_46_tl_27" custom="readingOrder {index:26;}">
                <Coords points="235,2389 362,2414 440,2389 806,2401 807,2322 591,2353 483,2341 440,2358 410,2336 366,2356 235,2353"/>
                <Baseline points="241,2382 286,2385 331,2385 376,2388 420,2385 465,2385 510,2385 555,2382 600,2379 644,2379 689,2376 734,2376 779,2379 809,2382"/>
                <Word id="r_46_tl_27_w1" custom="readingOrder {index:0;}">
                    <Coords points="243,2343 243,2403 296,2403 296,2343"/>
                    <TextEquiv>
                        <Unicode>So</Unicode>
                    </TextEquiv>
                </Word>
                <Word id="r_46_tl_27_w2" custom="readingOrder {index:1;}">
                    <Coords points="327,2347 327,2407 417,2407 417,2347"/>
                    <TextEquiv>
                        <Unicode>sanft</Unicode>
                    </TextEquiv>
                </Word>
                <Word id="r_46_tl_27_w3" custom="readingOrder {index:2;}">
                    <Coords points="442,2345 442,2405 574,2405 574,2345"/>
                    <TextEquiv>
                        <Unicode>erklingt</Unicode>
                    </TextEquiv>
                </Word>
                <Word id="r_46_tl_27_w4" custom="readingOrder {index:3;}">
                    <Coords points="599,2339 599,2399 664,2399 664,2339"/>
                    <TextEquiv>
                        <Unicode>dein</Unicode>
                    </TextEquiv>
                </Word>
                <Word id="r_46_tl_27_w5" custom="readingOrder {index:4;}">
                    <Coords points="701,2336 701,2396 785,2396 785,2336"/>
                    <TextEquiv>
                        <Unicode>Lied,</Unicode>
                    </TextEquiv>
                </Word>
                <TextEquiv>
                    <Unicode>So sanft erklingt dein Lied,</Unicode>
                </TextEquiv>
            </TextLine>
            <TextLine id="r_46_tl_28" custom="readingOrder {index:27;}">
                <Coords points="231,2459 480,2485 684,2449 854,2469 875,2461 876,2386 687,2424 621,2402 231,2417"/>
                <Baseline points="238,2454 283,2454 328,2457 373,2457 417,2457 462,2454 507,2451 552,2454 597,2451 641,2451 686,2448 731,2448 776,2448 821,2451 865,2454 877,2454"/>
                <Word id="r_46_tl_28_w1" custom="readingOrder {index:0;}">
                    <Coords points="238,2414 238,2474 339,2474 339,2414"/>
                    <TextEquiv>
                        <Unicode>Wenn</Unicode>
                    </TextEquiv>
                </Word>
                <Word id="r_46_tl_28_w2" custom="readingOrder {index:1;}">
                    <Coords points="375,2417 375,2477 445,2477 445,2417"/>
                    <TextEquiv>
                        <Unicode>eine</Unicode>
                    </TextEquiv>
                </Word>
                <Word id="r_46_tl_28_w3" custom="readingOrder {index:2;}">
                    <Coords points="470,2412 470,2472 665,2472 665,2412"/>
                    <TextEquiv>
                        <Unicode>Sängerinn</Unicode>
                    </TextEquiv>
                </Word>
                <Word id="r_46_tl_28_w4" custom="readingOrder {index:3;}">
                    <Coords points="701,2408 701,2468 730,2468 730,2408"/>
                    <TextEquiv>
                        <Unicode>es</Unicode>
                    </TextEquiv>
                </Word>
                <Word id="r_46_tl_28_w5" custom="readingOrder {index:4;}">
                    <Coords points="761,2410 761,2470 861,2470 861,2410"/>
                    <TextEquiv>
                        <Unicode>singt,</Unicode>
                    </TextEquiv>
                </Word>
                <TextEquiv>
                    <Unicode>Wenn eine Sängerinn es singt,</Unicode>
                </TextEquiv>
            </TextLine>
            <TextLine id="r_46_tl_29" custom="readingOrder {index:28;}">
                <Coords points="224,2562 441,2526 629,2561 677,2542 795,2559 796,2483 746,2469 654,2492 226,2476"/>
                <Baseline points="232,2525 259,2522 304,2525 349,2525 394,2525 438,2525 483,2522 528,2519 573,2522 618,2519 662,2516 707,2516 752,2516 797,2519"/>
                <Word id="r_46_tl_29_w1" custom="readingOrder {index:0;}">
                    <Coords points="240,2483 240,2543 312,2543 312,2483"/>
                    <TextEquiv>
                        <Unicode>Die</Unicode>
                    </TextEquiv>
                </Word>
                <Word id="r_46_tl_29_w2" custom="readingOrder {index:1;}">
                    <Coords points="340,2485 340,2545 385,2545 385,2485"/>
                    <TextEquiv>
                        <Unicode>sich</Unicode>
                    </TextEquiv>
                </Word>
                <Word id="r_46_tl_29_w3" custom="readingOrder {index:2;}">
                    <Coords points="419,2484 419,2544 465,2544 465,2484"/>
                    <TextEquiv>
                        <Unicode>die</Unicode>
                    </TextEquiv>
                </Word>
                <Word id="r_46_tl_29_w4" custom="readingOrder {index:3;}">
                    <Coords points="492,2480 492,2540 598,2540 598,2480"/>
                    <TextEquiv>
                        <Unicode>Mus'</Unicode>
                    </TextEquiv>
                </Word>
                <Word id="r_46_tl_29_w5" custom="readingOrder {index:4;}">
                    <Coords points="625,2476 625,2536 764,2536 764,2476"/>
                    <TextEquiv>
                        <Unicode>erzieht!</Unicode>
                    </TextEquiv>
                </Word>
                <TextEquiv>
                    <Unicode>Die sich die Mus' erzieht!</Unicode>
                </TextEquiv>
            </TextLine>
            <TextLine id="r_46_tl_30" custom="readingOrder {index:29;}">
                <Coords points="246,2625 1110,2612 1121,2569 795,2578 671,2545 246,2593"/>
                <Baseline points="253,2612 271,2609 316,2612 361,2612 406,2609 450,2609 495,2606 540,2609 585,2606 629,2606 674,2603 719,2603 764,2603 809,2603 853,2603 898,2603 943,2600 988,2600 1032,2600 1077,2600 1122,2600"/>
                <Word id="r_46_tl_30_w1" custom="readingOrder {index:0;}">
                    <Coords points="248,2569 248,2629 295,2629 295,2569"/>
                    <TextEquiv>
                        <Unicode>(*)</Unicode>
                    </TextEquiv>
                </Word>
                <Word id="r_46_tl_30_w2" custom="readingOrder {index:1;}">
                    <Coords points="313,2572 313,2632 347,2632 347,2572"/>
                    <TextEquiv>
                        <Unicode>Am</Unicode>
                    </TextEquiv>
                </Word>
                <Word id="r_46_tl_30_w3" custom="readingOrder {index:2;}">
                    <Coords points="377,2568 377,2628 553,2628 553,2568"/>
                    <TextEquiv>
                        <Unicode>Geburtstage</Unicode>
                    </TextEquiv>
                </Word>
                <Word id="r_46_tl_30_w4" custom="readingOrder {index:3;}">
                    <Coords points="571,2566 571,2626 609,2626 609,2566"/>
                    <TextEquiv>
                        <Unicode>des</Unicode>
                    </TextEquiv>
                </Word>
                <Word id="r_46_tl_30_w5" custom="readingOrder {index:4;}">
                    <Coords points="631,2563 631,2623 747,2623 747,2563"/>
                    <TextEquiv>
                        <Unicode>Königs,</Unicode>
                    </TextEquiv>
                </Word>
                <Word id="r_46_tl_30_w6" custom="readingOrder {index:5;}">
                    <Coords points="760,2563 760,2623 798,2623 798,2563"/>
                    <TextEquiv>
                        <Unicode>den</Unicode>
                    </TextEquiv>
                </Word>
                <Word id="r_46_tl_30_w7" custom="readingOrder {index:6;}">
                    <Coords points="820,2563 820,2623 889,2623 889,2563"/>
                    <TextEquiv>
                        <Unicode>24ten</Unicode>
                    </TextEquiv>
                </Word>
                <Word id="r_46_tl_30_w8" custom="readingOrder {index:7;}">
                    <Coords points="911,2560 911,2620 1022,2620 1022,2560"/>
                    <TextEquiv>
                        <Unicode>Jenner,</Unicode>
                    </TextEquiv>
                </Word>
                <Word id="r_46_tl_30_w9" custom="readingOrder {index:8;}">
                    <Coords points="1035,2560 1035,2620 1108,2620 1108,2560"/>
                    <TextEquiv>
                        <Unicode>1764.</Unicode>
                    </TextEquiv>
                </Word>
                <TextEquiv>
                    <Unicode>(*) Am Geburtstage des Königs, den 24ten Jenner, 1764.</Unicode>
                </TextEquiv>
            </TextLine>
            <TextEquiv>
                <Unicode></Unicode>
            </TextEquiv>
        </TextRegion>
        <TextRegion id="r_47" custom="readingOrder {index:1;}">
            <Coords points="1194,330 2215,330 2215,2630 1194,2630"/>
            <TextLine id="r_47_tl_1" custom="readingOrder {index:0;}">
                <Coords points="1567,408 1694,419 1712,403 1762,408 1790,424 1819,403 1862,412 1859,353 1807,359 1725,326 1715,335 1702,327 1667,354 1632,342 1564,347"/>
                <Baseline points="1573,385 1618,385 1662,388 1707,391 1752,391 1797,394 1842,394 1862,397"/>
                <Word id="r_47_tl_1_w1" custom="readingOrder {index:0;}">
                    <Coords points="1571,345 1571,405 1662,405 1662,345"/>
                    <TextEquiv>
                        <Unicode>Die</Unicode>
                    </TextEquiv>
                </Word>
                <Word id="r_47_tl_1_w2" custom="readingOrder {index:1;}">
                    <Coords points="1698,352 1698,412 1847,412 1847,352"/>
                    <TextEquiv>
                        <Unicode>Muse.</Unicode>
                    </TextEquiv>
                </Word>
                <TextEquiv>
                    <Unicode>Die Muse.</Unicode>
                </TextEquiv>
            </TextLine>
            <TextLine id="r_47_tl_2" custom="readingOrder {index:1;}">
                <Coords points="1306,469 2038,489 2050,426 1305,412"/>
                <Baseline points="1313,459 1358,459 1403,459 1447,459 1492,456 1537,456 1582,456 1627,459 1671,459 1716,462 1761,462 1806,462 1851,462 1895,465 1940,465 1985,462 2030,462 2054,465"/>
                <Word id="r_47_tl_2_w1" custom="readingOrder {index:0;}">
                    <Coords points="1312,419 1312,479 1485,479 1485,419"/>
                    <TextEquiv>
                        <Unicode>Damals,</Unicode>
                    </TextEquiv>
                </Word>
                <Word id="r_47_tl_2_w2" custom="readingOrder {index:1;}">
                    <Coords points="1509,416 1509,476 1526,476 1526,416"/>
                    <TextEquiv>
                        <Unicode>o</Unicode>
                    </TextEquiv>
                </Word>
                <Word id="r_47_tl_2_w3" custom="readingOrder {index:2;}">
                    <Coords points="1561,418 1561,478 1688,478 1688,418"/>
                    <TextEquiv>
                        <Unicode>Sohn!</Unicode>
                    </TextEquiv>
                </Word>
                <Word id="r_47_tl_2_w4" custom="readingOrder {index:3;}">
                    <Coords points="1712,422 1712,482 1764,482 1764,422"/>
                    <TextEquiv>
                        <Unicode>als</Unicode>
                    </TextEquiv>
                </Word>
                <Word id="r_47_tl_2_w5" custom="readingOrder {index:4;}">
                    <Coords points="1793,425 1793,485 2030,485 2030,425"/>
                    <TextEquiv>
                        <Unicode>Friederich</Unicode>
                    </TextEquiv>
                </Word>
                <TextEquiv>
                    <Unicode>Damals, o Sohn! als Friederich</Unicode>
                </TextEquiv>
            </TextLine>
            <TextLine id="r_47_tl_3" custom="readingOrder {index:2;}">
                <Coords points="1261,549 1385,564 1605,536 1674,560 1806,562 1806,503 1721,490 1670,505 1484,477 1427,507 1261,488"/>
                <Baseline points="1268,528 1313,531 1358,531 1403,531 1447,531 1492,531 1537,528 1582,525 1627,528 1671,528 1716,531 1761,534 1806,537 1809,537"/>
                <Word id="r_47_tl_3_w1" custom="readingOrder {index:0;}">
                    <Coords points="1268,490 1268,550 1342,550 1342,490"/>
                    <TextEquiv>
                        <Unicode>Bey</Unicode>
                    </TextEquiv>
                </Word>
                <Word id="r_47_tl_3_w2" custom="readingOrder {index:1;}">
                    <Coords points="1372,491 1372,551 1517,551 1517,491"/>
                    <TextEquiv>
                        <Unicode>Roßbach</Unicode>
                    </TextEquiv>
                </Word>
                <Word id="r_47_tl_3_w3" custom="readingOrder {index:2;}">
                    <Coords points="1553,487 1553,547 1681,547 1681,487"/>
                    <TextEquiv>
                        <Unicode>Sieger</Unicode>
                    </TextEquiv>
                </Word>
                <Word id="r_47_tl_3_w4" custom="readingOrder {index:3;}">
                    <Coords points="1710,493 1710,553 1791,553 1791,493"/>
                    <TextEquiv>
                        <Unicode>war,</Unicode>
                    </TextEquiv>
                </Word>
                <TextEquiv>
                    <Unicode>Bey Roßbach Sieger war,</Unicode>
                </TextEquiv>
            </TextLine>
            <TextLine id="r_47_tl_4" custom="readingOrder {index:3;}">
                <Coords points="1261,621 1751,607 1783,628 1852,607 1911,627 1909,569 1868,562 1541,555 1510,574 1447,544 1357,568 1259,549"/>
                <Baseline points="1268,600 1313,603 1358,603 1403,603 1447,603 1492,603 1537,600 1582,600 1627,603 1671,600 1716,603 1761,603 1806,606 1851,606 1895,609 1913,615"/>
                <Word id="r_47_tl_4_w1" custom="readingOrder {index:0;}">
                    <Coords points="1265,562 1265,622 1333,622 1333,562"/>
                    <TextEquiv>
                        <Unicode>Und</Unicode>
                    </TextEquiv>
                </Word>
                <Word id="r_47_tl_4_w2" custom="readingOrder {index:1;}">
                    <Coords points="1367,563 1367,623 1401,623 1401,563"/>
                    <TextEquiv>
                        <Unicode>du</Unicode>
                    </TextEquiv>
                </Word>
                <Word id="r_47_tl_4_w3" custom="readingOrder {index:2;}">
                    <Coords points="1436,563 1436,623 1498,623 1498,563"/>
                    <TextEquiv>
                        <Unicode>mit</Unicode>
                    </TextEquiv>
                </Word>
                <Word id="r_47_tl_4_w4" custom="readingOrder {index:3;}">
                    <Coords points="1522,560 1522,620 1663,620 1663,560"/>
                    <TextEquiv>
                        <Unicode>fochtest,</Unicode>
                    </TextEquiv>
                </Word>
                <Word id="r_47_tl_4_w5" custom="readingOrder {index:4;}">
                    <Coords points="1692,562 1692,622 1720,622 1720,562"/>
                    <TextEquiv>
                        <Unicode>da</Unicode>
                    </TextEquiv>
                </Word>
                <Word id="r_47_tl_4_w6" custom="readingOrder {index:5;}">
                    <Coords points="1755,564 1755,624 1823,624 1823,564"/>
                    <TextEquiv>
                        <Unicode>war</Unicode>
                    </TextEquiv>
                </Word>
                <Word id="r_47_tl_4_w7" custom="readingOrder {index:6;}">
                    <Coords points="1852,567 1852,627 1891,627 1891,567"/>
                    <TextEquiv>
                        <Unicode>ich</Unicode>
                    </TextEquiv>
                </Word>
                <TextEquiv>
                    <Unicode>Und du mit fochtest, da war ich</Unicode>
                </TextEquiv>
            </TextLine>
            <TextLine id="r_47_tl_5" custom="readingOrder {index:4;}">
                <Coords points="1261,682 1541,713 1704,687 1761,705 1761,636 1561,627 1488,649 1395,635 1355,656 1261,621"/>
                <Baseline points="1268,671 1313,671 1358,674 1403,674 1447,674 1492,674 1537,674 1582,674 1627,674 1671,671 1716,671 1761,674 1764,674"/>
                <Word id="r_47_tl_5_w1" custom="readingOrder {index:0;}">
                    <Coords points="1267,631 1267,691 1339,691 1339,631"/>
                    <TextEquiv>
                        <Unicode>Bey</Unicode>
                    </TextEquiv>
                </Word>
                <Word id="r_47_tl_5_w2" custom="readingOrder {index:1;}">
                    <Coords points="1373,634 1373,694 1468,694 1468,634"/>
                    <TextEquiv>
                        <Unicode>seiner</Unicode>
                    </TextEquiv>
                </Word>
                <Word id="r_47_tl_5_w3" custom="readingOrder {index:2;}">
                    <Coords points="1496,634 1496,694 1752,694 1752,634"/>
                    <TextEquiv>
                        <Unicode>Heldenschaar!</Unicode>
                    </TextEquiv>
                </Word>
                <TextEquiv>
                    <Unicode>Bey seiner Heldenschaar!</Unicode>
                </TextEquiv>
            </TextLine>
            <TextLine id="r_47_tl_6" custom="readingOrder {index:5;}">
                <Coords points="1304,790 1941,779 1941,708 1898,698 1568,721 1304,694"/>
                <Baseline points="1310,770 1316,770 1361,770 1406,767 1450,767 1495,770 1540,770 1585,767 1630,767 1674,770 1719,767 1764,770 1809,770 1854,770 1898,770 1943,767"/>
                <Word id="r_47_tl_6_w1" custom="readingOrder {index:0;}">
                    <Coords points="1314,730 1314,790 1387,790 1387,730"/>
                    <TextEquiv>
                        <Unicode>Wie</Unicode>
                    </TextEquiv>
                </Word>
                <Word id="r_47_tl_6_w2" custom="readingOrder {index:1;}">
                    <Coords points="1415,729 1415,789 1557,789 1557,729"/>
                    <TextEquiv>
                        <Unicode>Donner</Unicode>
                    </TextEquiv>
                </Word>
                <Word id="r_47_tl_6_w3" custom="readingOrder {index:2;}">
                    <Coords points="1585,728 1585,788 1706,788 1706,728"/>
                    <TextEquiv>
                        <Unicode>rollen,</Unicode>
                    </TextEquiv>
                </Word>
                <Word id="r_47_tl_6_w4" custom="readingOrder {index:3;}">
                    <Coords points="1727,730 1727,790 1814,790 1814,730"/>
                    <TextEquiv>
                        <Unicode>rollte</Unicode>
                    </TextEquiv>
                </Word>
                <Word id="r_47_tl_6_w5" custom="readingOrder {index:4;}">
                    <Coords points="1842,730 1842,790 1916,790 1916,730"/>
                    <TextEquiv>
                        <Unicode>hart</Unicode>
                    </TextEquiv>
                </Word>
                <TextEquiv>
                    <Unicode>Wie Donner rollen, rollte hart</Unicode>
                </TextEquiv>
            </TextLine>
            <TextLine id="r_47_tl_7" custom="readingOrder {index:6;}">
                <Coords points="1272,871 1357,849 1707,861 1707,789 1691,780 1602,807 1502,786 1422,800 1272,789"/>
                <Baseline points="1278,839 1325,838 1370,841 1415,838 1459,838 1504,838 1549,838 1594,841 1639,838 1683,838 1710,841"/>
                <Word id="r_47_tl_7_w1" custom="readingOrder {index:0;}">
                    <Coords points="1273,800 1273,860 1441,860 1441,800"/>
                    <TextEquiv>
                        <Unicode>Jedwedes</Unicode>
                    </TextEquiv>
                </Word>
                <Word id="r_47_tl_7_w2" custom="readingOrder {index:1;}">
                    <Coords points="1477,800 1477,860 1703,860 1703,800"/>
                    <TextEquiv>
                        <Unicode>Heldenwort,</Unicode>
                    </TextEquiv>
                </Word>
                <TextEquiv>
                    <Unicode>Jedwedes Heldenwort,</Unicode>
                </TextEquiv>
            </TextLine>
            <TextLine id="r_47_tl_8" custom="readingOrder {index:7;}">
                <Coords points="1261,917 1494,950 1763,920 1852,945 1976,931 1961,852 1823,890 1658,858 1503,891 1379,859 1261,869"/>
                <Baseline points="1268,913 1313,910 1358,910 1403,913 1447,910 1492,910 1537,910 1582,913 1627,913 1671,913 1716,913 1761,913 1806,913 1851,913 1895,913 1940,913 1979,913"/>
                <Word id="r_47_tl_8_w1" custom="readingOrder {index:0;}">
                    <Coords points="1262,870 1262,930 1337,930 1337,870"/>
                    <TextEquiv>
                        <Unicode>Das</Unicode>
                    </TextEquiv>
                </Word>
                <Word id="r_47_tl_8_w2" custom="readingOrder {index:1;}">
                    <Coords points="1372,871 1372,931 1394,931 1394,871"/>
                    <TextEquiv>
                        <Unicode>in</Unicode>
                    </TextEquiv>
                </Word>
                <Word id="r_47_tl_8_w3" custom="readingOrder {index:2;}">
                    <Coords points="1430,870 1430,930 1481,930 1481,870"/>
                    <TextEquiv>
                        <Unicode>der</Unicode>
                    </TextEquiv>
                </Word>
                <Word id="r_47_tl_8_w4" custom="readingOrder {index:3;}">
                    <Coords points="1511,873 1511,933 1666,933 1666,873"/>
                    <TextEquiv>
                        <Unicode>Schlacht</Unicode>
                    </TextEquiv>
                </Word>
                <Word id="r_47_tl_8_w5" custom="readingOrder {index:4;}">
                    <Coords points="1696,873 1696,933 1846,933 1846,873"/>
                    <TextEquiv>
                        <Unicode>gezürnet</Unicode>
                    </TextEquiv>
                </Word>
                <Word id="r_47_tl_8_w6" custom="readingOrder {index:5;}">
                    <Coords points="1870,873 1870,933 1973,933 1973,873"/>
                    <TextEquiv>
                        <Unicode>ward,</Unicode>
                    </TextEquiv>
                </Word>
                <TextEquiv>
                    <Unicode>Das in der Schlacht gezürnet ward,</Unicode>
                </TextEquiv>
            </TextLine>
            <TextLine id="r_47_tl_9" custom="readingOrder {index:8;}">
                <Coords points="1261,988 1349,1012 1416,992 1494,1030 1596,999 1703,1011 1758,984 1758,928 1653,966 1601,941 1520,951 1428,931 1261,954"/>
                <Baseline points="1268,979 1313,982 1358,985 1403,985 1447,985 1492,985 1537,985 1582,985 1627,985 1671,985 1716,985 1761,982"/>
                <Word id="r_47_tl_9_w1" custom="readingOrder {index:0;}">
                    <Coords points="1268,941 1268,1001 1331,1001 1331,941"/>
                    <TextEquiv>
                        <Unicode>Von</Unicode>
                    </TextEquiv>
                </Word>
                <Word id="r_47_tl_9_w2" custom="readingOrder {index:1;}">
                    <Coords points="1368,945 1368,1005 1484,1005 1484,945"/>
                    <TextEquiv>
                        <Unicode>rauhen</Unicode>
                    </TextEquiv>
                </Word>
                <Word id="r_47_tl_9_w3" custom="readingOrder {index:2;}">
                    <Coords points="1526,945 1526,1005 1637,1005 1637,945"/>
                    <TextEquiv>
                        <Unicode>Lippen</Unicode>
                    </TextEquiv>
                </Word>
                <Word id="r_47_tl_9_w4" custom="readingOrder {index:3;}">
                    <Coords points="1673,945 1673,1005 1749,1005 1749,945"/>
                    <TextEquiv>
                        <Unicode>fort.</Unicode>
                    </TextEquiv>
                </Word>
                <TextEquiv>
                    <Unicode>Von rauhen Lippen fort.</Unicode>
                </TextEquiv>
            </TextLine>
            <TextLine id="r_47_tl_10" custom="readingOrder {index:9;}">
                <Coords points="1304,1096 1980,1094 1980,1049 1939,1041 1304,1043"/>
                <Baseline points="1310,1077 1355,1080 1400,1080 1444,1080 1489,1080 1534,1080 1579,1080 1624,1083 1668,1083 1713,1083 1758,1080 1803,1083 1848,1080 1892,1083 1937,1083 1982,1083"/>
                <Word id="r_47_tl_10_w1" custom="readingOrder {index:0;}">
                    <Coords points="1310,1039 1310,1099 1398,1099 1398,1039"/>
                    <TextEquiv>
                        <Unicode>Hart</Unicode>
                    </TextEquiv>
                </Word>
                <Word id="r_47_tl_10_w2" custom="readingOrder {index:1;}">
                    <Coords points="1421,1040 1421,1100 1460,1100 1460,1040"/>
                    <TextEquiv>
                        <Unicode>ist</Unicode>
                    </TextEquiv>
                </Word>
                <Word id="r_47_tl_10_w3" custom="readingOrder {index:2;}">
                    <Coords points="1488,1040 1488,1100 1537,1100 1537,1040"/>
                    <TextEquiv>
                        <Unicode>die</Unicode>
                    </TextEquiv>
                </Word>
                <Word id="r_47_tl_10_w4" custom="readingOrder {index:3;}">
                    <Coords points="1566,1043 1566,1103 1699,1103 1699,1043"/>
                    <TextEquiv>
                        <Unicode>deutsche</Unicode>
                    </TextEquiv>
                </Word>
                <Word id="r_47_tl_10_w5" custom="readingOrder {index:4;}">
                    <Coords points="1728,1040 1728,1100 1977,1100 1977,1040"/>
                    <TextEquiv>
                        <Unicode>Sprachnatur,</Unicode>
                    </TextEquiv>
                </Word>
                <TextEquiv>
                    <Unicode>Hart ist die deutsche Sprachnatur,</Unicode>
                </TextEquiv>
            </TextLine>
            <TextLine id="r_47_tl_11" custom="readingOrder {index:10;}">
                <Coords points="1252,1171 1858,1189 1880,1181 1879,1123 1251,1118"/>
                <Baseline points="1259,1152 1304,1149 1349,1152 1394,1152 1439,1155 1483,1155 1528,1155 1573,1155 1618,1155 1662,1155 1707,1155 1752,1152 1797,1155 1842,1155 1883,1158"/>
                <Word id="r_47_tl_11_w1" custom="readingOrder {index:0;}">
                    <Coords points="1258,1109 1258,1169 1331,1169 1331,1109"/>
                    <TextEquiv>
                        <Unicode>Wie</Unicode>
                    </TextEquiv>
                </Word>
                <Word id="r_47_tl_11_w2" custom="readingOrder {index:1;}">
                    <Coords points="1360,1113 1360,1173 1469,1173 1469,1113"/>
                    <TextEquiv>
                        <Unicode>Sein</Unicode>
                    </TextEquiv>
                </Word>
                <Word id="r_47_tl_11_w3" custom="readingOrder {index:2;}">
                    <Coords points="1510,1115 1510,1175 1642,1175 1642,1115"/>
                    <TextEquiv>
                        <Unicode>Soldat</Unicode>
                    </TextEquiv>
                </Word>
                <Word id="r_47_tl_11_w4" custom="readingOrder {index:3;}">
                    <Coords points="1665,1115 1665,1175 1693,1175 1693,1115"/>
                    <TextEquiv>
                        <Unicode>es</Unicode>
                    </TextEquiv>
                </Word>
                <Word id="r_47_tl_11_w5" custom="readingOrder {index:4;}">
                    <Coords points="1728,1114 1728,1174 1865,1174 1865,1114"/>
                    <TextEquiv>
                        <Unicode>spricht;</Unicode>
                    </TextEquiv>
                </Word>
                <TextEquiv>
                    <Unicode>Wie Sein Soldat es spricht;</Unicode>
                </TextEquiv>
            </TextLine>
            <TextLine id="r_47_tl_12" custom="readingOrder {index:11;}">
                <Coords points="1256,1241 1669,1231 1822,1266 1940,1236 1940,1189 1876,1180 1256,1187"/>
                <Baseline points="1262,1224 1307,1224 1352,1224 1397,1227 1442,1227 1486,1224 1531,1224 1576,1227 1621,1224 1665,1224 1710,1224 1755,1227 1800,1224 1845,1227 1889,1227 1934,1227 1943,1224"/>
                <Word id="r_47_tl_12_w1" custom="readingOrder {index:0;}">
                    <Coords points="1263,1184 1263,1244 1349,1244 1349,1184"/>
                    <TextEquiv>
                        <Unicode>Hört</Unicode>
                    </TextEquiv>
                </Word>
                <Word id="r_47_tl_12_w2" custom="readingOrder {index:1;}">
                    <Coords points="1373,1187 1373,1247 1431,1247 1431,1187"/>
                    <TextEquiv>
                        <Unicode>Er</Unicode>
                    </TextEquiv>
                </Word>
                <Word id="r_47_tl_12_w3" custom="readingOrder {index:2;}">
                    <Coords points="1460,1184 1460,1244 1512,1244 1512,1184"/>
                    <TextEquiv>
                        <Unicode>des</Unicode>
                    </TextEquiv>
                </Word>
                <Word id="r_47_tl_12_w4" custom="readingOrder {index:3;}">
                    <Coords points="1542,1184 1542,1244 1681,1244 1681,1184"/>
                    <TextEquiv>
                        <Unicode>Krieges</Unicode>
                    </TextEquiv>
                </Word>
                <Word id="r_47_tl_12_w5" custom="readingOrder {index:4;}">
                    <Coords points="1710,1185 1710,1245 1832,1245 1832,1185"/>
                    <TextEquiv>
                        <Unicode>Söhne</Unicode>
                    </TextEquiv>
                </Word>
                <Word id="r_47_tl_12_w6" custom="readingOrder {index:5;}">
                    <Coords points="1862,1187 1862,1247 1942,1247 1942,1187"/>
                    <TextEquiv>
                        <Unicode>nur,</Unicode>
                    </TextEquiv>
                </Word>
                <TextEquiv>
                    <Unicode>Hört Er des Krieges Söhne nur,</Unicode>
                </TextEquiv>
            </TextLine>
            <TextLine id="r_47_tl_13" custom="readingOrder {index:12;}">
                <Coords points="1261,1304 1605,1330 1688,1305 1761,1314 1761,1267 1745,1261 1607,1262 1553,1237 1498,1268 1404,1245 1353,1266 1291,1247 1261,1261"/>
                <Baseline points="1268,1292 1313,1289 1358,1292 1403,1295 1447,1295 1492,1292 1537,1292 1582,1295 1627,1292 1671,1295 1716,1295 1761,1298 1764,1298"/>
                <Word id="r_47_tl_13_w1" custom="readingOrder {index:0;}">
                    <Coords points="1262,1249 1262,1309 1338,1309 1338,1249"/>
                    <TextEquiv>
                        <Unicode>Der</Unicode>
                    </TextEquiv>
                </Word>
                <Word id="r_47_tl_13_w2" custom="readingOrder {index:1;}">
                    <Coords points="1368,1255 1368,1315 1462,1315 1462,1255"/>
                    <TextEquiv>
                        <Unicode>Muse</Unicode>
                    </TextEquiv>
                </Word>
                <Word id="r_47_tl_13_w3" custom="readingOrder {index:2;}">
                    <Coords points="1492,1253 1492,1313 1616,1313 1616,1253"/>
                    <TextEquiv>
                        <Unicode>Söhne</Unicode>
                    </TextEquiv>
                </Word>
                <Word id="r_47_tl_13_w4" custom="readingOrder {index:3;}">
                    <Coords points="1646,1255 1646,1315 1751,1315 1751,1255"/>
                    <TextEquiv>
                        <Unicode>nicht;</Unicode>
                    </TextEquiv>
                </Word>
                <TextEquiv>
                    <Unicode>Der Muse Söhne nicht;</Unicode>
                </TextEquiv>
            </TextLine>
            <TextLine id="r_47_tl_14" custom="readingOrder {index:13;}">
                <Coords points="1300,1385 1373,1417 1431,1388 2064,1414 2079,1337 1805,1326 1714,1363 1299,1334"/>
                <Baseline points="1307,1376 1352,1379 1397,1379 1442,1379 1486,1382 1531,1379 1576,1379 1621,1379 1665,1382 1710,1379 1755,1382 1800,1382 1845,1385 1889,1382 1934,1382 1979,1382 2024,1379 2068,1379 2083,1379"/>
                <Word id="r_47_tl_14_w1" custom="readingOrder {index:0;}">
                    <Coords points="1305,1337 1305,1397 1361,1397 1361,1337"/>
                    <TextEquiv>
                        <Unicode>So</Unicode>
                    </TextEquiv>
                </Word>
                <Word id="r_47_tl_14_w2" custom="readingOrder {index:1;}">
                    <Coords points="1396,1339 1396,1399 1429,1399 1429,1339"/>
                    <TextEquiv>
                        <Unicode>ist</Unicode>
                    </TextEquiv>
                </Word>
                <Word id="r_47_tl_14_w3" custom="readingOrder {index:2;}">
                    <Coords points="1458,1341 1458,1401 1515,1401 1515,1341"/>
                    <TextEquiv>
                        <Unicode>kein</Unicode>
                    </TextEquiv>
                </Word>
                <Word id="r_47_tl_14_w4" custom="readingOrder {index:3;}">
                    <Coords points="1550,1339 1550,1399 1719,1399 1719,1339"/>
                    <TextEquiv>
                        <Unicode>Wunder,</Unicode>
                    </TextEquiv>
                </Word>
                <Word id="r_47_tl_14_w5" custom="readingOrder {index:4;}">
                    <Coords points="1743,1342 1743,1402 1872,1402 1872,1342"/>
                    <TextEquiv>
                        <Unicode>Sohn,</Unicode>
                    </TextEquiv>
                </Word>
                <Word id="r_47_tl_14_w6" custom="readingOrder {index:5;}">
                    <Coords points="1896,1342 1896,1402 1981,1402 1981,1342"/>
                    <TextEquiv>
                        <Unicode>wenn</Unicode>
                    </TextEquiv>
                </Word>
                <Word id="r_47_tl_14_w7" custom="readingOrder {index:6;}">
                    <Coords points="2015,1339 2015,1399 2071,1399 2071,1339"/>
                    <TextEquiv>
                        <Unicode>Er</Unicode>
                    </TextEquiv>
                </Word>
                <TextEquiv>
                    <Unicode>So ist kein Wunder, Sohn, wenn Er</Unicode>
                </TextEquiv>
            </TextLine>
            <TextLine id="r_47_tl_15" custom="readingOrder {index:14;}">
                <Coords points="1247,1482 1417,1459 1601,1487 1730,1456 1787,1466 1785,1404 1616,1392 1500,1413 1428,1397 1344,1416 1300,1393 1246,1401"/>
                <Baseline points="1253,1447 1298,1447 1343,1444 1388,1447 1433,1447 1477,1447 1522,1447 1567,1447 1612,1447 1656,1447 1701,1450 1746,1447 1788,1450"/>
                <Word id="r_47_tl_15_w1" custom="readingOrder {index:0;}">
                    <Coords points="1254,1406 1254,1466 1344,1466 1344,1406"/>
                    <TextEquiv>
                        <Unicode>Hart</Unicode>
                    </TextEquiv>
                </Word>
                <Word id="r_47_tl_15_w2" custom="readingOrder {index:1;}">
                    <Coords points="1369,1407 1369,1467 1460,1467 1460,1407"/>
                    <TextEquiv>
                        <Unicode>unsre</Unicode>
                    </TextEquiv>
                </Word>
                <Word id="r_47_tl_15_w3" custom="readingOrder {index:2;}">
                    <Coords points="1491,1407 1491,1467 1643,1467 1643,1407"/>
                    <TextEquiv>
                        <Unicode>Sprache</Unicode>
                    </TextEquiv>
                </Word>
                <Word id="r_47_tl_15_w4" custom="readingOrder {index:3;}">
                    <Coords points="1668,1408 1668,1468 1783,1468 1783,1408"/>
                    <TextEquiv>
                        <Unicode>schillt,</Unicode>
                    </TextEquiv>
                </Word>
                <TextEquiv>
                    <Unicode>Hart unsre Sprache schillt,</Unicode>
                </TextEquiv>
            </TextLine>
            <TextLine id="r_47_tl_16" custom="readingOrder {index:15;}">
                <Coords points="1247,1542 1858,1545 1879,1537 1878,1460 1604,1487 1520,1466 1452,1494 1246,1483"/>
                <Baseline points="1253,1513 1298,1516 1343,1516 1388,1516 1433,1519 1477,1516 1522,1516 1567,1516 1612,1516 1656,1516 1701,1519 1746,1519 1791,1522 1836,1522 1880,1528"/>
                <Word id="r_47_tl_16_w1" custom="readingOrder {index:0;}">
                    <Coords points="1260,1475 1260,1535 1325,1535 1325,1475"/>
                    <TextEquiv>
                        <Unicode>Und</Unicode>
                    </TextEquiv>
                </Word>
                <Word id="r_47_tl_16_w2" custom="readingOrder {index:1;}">
                    <Coords points="1356,1476 1356,1536 1403,1536 1403,1476"/>
                    <TextEquiv>
                        <Unicode>ihm</Unicode>
                    </TextEquiv>
                </Word>
                <Word id="r_47_tl_16_w3" custom="readingOrder {index:2;}">
                    <Coords points="1453,1476 1453,1536 1501,1536 1501,1476"/>
                    <TextEquiv>
                        <Unicode>der</Unicode>
                    </TextEquiv>
                </Word>
                <Word id="r_47_tl_16_w4" custom="readingOrder {index:3;}">
                    <Coords points="1531,1476 1531,1536 1615,1536 1615,1476"/>
                    <TextEquiv>
                        <Unicode>Witz</Unicode>
                    </TextEquiv>
                </Word>
                <Word id="r_47_tl_16_w5" custom="readingOrder {index:4;}">
                    <Coords points="1640,1476 1640,1536 1694,1536 1694,1476"/>
                    <TextEquiv>
                        <Unicode>der</Unicode>
                    </TextEquiv>
                </Word>
                <Word id="r_47_tl_16_w6" custom="readingOrder {index:5;}">
                    <Coords points="1725,1482 1725,1542 1869,1542 1869,1482"/>
                    <TextEquiv>
                        <Unicode>Gallier,</Unicode>
                    </TextEquiv>
                </Word>
                <TextEquiv>
                    <Unicode>Und ihm der Witz der Gallier,</Unicode>
                </TextEquiv>
            </TextLine>
            <TextLine id="r_47_tl_17" custom="readingOrder {index:16;}">
                <Coords points="1240,1628 1300,1632 1407,1595 1701,1633 1788,1602 1788,1541 1712,1537 1669,1561 1622,1538 1533,1565 1430,1543 1396,1563 1336,1540 1240,1547"/>
                <Baseline points="1247,1591 1292,1591 1337,1594 1382,1594 1427,1591 1471,1594 1516,1591 1561,1591 1606,1594 1650,1594 1695,1591 1740,1594 1785,1594 1791,1594"/>
                <Word id="r_47_tl_17_w1" custom="readingOrder {index:0;}">
                    <Coords points="1248,1552 1248,1612 1381,1612 1381,1552"/>
                    <TextEquiv>
                        <Unicode>Mehr,</Unicode>
                    </TextEquiv>
                </Word>
                <Word id="r_47_tl_17_w2" custom="readingOrder {index:1;}">
                    <Coords points="1413,1551 1413,1611 1461,1611 1461,1551"/>
                    <TextEquiv>
                        <Unicode>als</Unicode>
                    </TextEquiv>
                </Word>
                <Word id="r_47_tl_17_w3" custom="readingOrder {index:2;}">
                    <Coords points="1492,1551 1492,1611 1546,1611 1546,1551"/>
                    <TextEquiv>
                        <Unicode>der</Unicode>
                    </TextEquiv>
                </Word>
                <Word id="r_47_tl_17_w4" custom="readingOrder {index:3;}">
                    <Coords points="1578,1554 1578,1614 1668,1614 1668,1554"/>
                    <TextEquiv>
                        <Unicode>unsre</Unicode>
                    </TextEquiv>
                </Word>
                <Word id="r_47_tl_17_w5" custom="readingOrder {index:4;}">
                    <Coords points="1694,1553 1694,1613 1772,1613 1772,1553"/>
                    <TextEquiv>
                        <Unicode>gilt.</Unicode>
                    </TextEquiv>
                </Word>
                <TextEquiv>
                    <Unicode>Mehr, als der unsre gilt.</Unicode>
                </TextEquiv>
            </TextLine>
            <TextLine id="r_47_tl_18" custom="readingOrder {index:17;}">
                <Coords points="1535,1709 1553,1717 1581,1701 1626,1704 1644,1717 1670,1696 1706,1707 1718,1698 1744,1718 1778,1702 1810,1712 1863,1702 1862,1653 1733,1639 1675,1643 1654,1660 1533,1648"/>
                <Baseline points="1540,1689 1585,1689 1630,1692 1674,1692 1719,1692 1764,1692 1809,1692 1854,1692 1865,1692"/>
                <Word id="r_47_tl_18_w1" custom="readingOrder {index:0;}">
                    <Coords points="1535,1649 1535,1709 1625,1709 1625,1649"/>
                    <TextEquiv>
                        <Unicode>Der</Unicode>
                    </TextEquiv>
                </Word>
                <Word id="r_47_tl_18_w2" custom="readingOrder {index:1;}">
                    <Coords points="1658,1652 1658,1712 1858,1712 1858,1652"/>
                    <TextEquiv>
                        <Unicode>Dichter.</Unicode>
                    </TextEquiv>
                </Word>
                <TextEquiv>
                    <Unicode>Der Dichter.</Unicode>
                </TextEquiv>
            </TextLine>
            <TextLine id="r_47_tl_19" custom="readingOrder {index:18;}">
                <Coords points="1305,1788 1413,1777 1526,1794 1612,1776 1737,1798 1852,1779 1850,1749 1773,1721 1702,1736 1304,1726"/>
                <Baseline points="1310,1764 1355,1764 1400,1764 1444,1764 1489,1764 1534,1767 1579,1767 1624,1767 1668,1767 1713,1767 1758,1767 1803,1770 1848,1770 1854,1770"/>
                <Word id="r_47_tl_19_w1" custom="readingOrder {index:0;}">
                    <Coords points="1305,1724 1305,1784 1465,1784 1465,1724"/>
                    <TextEquiv>
                        <Unicode>Darüber</Unicode>
                    </TextEquiv>
                </Word>
                <Word id="r_47_tl_19_w2" custom="readingOrder {index:1;}">
                    <Coords points="1494,1726 1494,1786 1562,1786 1562,1726"/>
                    <TextEquiv>
                        <Unicode>eben</Unicode>
                    </TextEquiv>
                </Word>
                <Word id="r_47_tl_19_w3" custom="readingOrder {index:2;}">
                    <Coords points="1597,1727 1597,1787 1700,1787 1700,1727"/>
                    <TextEquiv>
                        <Unicode>klagen</Unicode>
                    </TextEquiv>
                </Word>
                <Word id="r_47_tl_19_w4" custom="readingOrder {index:3;}">
                    <Coords points="1741,1728 1741,1788 1815,1788 1815,1728"/>
                    <TextEquiv>
                        <Unicode>wir,</Unicode>
                    </TextEquiv>
                </Word>
                <TextEquiv>
                    <Unicode>Darüber eben klagen wir,</Unicode>
                </TextEquiv>
            </TextLine>
            <TextLine id="r_47_tl_20" custom="readingOrder {index:19;}">
                <Coords points="1253,1863 1419,1841 1557,1863 1718,1847 1771,1869 1769,1793 1712,1817 1411,1778 1252,1793"/>
                <Baseline points="1259,1839 1304,1836 1349,1836 1394,1839 1439,1842 1483,1842 1528,1842 1573,1842 1618,1839 1662,1839 1707,1839 1752,1842 1773,1845"/>
                <Word id="r_47_tl_20_w1" custom="readingOrder {index:0;}">
                    <Coords points="1260,1797 1260,1857 1302,1857 1302,1797"/>
                    <TextEquiv>
                        <Unicode>Er</Unicode>
                    </TextEquiv>
                </Word>
                <Word id="r_47_tl_20_w2" custom="readingOrder {index:1;}">
                    <Coords points="1334,1796 1334,1856 1389,1856 1389,1796"/>
                    <TextEquiv>
                        <Unicode>hör</Unicode>
                    </TextEquiv>
                </Word>
                <Word id="r_47_tl_20_w3" custom="readingOrder {index:2;}">
                    <Coords points="1421,1802 1421,1862 1482,1862 1482,1802"/>
                    <TextEquiv>
                        <Unicode>uns</Unicode>
                    </TextEquiv>
                </Word>
                <Word id="r_47_tl_20_w4" custom="readingOrder {index:3;}">
                    <Coords points="1514,1802 1514,1862 1618,1862 1618,1802"/>
                    <TextEquiv>
                        <Unicode>nicht;</Unicode>
                    </TextEquiv>
                </Word>
                <Word id="r_47_tl_20_w5" custom="readingOrder {index:4;}">
                    <Coords points="1643,1799 1643,1859 1693,1859 1693,1799"/>
                    <TextEquiv>
                        <Unicode>Er</Unicode>
                    </TextEquiv>
                </Word>
                <Word id="r_47_tl_20_w6" custom="readingOrder {index:5;}">
                    <Coords points="1718,1800 1718,1860 1754,1860 1754,1800"/>
                    <TextEquiv>
                        <Unicode>ist</Unicode>
                    </TextEquiv>
                </Word>
                <TextEquiv>
                    <Unicode>Er hör uns nicht; Er ist</Unicode>
                </TextEquiv>
            </TextLine>
            <TextLine id="r_47_tl_21" custom="readingOrder {index:20;}">
                <Coords points="1253,1932 1547,1905 1819,1975 1912,1935 2193,1939 2192,1865 1914,1838 1615,1887 1252,1863"/>
                <Baseline points="1259,1904 1304,1904 1349,1904 1394,1907 1439,1907 1483,1904 1528,1904 1573,1904 1618,1907 1662,1907 1707,1910 1752,1913 1797,1913 1842,1916 1886,1916 1931,1913 1976,1913 2021,1913 2065,1913 2110,1913 2155,1913 2197,1916"/>
                <Word id="r_47_tl_21_w1" custom="readingOrder {index:0;}">
                    <Coords points="1269,1864 1269,1924 1332,1924 1332,1864"/>
                    <TextEquiv>
                        <Unicode>Uns</Unicode>
                    </TextEquiv>
                </Word>
                <Word id="r_47_tl_21_w2" custom="readingOrder {index:1;}">
                    <Coords points="1361,1867 1361,1927 1461,1927 1461,1867"/>
                    <TextEquiv>
                        <Unicode>taub!</Unicode>
                    </TextEquiv>
                </Word>
                <Word id="r_47_tl_21_w3" custom="readingOrder {index:2;}">
                    <Coords points="1482,1864 1482,1924 1499,1924 1499,1864"/>
                    <TextEquiv>
                        <Unicode>—</Unicode>
                    </TextEquiv>
                </Word>
                <Word id="r_47_tl_21_w4" custom="readingOrder {index:3;}">
                    <Coords points="1555,1864 1555,1924 1573,1924 1573,1864"/>
                    <TextEquiv>
                        <Unicode>—</Unicode>
                    </TextEquiv>
                </Word>
                <Word id="r_47_tl_21_w5" custom="readingOrder {index:4;}">
                    <Coords points="1629,1867 1629,1927 1711,1927 1711,1867"/>
                    <TextEquiv>
                        <Unicode>Was</Unicode>
                    </TextEquiv>
                </Word>
                <Word id="r_47_tl_21_w6" custom="readingOrder {index:5;}">
                    <Coords points="1740,1873 1740,1933 1868,1933 1868,1873"/>
                    <TextEquiv>
                        <Unicode>rühmt,</Unicode>
                    </TextEquiv>
                </Word>
                <Word id="r_47_tl_21_w7" custom="readingOrder {index:6;}">
                    <Coords points="1888,1873 1888,1933 1961,1933 1961,1873"/>
                    <TextEquiv>
                        <Unicode>was</Unicode>
                    </TextEquiv>
                </Word>
                <Word id="r_47_tl_21_w8" custom="readingOrder {index:7;}">
                    <Coords points="1990,1873 1990,1933 2099,1933 2099,1873"/>
                    <TextEquiv>
                        <Unicode>spottet</Unicode>
                    </TextEquiv>
                </Word>
                <Word id="r_47_tl_21_w9" custom="readingOrder {index:8;}">
                    <Coords points="2119,1873 2119,1933 2191,1933 2191,1873"/>
                    <TextEquiv>
                        <Unicode>ihr,</Unicode>
                    </TextEquiv>
                </Word>
                <TextEquiv>
                    <Unicode>Uns taub! — — Was rühmt, was spottet ihr,</Unicode>
                </TextEquiv>
            </TextLine>
            <TextLine id="r_47_tl_22" custom="readingOrder {index:21;}">
                <Coords points="1267,2005 1504,2013 1621,1973 1686,1992 1740,1982 1739,1946 1670,1934 1479,1946 1384,1929 1343,1950 1315,1930 1266,1935"/>
                <Baseline points="1272,1966 1319,1967 1364,1967 1409,1970 1453,1970 1498,1973 1543,1973 1588,1970 1633,1973 1677,1976 1722,1979 1743,1979"/>
                <Word id="r_47_tl_22_w1" custom="readingOrder {index:0;}">
                    <Coords points="1272,1926 1272,1986 1327,1986 1327,1926"/>
                    <TextEquiv>
                        <Unicode>Jhr</Unicode>
                    </TextEquiv>
                </Word>
                <Word id="r_47_tl_22_w2" custom="readingOrder {index:1;}">
                    <Coords points="1361,1930 1361,1990 1514,1990 1514,1930"/>
                    <TextEquiv>
                        <Unicode>Gallier?</Unicode>
                    </TextEquiv>
                </Word>
                <Word id="r_47_tl_22_w3" custom="readingOrder {index:2;}">
                    <Coords points="1547,1930 1547,1990 1603,1990 1603,1930"/>
                    <TextEquiv>
                        <Unicode>O!</Unicode>
                    </TextEquiv>
                </Word>
                <Word id="r_47_tl_22_w4" custom="readingOrder {index:3;}">
                    <Coords points="1628,1936 1628,1996 1732,1996 1732,1936"/>
                    <TextEquiv>
                        <Unicode>wißt:</Unicode>
                    </TextEquiv>
                </Word>
                <TextEquiv>
                    <Unicode>Jhr Gallier? O! wißt:</Unicode>
                </TextEquiv>
            </TextLine>
            <TextLine id="r_47_tl_23" custom="readingOrder {index:22;}">
                <Coords points="1301,2074 2080,2085 2079,2041 2031,2023 1300,2024"/>
                <Baseline points="1307,2060 1352,2060 1397,2060 1442,2057 1486,2057 1531,2060 1576,2063 1621,2063 1665,2063 1710,2065 1755,2065 1800,2068 1845,2068 1889,2068 1934,2068 1979,2068 2024,2068 2068,2071 2083,2068"/>
                <Word id="r_47_tl_23_w1" custom="readingOrder {index:0;}">
                    <Coords points="1301,2020 1301,2080 1405,2080 1405,2020"/>
                    <TextEquiv>
                        <Unicode>Wenn</Unicode>
                    </TextEquiv>
                </Word>
                <Word id="r_47_tl_23_w2" custom="readingOrder {index:1;}">
                    <Coords points="1439,2020 1439,2080 1650,2080 1650,2020"/>
                    <TextEquiv>
                        <Unicode>Friedrich</Unicode>
                    </TextEquiv>
                </Word>
                <Word id="r_47_tl_23_w3" custom="readingOrder {index:2;}">
                    <Coords points="1684,2025 1684,2085 1789,2085 1789,2025"/>
                    <TextEquiv>
                        <Unicode>unsrer</Unicode>
                    </TextEquiv>
                </Word>
                <Word id="r_47_tl_23_w4" custom="readingOrder {index:3;}">
                    <Coords points="1823,2028 1823,2088 1921,2088 1921,2028"/>
                    <TextEquiv>
                        <Unicode>Lieder</Unicode>
                    </TextEquiv>
                </Word>
                <Word id="r_47_tl_23_w5" custom="readingOrder {index:4;}">
                    <Coords points="1956,2028 1956,2088 2060,2088 2060,2028"/>
                    <TextEquiv>
                        <Unicode>Klang</Unicode>
                    </TextEquiv>
                </Word>
                <TextEquiv>
                    <Unicode>Wenn Friedrich unsrer Lieder Klang</Unicode>
                </TextEquiv>
            </TextLine>
            <TextLine id="r_47_tl_24" custom="readingOrder {index:23;}">
                <Coords points="1240,2161 1304,2140 1376,2156 1438,2137 1635,2156 1706,2144 1698,2080 1350,2109 1240,2086"/>
                <Baseline points="1247,2131 1292,2131 1337,2131 1382,2131 1427,2131 1471,2128 1516,2131 1561,2131 1606,2131 1650,2131 1695,2134 1707,2137"/>
                <Word id="r_47_tl_24_w1" custom="readingOrder {index:0;}">
                    <Coords points="1246,2091 1246,2151 1327,2151 1327,2091"/>
                    <TextEquiv>
                        <Unicode>Wie</Unicode>
                    </TextEquiv>
                </Word>
                <Word id="r_47_tl_24_w2" custom="readingOrder {index:1;}">
                    <Coords points="1349,2091 1349,2151 1441,2151 1441,2091"/>
                    <TextEquiv>
                        <Unicode>eurer</Unicode>
                    </TextEquiv>
                </Word>
                <Word id="r_47_tl_24_w3" custom="readingOrder {index:2;}">
                    <Coords points="1469,2091 1469,2151 1573,2151 1573,2091"/>
                    <TextEquiv>
                        <Unicode>Lieder</Unicode>
                    </TextEquiv>
                </Word>
                <Word id="r_47_tl_24_w4" custom="readingOrder {index:3;}">
                    <Coords points="1606,2091 1606,2151 1692,2151 1692,2091"/>
                    <TextEquiv>
                        <Unicode>hört,</Unicode>
                    </TextEquiv>
                </Word>
                <TextEquiv>
                    <Unicode>Wie eurer Lieder hört,</Unicode>
                </TextEquiv>
            </TextLine>
            <TextLine id="r_47_tl_25" custom="readingOrder {index:24;}">
                <Coords points="1240,2215 1374,2204 1565,2246 1741,2212 1983,2230 1972,2160 1240,2161"/>
                <Baseline points="1247,2203 1292,2200 1337,2203 1382,2203 1427,2203 1471,2203 1516,2203 1561,2206 1606,2206 1650,2209 1695,2209 1740,2209 1785,2209 1830,2209 1874,2212 1919,2212 1964,2212 1985,2215"/>
                <Word id="r_47_tl_25_w1" custom="readingOrder {index:0;}">
                    <Coords points="1247,2160 1247,2220 1351,2220 1351,2160"/>
                    <TextEquiv>
                        <Unicode>Dann</Unicode>
                    </TextEquiv>
                </Word>
                <Word id="r_47_tl_25_w2" custom="readingOrder {index:1;}">
                    <Coords points="1386,2163 1386,2223 1514,2223 1514,2163"/>
                    <TextEquiv>
                        <Unicode>schlagen</Unicode>
                    </TextEquiv>
                </Word>
                <Word id="r_47_tl_25_w3" custom="readingOrder {index:2;}">
                    <Coords points="1555,2166 1555,2226 1613,2226 1613,2166"/>
                    <TextEquiv>
                        <Unicode>wir</Unicode>
                    </TextEquiv>
                </Word>
                <Word id="r_47_tl_25_w4" custom="readingOrder {index:3;}">
                    <Coords points="1643,2169 1643,2229 1706,2229 1706,2169"/>
                    <TextEquiv>
                        <Unicode>euch</Unicode>
                    </TextEquiv>
                </Word>
                <Word id="r_47_tl_25_w5" custom="readingOrder {index:4;}">
                    <Coords points="1742,2169 1742,2229 1799,2229 1799,2169"/>
                    <TextEquiv>
                        <Unicode>mit</Unicode>
                    </TextEquiv>
                </Word>
                <Word id="r_47_tl_25_w6" custom="readingOrder {index:5;}">
                    <Coords points="1829,2172 1829,2232 1974,2232 1974,2172"/>
                    <TextEquiv>
                        <Unicode>Gesang,</Unicode>
                    </TextEquiv>
                </Word>
                <TextEquiv>
                    <Unicode>Dann schlagen wir euch mit Gesang,</Unicode>
                </TextEquiv>
            </TextLine>
            <TextLine id="r_47_tl_26" custom="readingOrder {index:25;}">
                <Coords points="1240,2292 1599,2288 1729,2313 1852,2290 1938,2324 1918,2246 1240,2247"/>
                <Baseline points="1247,2274 1292,2271 1337,2274 1382,2274 1427,2274 1471,2277 1516,2277 1561,2280 1606,2280 1650,2280 1695,2286 1740,2283 1785,2283 1830,2283 1874,2283 1919,2286 1940,2286"/>
                <Word id="r_47_tl_26_w1" custom="readingOrder {index:0;}">
                    <Coords points="1246,2231 1246,2291 1323,2291 1323,2231"/>
                    <TextEquiv>
                        <Unicode>Wie</Unicode>
                    </TextEquiv>
                </Word>
                <Word id="r_47_tl_26_w2" custom="readingOrder {index:1;}">
                    <Coords points="1352,2234 1352,2294 1401,2294 1401,2234"/>
                    <TextEquiv>
                        <Unicode>Er</Unicode>
                    </TextEquiv>
                </Word>
                <Word id="r_47_tl_26_w3" custom="readingOrder {index:2;}">
                    <Coords points="1435,2236 1435,2296 1496,2296 1496,2236"/>
                    <TextEquiv>
                        <Unicode>euch</Unicode>
                    </TextEquiv>
                </Word>
                <Word id="r_47_tl_26_w4" custom="readingOrder {index:3;}">
                    <Coords points="1530,2239 1530,2299 1590,2299 1590,2239"/>
                    <TextEquiv>
                        <Unicode>mit</Unicode>
                    </TextEquiv>
                </Word>
                <Word id="r_47_tl_26_w5" custom="readingOrder {index:4;}">
                    <Coords points="1619,2240 1619,2300 1668,2300 1668,2240"/>
                    <TextEquiv>
                        <Unicode>dem</Unicode>
                    </TextEquiv>
                </Word>
                <Word id="r_47_tl_26_w6" custom="readingOrder {index:5;}">
                    <Coords points="1719,2243 1719,2303 1918,2303 1918,2243"/>
                    <TextEquiv>
                        <Unicode>Schwerdt!</Unicode>
                    </TextEquiv>
                </Word>
                <TextEquiv>
                    <Unicode>Wie Er euch mit dem Schwerdt!</Unicode>
                </TextEquiv>
            </TextLine>
            <TextLine id="r_47_tl_27" custom="readingOrder {index:26;}">
                <Coords points="1293,2390 2003,2403 1999,2321 1721,2359 1467,2316 1361,2347 1290,2331"/>
                <Baseline points="1298,2367 1343,2367 1388,2370 1433,2370 1477,2376 1522,2376 1567,2376 1612,2379 1656,2382 1701,2382 1746,2385 1791,2385 1836,2385 1880,2385 1925,2388 1970,2391 2006,2397"/>
                <Word id="r_47_tl_27_w1" custom="readingOrder {index:0;}">
                    <Coords points="1299,2327 1299,2387 1394,2387 1394,2327"/>
                    <TextEquiv>
                        <Unicode>Dann</Unicode>
                    </TextEquiv>
                </Word>
                <Word id="r_47_tl_27_w2" custom="readingOrder {index:1;}">
                    <Coords points="1427,2336 1427,2396 1536,2396 1536,2336"/>
                    <TextEquiv>
                        <Unicode>freuet</Unicode>
                    </TextEquiv>
                </Word>
                <Word id="r_47_tl_27_w3" custom="readingOrder {index:2;}">
                    <Coords points="1562,2337 1562,2397 1612,2397 1612,2337"/>
                    <TextEquiv>
                        <Unicode>Er</Unicode>
                    </TextEquiv>
                </Word>
                <Word id="r_47_tl_27_w4" custom="readingOrder {index:3;}">
                    <Coords points="1639,2342 1639,2402 1690,2402 1690,2342"/>
                    <TextEquiv>
                        <Unicode>sich</Unicode>
                    </TextEquiv>
                </Word>
                <Word id="r_47_tl_27_w5" custom="readingOrder {index:4;}">
                    <Coords points="1723,2345 1723,2405 1832,2405 1832,2345"/>
                    <TextEquiv>
                        <Unicode>unsers</Unicode>
                    </TextEquiv>
                </Word>
                <Word id="r_47_tl_27_w6" custom="readingOrder {index:5;}">
                    <Coords points="1864,2348 1864,2408 1992,2408 1992,2348"/>
                    <TextEquiv>
                        <Unicode>Siegs,</Unicode>
                    </TextEquiv>
                </Word>
                <TextEquiv>
                    <Unicode>Dann freuet Er sich unsers Siegs,</Unicode>
                </TextEquiv>
            </TextLine>
            <TextLine id="r_47_tl_28" custom="readingOrder {index:27;}">
                <Coords points="1240,2458 1434,2450 1472,2471 1537,2462 1558,2476 1661,2458 1719,2478 1717,2416 1675,2408 1631,2424 1455,2391 1368,2408 1239,2401"/>
                <Baseline points="1247,2445 1292,2442 1337,2442 1382,2445 1427,2445 1471,2448 1516,2448 1561,2451 1606,2454 1650,2454 1695,2457 1722,2460"/>
                <Word id="r_47_tl_28_w1" custom="readingOrder {index:0;}">
                    <Coords points="1247,2402 1247,2462 1319,2462 1319,2402"/>
                    <TextEquiv>
                        <Unicode>Jhr</Unicode>
                    </TextEquiv>
                </Word>
                <Word id="r_47_tl_28_w2" custom="readingOrder {index:1;}">
                    <Coords points="1350,2405 1350,2465 1422,2465 1422,2405"/>
                    <TextEquiv>
                        <Unicode>aber</Unicode>
                    </TextEquiv>
                </Word>
                <Word id="r_47_tl_28_w3" custom="readingOrder {index:2;}">
                    <Coords points="1454,2408 1454,2468 1551,2468 1551,2408"/>
                    <TextEquiv>
                        <Unicode>stehet</Unicode>
                    </TextEquiv>
                </Word>
                <Word id="r_47_tl_28_w4" custom="readingOrder {index:3;}">
                    <Coords points="1575,2414 1575,2474 1709,2474 1709,2414"/>
                    <TextEquiv>
                        <Unicode>stumm.</Unicode>
                    </TextEquiv>
                </Word>
                <TextEquiv>
                    <Unicode>Jhr aber stehet stumm.</Unicode>
                </TextEquiv>
            </TextLine>
            <TextLine id="r_47_tl_29" custom="readingOrder {index:28;}">
                <Coords points="1241,2520 1482,2552 1545,2531 1945,2556 1973,2548 1972,2466 1766,2498 1511,2470 1440,2493 1240,2482"/>
                <Baseline points="1247,2516 1292,2516 1337,2516 1382,2516 1427,2519 1471,2519 1516,2522 1561,2525 1606,2525 1650,2528 1695,2531 1740,2531 1785,2531 1830,2528 1874,2528 1919,2528 1964,2525 1976,2525"/>
                <Word id="r_47_tl_29_w1" custom="readingOrder {index:0;}">
                    <Coords points="1248,2476 1248,2536 1316,2536 1316,2476"/>
                    <TextEquiv>
                        <Unicode>Und</Unicode>
                    </TextEquiv>
                </Word>
                <Word id="r_47_tl_29_w2" custom="readingOrder {index:1;}">
                    <Coords points="1349,2478 1349,2538 1479,2538 1479,2478"/>
                    <TextEquiv>
                        <Unicode>rühmt,</Unicode>
                    </TextEquiv>
                </Word>
                <Word id="r_47_tl_29_w3" custom="readingOrder {index:2;}">
                    <Coords points="1505,2483 1505,2543 1573,2543 1573,2483"/>
                    <TextEquiv>
                        <Unicode>statt</Unicode>
                    </TextEquiv>
                </Word>
                <Word id="r_47_tl_29_w4" custom="readingOrder {index:3;}">
                    <Coords points="1606,2487 1606,2547 1693,2547 1693,2487"/>
                    <TextEquiv>
                        <Unicode>eures</Unicode>
                    </TextEquiv>
                </Word>
                <Word id="r_47_tl_29_w5" custom="readingOrder {index:4;}">
                    <Coords points="1725,2488 1725,2548 1943,2548 1943,2488"/>
                    <TextEquiv>
                        <Unicode>Ludewigs</Unicode>
                    </TextEquiv>
                </Word>
                <TextEquiv>
                    <Unicode>Und rühmt, statt eures Ludewigs</Unicode>
                </TextEquiv>
            </TextLine>
            <TextLine id="r_47_tl_30" custom="readingOrder {index:29;}">
                <Coords points="1246,2606 1368,2598 1451,2622 1525,2601 1618,2631 1835,2605 1833,2556 1779,2574 1364,2529 1245,2545"/>
                <Baseline points="1253,2591 1298,2591 1343,2591 1388,2591 1433,2594 1477,2594 1522,2594 1567,2600 1612,2600 1656,2603 1701,2603 1746,2603 1791,2600 1836,2597"/>
                <Word id="r_47_tl_30_w1" custom="readingOrder {index:0;}">
                    <Coords points="1253,2551 1253,2611 1327,2611 1327,2551"/>
                    <TextEquiv>
                        <Unicode>Nun</Unicode>
                    </TextEquiv>
                </Word>
                <Word id="r_47_tl_30_w2" custom="readingOrder {index:1;}">
                    <Coords points="1365,2554 1365,2614 1601,2614 1601,2554"/>
                    <TextEquiv>
                        <Unicode>Friedrichs</Unicode>
                    </TextEquiv>
                </Word>
                <Word id="r_47_tl_30_w3" custom="readingOrder {index:2;}">
                    <Coords points="1639,2563 1639,2623 1824,2623 1824,2563"/>
                    <TextEquiv>
                        <Unicode>Sekulum?</Unicode>
                    </TextEquiv>
                </Word>
                <TextEquiv>
                    <Unicode>Nun Friedrichs Sekulum?</Unicode>
                </TextEquiv>
            </TextLine>
            <TextEquiv>
                <Unicode></Unicode>
            </TextEquiv>
        </TextRegion>
        <TextRegion id="r_35" custom="readingOrder {index:2;}">
            <Coords points="1178,2931 183,2931 183,2699 1178,2699"/>
            <TextLine id="r_35_tl_1" custom="readingOrder {index:0;}">
                <Coords points="460,2765 646,2757 687,2771 723,2752 796,2771 901,2763 899,2713 839,2692 700,2727 643,2709 458,2704"/>
                <Baseline points="465,2752 510,2752 555,2749 600,2755 644,2752 689,2752 734,2752 779,2752 824,2752 868,2755 904,2755"/>
                <Word id="r_35_tl_1_w1" custom="readingOrder {index:0;}">
                    <Coords points="465,2710 465,2770 612,2770 612,2710"/>
                    <TextEquiv>
                        <Unicode>Wien,</Unicode>
                    </TextEquiv>
                </Word>
                <Word id="r_35_tl_1_w2" custom="readingOrder {index:1;}">
                    <Coords points="642,2712 642,2772 692,2772 692,2712"/>
                    <TextEquiv>
                        <Unicode>den</Unicode>
                    </TextEquiv>
                </Word>
                <Word id="r_35_tl_1_w3" custom="readingOrder {index:2;}">
                    <Coords points="733,2712 733,2772 766,2772 766,2712"/>
                    <TextEquiv>
                        <Unicode>2.</Unicode>
                    </TextEquiv>
                </Word>
                <Word id="r_35_tl_1_w4" custom="readingOrder {index:3;}">
                    <Coords points="796,2713 796,2773 886,2773 886,2713"/>
                    <TextEquiv>
                        <Unicode>Jun.</Unicode>
                    </TextEquiv>
                </Word>
                <TextEquiv>
                    <Unicode>Wien, den 2. Jun.</Unicode>
                </TextEquiv>
            </TextLine>
            <TextLine id="r_35_tl_2" custom="readingOrder {index:1;}">
                <Coords points="237,2818 1171,2795 1171,2750 1000,2740 799,2771 238,2763"/>
                <Baseline points="244,2812 277,2812 322,2809 367,2806 412,2803 456,2803 501,2803 546,2803 591,2800 635,2803 680,2800 725,2800 770,2800 815,2800 859,2800 904,2800 949,2800 994,2800 1038,2797 1083,2797 1128,2794 1173,2794"/>
                <Word id="r_35_tl_2_w1" custom="readingOrder {index:0;}">
                    <Coords points="243,2772 243,2832 309,2832 309,2772"/>
                    <TextEquiv>
                        <Unicode>Auf</Unicode>
                    </TextEquiv>
                </Word>
                <Word id="r_35_tl_2_w2" custom="readingOrder {index:1;}">
                    <Coords points="326,2767 326,2827 370,2827 370,2767"/>
                    <TextEquiv>
                        <Unicode>die</Unicode>
                    </TextEquiv>
                </Word>
                <Word id="r_35_tl_2_w3" custom="readingOrder {index:2;}">
                    <Coords points="393,2763 393,2823 581,2823 581,2763"/>
                    <TextEquiv>
                        <Unicode>Nachricht,</Unicode>
                    </TextEquiv>
                </Word>
                <Word id="r_35_tl_2_w4" custom="readingOrder {index:3;}">
                    <Coords points="603,2762 603,2822 653,2822 653,2762"/>
                    <TextEquiv>
                        <Unicode>daß</Unicode>
                    </TextEquiv>
                </Word>
                <Word id="r_35_tl_2_w5" custom="readingOrder {index:4;}">
                    <Coords points="687,2760 687,2820 725,2820 725,2760"/>
                    <TextEquiv>
                        <Unicode>ein</Unicode>
                    </TextEquiv>
                </Word>
                <Word id="r_35_tl_2_w6" custom="readingOrder {index:5;}">
                    <Coords points="747,2760 747,2820 858,2820 858,2760"/>
                    <TextEquiv>
                        <Unicode>starkes</Unicode>
                    </TextEquiv>
                </Word>
                <Word id="r_35_tl_2_w7" custom="readingOrder {index:6;}">
                    <Coords points="886,2760 886,2820 991,2820 991,2760"/>
                    <TextEquiv>
                        <Unicode>Corps</Unicode>
                    </TextEquiv>
                </Word>
                <Word id="r_35_tl_2_w8" custom="readingOrder {index:7;}">
                    <Coords points="1014,2756 1014,2816 1162,2816 1162,2756"/>
                    <TextEquiv>
                        <Unicode>Tartari¬</Unicode>
                    </TextEquiv>
                </Word>
                <TextEquiv>
                    <Unicode>Auf die Nachricht, daß ein starkes Corps Tartari¬</Unicode>
                </TextEquiv>
            </TextLine>
            <TextLine id="r_35_tl_3" custom="readingOrder {index:2;}">
                <Coords points="182,2878 1164,2863 1165,2805 1135,2802 183,2820"/>
                <Baseline points="188,2872 226,2869 271,2866 316,2863 361,2860 406,2857 450,2860 495,2857 540,2857 585,2857 629,2854 674,2854 719,2854 764,2854 809,2851 853,2854 898,2854 943,2854 988,2854 1032,2851 1077,2851 1122,2848 1167,2845"/>
                <Word id="r_35_tl_3_w1" custom="readingOrder {index:0;}">
                    <Coords points="189,2828 189,2888 265,2888 265,2828"/>
                    <TextEquiv>
                        <Unicode>scher</Unicode>
                    </TextEquiv>
                </Word>
                <Word id="r_35_tl_3_w2" custom="readingOrder {index:1;}">
                    <Coords points="290,2821 290,2881 395,2881 395,2821"/>
                    <TextEquiv>
                        <Unicode>Völker</Unicode>
                    </TextEquiv>
                </Word>
                <Word id="r_35_tl_3_w3" custom="readingOrder {index:2;}">
                    <Coords points="419,2819 419,2879 472,2879 472,2819"/>
                    <TextEquiv>
                        <Unicode>auf</Unicode>
                    </TextEquiv>
                </Word>
                <Word id="r_35_tl_3_w4" custom="readingOrder {index:3;}">
                    <Coords points="490,2817 490,2877 537,2877 537,2817"/>
                    <TextEquiv>
                        <Unicode>den</Unicode>
                    </TextEquiv>
                </Word>
                <Word id="r_35_tl_3_w5" custom="readingOrder {index:4;}">
                    <Coords points="567,2814 567,2874 684,2874 684,2814"/>
                    <TextEquiv>
                        <Unicode>Marsch</Unicode>
                    </TextEquiv>
                </Word>
                <Word id="r_35_tl_3_w6" custom="readingOrder {index:5;}">
                    <Coords points="714,2814 714,2874 778,2874 778,2814"/>
                    <TextEquiv>
                        <Unicode>nach</Unicode>
                    </TextEquiv>
                </Word>
                <Word id="r_35_tl_3_w7" custom="readingOrder {index:6;}">
                    <Coords points="803,2814 803,2874 920,2874 920,2814"/>
                    <TextEquiv>
                        <Unicode>Pohlen</Unicode>
                    </TextEquiv>
                </Word>
                <Word id="r_35_tl_3_w8" custom="readingOrder {index:7;}">
                    <Coords points="944,2814 944,2874 973,2874 973,2814"/>
                    <TextEquiv>
                        <Unicode>an</Unicode>
                    </TextEquiv>
                </Word>
                <Word id="r_35_tl_3_w9" custom="readingOrder {index:8;}">
                    <Coords points="998,2811 998,2871 1044,2871 1044,2811"/>
                    <TextEquiv>
                        <Unicode>der</Unicode>
                    </TextEquiv>
                </Word>
                <Word id="r_35_tl_3_w10" custom="readingOrder {index:9;}">
                    <Coords points="1062,2808 1062,2868 1156,2868 1156,2808"/>
                    <TextEquiv>
                        <Unicode>Seite</Unicode>
                    </TextEquiv>
                </Word>
                <TextEquiv>
                    <Unicode>scher Völker auf den Marsch nach Pohlen an der Seite</Unicode>
                </TextEquiv>
            </TextLine>
            <TextEquiv>
                <Unicode></Unicode>
            </TextEquiv>
        </TextRegion>
        <TextRegion id="r_34" custom="readingOrder {index:3;}">
            <Coords points="2215,2699 2215,2931 1178,2931 1178,2699"/>
            <TextLine id="r_34_tl_1" custom="readingOrder {index:0;}">
                <Coords points="1194,2765 2180,2762 2179,2717 2128,2714 1461,2727 1360,2691 1193,2718"/>
                <Baseline points="1200,2743 1244,2746 1289,2746 1334,2746 1379,2749 1424,2752 1468,2755 1513,2758 1558,2758 1603,2761 1648,2761 1692,2758 1737,2758 1782,2758 1827,2755 1871,2758 1916,2758 1961,2755 2006,2758 2051,2758 2095,2755 2140,2755 2182,2752"/>
                <Word id="r_34_tl_1_w1" custom="readingOrder {index:0;}">
                    <Coords points="1201,2704 1201,2764 1250,2764 1250,2704"/>
                    <TextEquiv>
                        <Unicode>von</Unicode>
                    </TextEquiv>
                </Word>
                <Word id="r_34_tl_1_w2" custom="readingOrder {index:1;}">
                    <Coords points="1276,2706 1276,2766 1399,2766 1399,2706"/>
                    <TextEquiv>
                        <Unicode>Ungern</Unicode>
                    </TextEquiv>
                </Word>
                <Word id="r_34_tl_1_w3" custom="readingOrder {index:2;}">
                    <Coords points="1424,2717 1424,2777 1573,2777 1573,2717"/>
                    <TextEquiv>
                        <Unicode>begriffen</Unicode>
                    </TextEquiv>
                </Word>
                <Word id="r_34_tl_1_w4" custom="readingOrder {index:3;}">
                    <Coords points="1599,2721 1599,2781 1697,2781 1697,2721"/>
                    <TextEquiv>
                        <Unicode>wäre,</Unicode>
                    </TextEquiv>
                </Word>
                <Word id="r_34_tl_1_w5" custom="readingOrder {index:4;}">
                    <Coords points="1710,2718 1710,2778 1840,2778 1840,2718"/>
                    <TextEquiv>
                        <Unicode>beschloß</Unicode>
                    </TextEquiv>
                </Word>
                <Word id="r_34_tl_1_w6" custom="readingOrder {index:5;}">
                    <Coords points="1866,2718 1866,2778 1952,2778 1952,2718"/>
                    <TextEquiv>
                        <Unicode>unser</Unicode>
                    </TextEquiv>
                </Word>
                <Word id="r_34_tl_1_w7" custom="readingOrder {index:6;}">
                    <Coords points="1972,2717 1972,2777 2039,2777 2039,2717"/>
                    <TextEquiv>
                        <Unicode>Hof</Unicode>
                    </TextEquiv>
                </Word>
                <Word id="r_34_tl_1_w8" custom="readingOrder {index:7;}">
                    <Coords points="2052,2715 2052,2775 2169,2775 2169,2715"/>
                    <TextEquiv>
                        <Unicode>sogleich</Unicode>
                    </TextEquiv>
                </Word>
                <TextEquiv>
                    <Unicode>von Ungern begriffen wäre, beschloß unser Hof sogleich</Unicode>
                </TextEquiv>
            </TextLine>
            <TextLine id="r_34_tl_2" custom="readingOrder {index:1;}">
                <Coords points="1193,2797 2172,2810 2172,2770 2104,2763 1193,2766"/>
                <Baseline points="1200,2794 1244,2794 1289,2797 1334,2797 1379,2800 1424,2800 1468,2803 1513,2806 1558,2809 1603,2809 1648,2806 1692,2806 1737,2803 1782,2803 1827,2803 1871,2806 1916,2803 1961,2803 2006,2803 2051,2803 2095,2803 2140,2803 2176,2800"/>
                <Word id="r_34_tl_2_w1" custom="readingOrder {index:0;}">
                    <Coords points="1188,2754 1188,2814 1235,2814 1235,2754"/>
                    <TextEquiv>
                        <Unicode>die</Unicode>
                    </TextEquiv>
                </Word>
                <Word id="r_34_tl_2_w2" custom="readingOrder {index:1;}">
                    <Coords points="1257,2755 1257,2815 1283,2815 1283,2755"/>
                    <TextEquiv>
                        <Unicode>zu</Unicode>
                    </TextEquiv>
                </Word>
                <Word id="r_34_tl_2_w3" custom="readingOrder {index:2;}">
                    <Coords points="1316,2758 1316,2818 1395,2818 1395,2758"/>
                    <TextEquiv>
                        <Unicode>einer</Unicode>
                    </TextEquiv>
                </Word>
                <Word id="r_34_tl_2_w4" custom="readingOrder {index:3;}">
                    <Coords points="1412,2769 1412,2829 1759,2829 1759,2769"/>
                    <TextEquiv>
                        <Unicode>Observationsarmee</Unicode>
                    </TextEquiv>
                </Word>
                <Word id="r_34_tl_2_w5" custom="readingOrder {index:4;}">
                    <Coords points="1781,2765 1781,2825 1967,2825 1967,2765"/>
                    <TextEquiv>
                        <Unicode>bestimmten</Unicode>
                    </TextEquiv>
                </Word>
                <Word id="r_34_tl_2_w6" custom="readingOrder {index:5;}">
                    <Coords points="1994,2763 1994,2823 2169,2823 2169,2763"/>
                    <TextEquiv>
                        <Unicode>Regimen=</Unicode>
                    </TextEquiv>
                </Word>
                <TextEquiv>
                    <Unicode>die zu einer Observationsarmee bestimmten Regimen=</Unicode>
                </TextEquiv>
            </TextLine>
            <TextLine id="r_34_tl_3" custom="readingOrder {index:2;}">
                <Coords points="1197,2862 1839,2900 2179,2861 2150,2806 1595,2830 1197,2798"/>
                <Baseline points="1203,2848 1247,2848 1292,2848 1337,2851 1382,2851 1427,2854 1471,2857 1516,2860 1561,2860 1606,2860 1650,2857 1695,2857 1740,2857 1785,2854 1830,2857 1874,2857 1919,2854 1964,2854 2009,2851 2054,2848 2098,2851 2143,2848 2182,2848"/>
                <Word id="r_34_tl_3_w1" custom="readingOrder {index:0;}">
                    <Coords points="1200,2808 1200,2868 1240,2868 1240,2808"/>
                    <TextEquiv>
                        <Unicode>ter</Unicode>
                    </TextEquiv>
                </Word>
                <Word id="r_34_tl_3_w2" custom="readingOrder {index:1;}">
                    <Coords points="1261,2811 1261,2871 1472,2871 1472,2811"/>
                    <TextEquiv>
                        <Unicode>ohngesaumt</Unicode>
                    </TextEquiv>
                </Word>
                <Word id="r_34_tl_3_w3" custom="readingOrder {index:2;}">
                    <Coords points="1493,2820 1493,2880 1574,2880 1574,2820"/>
                    <TextEquiv>
                        <Unicode>gegen</Unicode>
                    </TextEquiv>
                </Word>
                <Word id="r_34_tl_3_w4" custom="readingOrder {index:3;}">
                    <Coords points="1609,2818 1609,2878 1648,2878 1648,2818"/>
                    <TextEquiv>
                        <Unicode>die</Unicode>
                    </TextEquiv>
                </Word>
                <Word id="r_34_tl_3_w5" custom="readingOrder {index:4;}">
                    <Coords points="1670,2816 1670,2876 1819,2876 1819,2816"/>
                    <TextEquiv>
                        <Unicode>Gränzen</Unicode>
                    </TextEquiv>
                </Word>
                <Word id="r_34_tl_3_w6" custom="readingOrder {index:5;}">
                    <Coords points="1847,2816 1847,2876 1928,2876 1928,2816"/>
                    <TextEquiv>
                        <Unicode>jenes</Unicode>
                    </TextEquiv>
                </Word>
                <Word id="r_34_tl_3_w7" custom="readingOrder {index:6;}">
                    <Coords points="1957,2808 1957,2868 2160,2868 2160,2808"/>
                    <TextEquiv>
                        <Unicode>Königreichs</Unicode>
                    </TextEquiv>
                </Word>
                <TextEquiv>
                    <Unicode>ter ohngesaumt gegen die Gränzen jenes Königreichs</Unicode>
                </TextEquiv>
            </TextLine>
            <TextLine id="r_34_tl_4" custom="readingOrder {index:3;}">
                <Coords points="2047,2940 2061,2937 2075,2947 2088,2938 2102,2944 2117,2932 2125,2939 2134,2932 2158,2940 2188,2929 2188,2872 2174,2873 2164,2864 2138,2872 2126,2859 2120,2865 2106,2864 2085,2852 2062,2867 2047,2868"/>
                <Baseline points="2054,2904 2057,2904 2101,2901 2146,2901 2191,2901"/>
                <Word id="r_34_tl_4_w1" custom="readingOrder {index:0;}">
                    <Coords points="2060,2861 2060,2921 2164,2921 2164,2861"/>
                    <TextEquiv>
                        <Unicode>rücken</Unicode>
                    </TextEquiv>
                </Word>
                <TextEquiv>
                    <Unicode>rücken</Unicode>
                </TextEquiv>
            </TextLine>
            <TextEquiv>
                <Unicode></Unicode>
            </TextEquiv>
        </TextRegion>
    </Page>
</PcGts>
