2479 3508
1205 1186 1271 1246 den
1322 1187 1372 1247 6.
1406 1190 1565 1250 Julius
1599 1190 1748 1250 1764.

576 1188 699 1248 45tes
744 1187 904 1247 Stück.
967 1190 1170 1250 Freytag,

452 1255 536 1315 Von
576 1257 628 1317 der
661 1255 859 1315 Handlung.

169 1308 320 1368 Denn
353 1307 398 1367 die
419 1304 589 1364 Menschen
616 1300 675 1360 mit
696 1303 773 1363 einem
813 1303 964 1363 ehrlichen
992 1300 1148 1360 Auskom=

166 1345 355 1405 men
394 1351 447 1411 und
482 1348 529 1408 den
564 1346 889 1406 Nothwendigkeiten
933 1345 981 1405 des
1010 1345 1146 1405 Lebens,

169 1398 277 1458 welche
303 1394 347 1454 die
367 1393 480 1453 Natur
501 1393 634 1453 weislich
664 1390 743 1450 einem
783 1390 861 1450 jeden
892 1390 985 1450 Lande
1011 1387 1134 1447 gegeben

167 1442 241 1502 hat,
258 1440 411 1500 zufrieden
438 1437 566 1497 gewesen
598 1437 719 1497 wären,
741 1434 763 1494 so
784 1436 900 1496 würden
928 1434 959 1494 sie
976 1434 1039 1494 viel
1050 1434 1145 1494 glück¬

166 1490 260 1550 licher
282 1488 365 1548 seyn.
416 1486 487 1546 Sie
505 1485 609 1545 wären
638 1485 682 1545 nie
705 1485 870 1545 genöthigt
888 1482 1043 1542 gewesen,
1066 1482 1131 1542 nach

163 1537 293 1597 Dingen
321 1536 348 1596 zu
381 1534 528 1594 streben,
545 1536 594 1596 die
622 1533 714 1593 ihnen
747 1533 774 1593 so
802 1533 922 1593 unnütz
939 1533 982 1593 als
1015 1531 1134 1591 fremde

167 1590 244 1650 sind.
295 1587 373 1647 Das
401 1587 496 1647 Meer
519 1584 624 1644 würde
646 1584 730 1644 nicht
747 1583 813 1643 eine
837 1582 970 1642 Million
999 1581 1143 1641 unglück¬

175 1640 263 1700 licher
292 1634 486 1694 Menschen,
520 1632 569 1692 die
597 1631 697 1691 Opfer
720 1631 830 1691 unsres
859 1631 975 1691 Geizes
1004 1631 1064 1691 und
1092 1631 1147 1691 un¬

174 1688 233 1748 srer
266 1685 494 1745 Unmäßigkeit
516 1682 727 1742 verschlungen
766 1682 885 1742 haben.
928 1680 1047 1740 Ganze
1075 1681 1145 1741 Na¬

165 1736 273 1796 tionen
305 1736 433 1796 würden
465 1733 553 1793 durch
590 1733 636 1793 die
662 1733 890 1793 Grausamkeit
916 1733 962 1793 der
989 1730 1138 1790 Spanier

174 1784 230 1844 und
256 1781 462 1841 Portugiesen
493 1781 570 1841 nicht
596 1778 740 1838 erwürgt
767 1781 838 1841 oder
870 1781 895 1841 zu
926 1778 1065 1838 Sclaven
1091 1781 1142 1841 ge=
1169 1780 1380 1840 nothwendig
1401 1781 1426 1841 zu
1452 1781 1591 1841 machen.
1617 1781 1663 1841 Er
1684 1781 1792 1841 bringt
1813 1781 1869 1841 uns
1896 1779 1947 1839 das
1973 1778 2055 1838 Gold
2081 1780 2137 1840 aus

174 1829 276 1889 macht
297 1825 415 1885 worden
441 1825 528 1885 seyn.
575 1819 651 1879 Wir
673 1819 795 1879 wurden
822 1819 934 1879 endlich
961 1819 1027 1879 auch
1058 1821 1140 1881 nicht

175 1875 231 1935 von
259 1873 347 1933 denen
376 1867 557 1927 geschunden
590 1861 706 1921 worden
735 1861 823 1921 seyn,
838 1861 944 1921 welche
968 1861 1019 1921 das
1048 1861 1145 1921 Recht

172 1921 327 1981 gepachtet
349 1915 467 1975 haben,
478 1912 536 1972 uns
558 1909 616 1969 mit
638 1906 708 1966 allen
735 1906 869 1966 Waaren
891 1903 944 1963 aus
966 1903 1067 1963 China
1084 1906 1142 1966 und

167 1967 295 2027 Indien
322 1963 348 2023 zu
375 1957 556 2017 versorgen.
605 1951 647 2011 Es
674 1951 711 2011 ist
728 1951 833 2011 wahr,
855 1950 909 2010 wir
936 1948 1058 2008 würden
1080 1951 1143 2011 tau¬

175 2014 239 2074 send
267 2005 571 2065 Annehmlichkeiten
605 1999 685 2059 nicht
708 1999 833 2059 haben,
861 1999 909 2059 die
931 1996 1023 2056 unser
1045 1997 1131 2057 Leben

170 2054 362 2114 wollüstiger
389 2047 539 2107 machen;
566 2046 622 2106 wir
649 2045 778 2105 würden
810 2045 888 2105 diese
909 2045 966 2105 Art
992 2043 1044 2103 des
1065 2043 1148 2103 Ver¬

175 2100 316 2160 gnügens
343 2098 397 2158 gar
420 2097 495 2157 nicht
517 2097 658 2157 kennen,
686 2094 745 2154 wir
768 2094 887 2154 würden
915 2093 952 2153 sie
974 2091 1044 2151 aber
1067 2091 1137 2151 auch

169 2153 225 2213 gar
243 2148 328 2208 nicht
346 2145 516 2205 begehren.
562 2146 699 2206 Folglich
729 2145 848 2205 würden
877 2141 1070 2201 diejenigen,
1094 2142 1139 2202 die

166 2199 221 2259 itzt
238 2199 266 2259 im
305 2196 433 2256 Stande
456 2196 534 2256 sind,
551 2196 578 2256 es
601 2196 651 2256 sich
674 2196 701 2256 zu
730 2193 930 2253 verschaffen,
948 2188 1025 2248 nicht
1048 2189 1148 2249 bekla¬

177 2246 442 2306 genswürdiger,
459 2246 517 2306 und
539 2243 736 2303 diejenigen,
752 2242 857 2302 welche
869 2239 895 2299 es
917 2234 1092 2294 wünschen,
1103 2237 1134 2297 oh

175 2300 212 2360 ne
240 2295 310 2355 ihre
337 2294 494 2354 Wünsche
522 2291 711 2351 befriedigen
750 2288 776 2348 zu
809 2288 955 2348 können,
983 2282 1063 2342 nicht
1091 2282 1123 2342 un

174 2344 353 2404 glücklicher
380 2342 465 2402 seyn.
513 2337 581 2397 Die
598 2333 709 2393 Natur
730 2336 814 2396 hatte
831 2334 883 2394 uns
911 2333 957 2393 den
979 2327 1142 2387 Gebrauch

174 2392 266 2452 durch
293 2389 478 2449 Schranken
499 2382 674 2442 untersagt,
695 2381 757 2441 die,
773 2381 793 2441 so
819 2381 999 2441 abscheulich
1020 2375 1056 2435 sie
1072 2375 1133 2435 auch

176 2435 302 2495 waren,
324 2435 430 2495 unsrer
452 2432 611 2492 Habsucht
633 2427 712 2487 keine
739 2430 888 2490 Gränzen
920 2428 1016 2488 haben
1053 2423 1138 2483 setzen

171 2479 314 2539 können.
373 2479 452 2539 Das
485 2476 622 2536 Unglück
650 2473 687 2533 ist
714 2474 836 2534 einmal
863 2474 1049 2534 geschehen,
1081 2469 1134 2529 nun

180 2528 298 2588 kommt
322 2524 350 2584 es
373 2524 486 2584 darauf
504 2524 571 2584 an,
595 2524 622 2584 es
657 2521 701 2581 wo
731 2525 889 2585 möglich,
912 2524 940 2584 in
974 2519 1014 2579 ein
1049 2518 1149 2578 Glück

175 2579 204 2639 zu
235 2571 457 2631 verwandeln.

221 2617 301 2677 Die
321 2617 527 2677 Einrichtung
559 2613 609 2673 der
635 2614 778 2674 Staaten
810 2617 847 2677 ist
873 2614 1010 2674 heutiges
1036 2611 1142 2671 Tages

178 2675 206 2735 so
229 2665 410 2725 beschaffen,
422 2663 473 2723 daß
502 2663 547 2723 die
565 2661 729 2721 Handlung
758 2661 797 2721 die
814 2662 916 2722 Seele
934 2660 1081 2720 derselben
1104 2659 1154 2719 ist.

183 2720 255 2780 Sie
272 2715 437 2775 unterhält
455 2712 505 2772 den
528 2709 710 2769 Ueberfluß,
722 2709 782 2769 und
805 2712 977 2772 verbannet
994 2709 1038 2769 die
1055 2709 1154 2769 Trag¬

182 2772 263 2832 heit.
314 2769 357 2829 Es
384 2763 464 2823 giebt
490 2763 565 2823 zwey
591 2760 678 2820 Arten
710 2760 759 2820 des
780 2763 954 2823 Handels;
981 2760 1030 2820 den
1062 2757 1156 2817 frem¬

1178 1261 1228 1321 den
1254 1261 1311 1321 und
1337 1258 1381 1318 den
1414 1258 1707 1318 Nationalhandel.
1733 1256 1803 1316 Der
1823 1255 1899 1315 erste
1919 1255 1956 1315 ist
1976 1257 2141 1317 derjenige,

1176 1303 1228 1363 den
1252 1303 1333 1363 jedes
1358 1303 1435 1363 Land
1459 1303 1622 1363 entbehren
1651 1300 1776 1360 könnte,
1796 1300 1843 1360 der
1863 1300 1959 1360 andre
1979 1300 2012 1360 ist
2026 1300 2146 1360 allezeit

1174 1345 1406 1405 unentbehrlich
1427 1345 1587 1405 gewesen,
1613 1345 1670 1405 und
1696 1345 1747 1405 hat
1768 1345 1799 1405 es
1826 1345 1887 1405 auch
1919 1345 1980 1405 seyn
2006 1348 2140 1408 müssen.

1172 1390 1288 1450 Beyde
1304 1390 1362 1450 sind
1389 1390 1548 1450 nunmehr
1564 1390 1786 1450 nothwendig.
1835 1387 1893 1447 So
1920 1390 2010 1450 leicht
2032 1390 2063 1450 es
2090 1393 2142 1453 ge¬

1167 1433 1262 1493 wesen
1290 1434 1390 1494 wäre,
1406 1436 1453 1496 der
1475 1437 1592 1497 Hulfe,
1614 1437 1661 1497 die
1678 1437 1735 1497 wir
1757 1435 1810 1495 aus
1838 1434 1901 1494 drey
1928 1437 2060 1497 Theilen
2087 1440 2134 1500 der

1173 1483 1255 1543 Erde
1272 1485 1399 1545 ziehen,
1422 1482 1450 1542 zu
1478 1485 1661 1545 entbehren,
1689 1485 1745 1545 und
1779 1483 1800 1543 so
1828 1484 1961 1544 glücklich
1990 1485 2045 1545 wir
2068 1488 2128 1548 seyn

1167 1530 1316 1590 würden,
1332 1533 1417 1593 wenn
1445 1533 1503 1593 wir
1524 1530 1561 1590 sie
1583 1533 1630 1593 nie
1653 1533 1785 1593 gekannt
1802 1531 1935 1591 hätten;
1957 1533 1983 1593 so
2005 1533 2137 1593 unmög¬

1173 1580 1222 1640 lich
1250 1581 1355 1641 würde
1378 1581 1405 1641 es
1433 1581 1488 1641 nun
1522 1582 1616 1642 seyn,
1639 1583 1699 1643 uns
1727 1581 1877 1641 derselben
1905 1581 1932 1641 zu
1960 1584 2137 1644 berauben.

1175 1631 1246 1691 Der
1269 1631 1385 1691 fremde
1402 1631 1524 1691 Handel
1547 1633 1629 1693 trågt
1646 1631 1679 1691 am
1719 1631 1835 1691 meisten
1868 1631 1928 1691 ein,
1946 1628 2018 1688 weil
2035 1631 2062 1691 er
2085 1631 2117 1691 am

1170 1682 1406 1742 gefährlichsten
1430 1679 1487 1739 ist;
1511 1681 1539 1741 er
1569 1682 1608 1742 ist
1632 1682 1684 1742 es,
1707 1681 1759 1741 der
1783 1681 1840 1741 uns
1863 1679 1938 1739 allen
1967 1679 2128 1739 Ueberfluß

1175 1731 1272 1791 giebt,
1290 1732 1382 1792 davon
1412 1730 1469 1790 wir
1487 1733 1538 1793 das
1562 1730 1752 1790 Geheimniß
1776 1730 1925 1790 gefunden
1949 1730 2064 1790 haben,
2082 1730 2127 1790 ihn

1171 1822 1279 1882 Peru,
1299 1822 1348 1882 das
1368 1825 1545 1885 Porcellain
1575 1828 1630 1888 aus
1650 1825 1782 1885 Japan,
1803 1827 1846 1887 die
1862 1826 2064 1886 Specereyen
2084 1825 2138 1885 aus

1171 1864 1318 1924 Indien,
1338 1866 1387 1926 den
1417 1867 1525 1927 Zucker
1555 1869 1614 1929 aus
1639 1870 1806 1930 Amerika,
1831 1872 1889 1932 und
1915 1872 1959 1932 die
1979 1873 2057 1933 Felle
2082 1873 2136 1933 aus

1173 1907 1320 1967 Canada.
1350 1909 1417 1969 Alle
1441 1909 1484 1969 die
1504 1912 1623 1972 schönen
1652 1915 1849 1975 moralischen
1873 1918 2146 1978 Betrachtungen,

1171 1954 1220 2014 die
1240 1954 1308 2014 man
1334 1954 1545 2014 gegenwärtig
1570 1957 1638 2017 über
1659 1959 1697 2019 die
1717 1960 1963 2020 Unmöglichkeit
1979 1963 2067 2023 dieser
2087 1963 2140 2023 Art

1172 1999 1221 2059 der
1247 1999 1444 2059 Handlung,
1470 2001 1524 2061 und
1550 2002 1625 2062 über
1646 2002 1691 2062 die
1712 2002 1832 2062 Uebel,
1853 2005 1938 2065 deren
1964 2007 2080 2067 Quelle
2106 2008 2135 2068 sie

1174 2046 1225 2106 ist,
1251 2043 1385 2103 anstellt,
1407 2043 1494 2103 hätte
1515 2046 1576 2106 man
1613 2046 1732 2106 machen
1768 2049 1876 2109 sollen,
1903 2048 1954 2108 ehe
1981 2049 2032 2109 das
2063 2052 2135 2112 erste

1173 2091 1289 2151 Schiff
1306 2091 1388 2151 wäre
1405 2091 1454 2151 ins
1477 2091 1598 2151 Wasser
1621 2093 1742 2153 gelaßen
1770 2091 1914 2151 worden.
1970 2091 2030 2151 Ein
2058 2096 2140 2156 Phi¬

1178 2139 1277 2199 losoph
1306 2137 1372 2197 kann
1400 2138 1483 2198 zwar
1506 2139 1589 2199 wohl
1612 2143 1789 2203 manchmal
1806 2142 1855 2202 sich
1884 2142 1911 2202 in
1945 2142 2028 2202 einen
2062 2149 2139 2209 ganz

1175 2186 1391 2246 vernünftigen
1424 2188 1527 2248 Tadel
1544 2193 1680 2253 darüber
1702 2193 1869 2253 auslaßen,
1886 2193 1918 2253 um
1962 2193 2005 2253 der
2028 2196 2054 2256 zu
2076 2196 2146 2256 gro¬

1172 2237 1220 2297 ßen
1243 2231 1470 2291 Gewinnsucht
1493 2241 1568 2301 einen
1596 2243 1693 2303 Züͤgel
1710 2243 1906 2303 anzulegen;
1933 2243 1960 2303 er
1977 2244 2052 2304 wird
2075 2246 2140 2306 aber

1169 2282 1238 2342 doch
1262 2281 1383 2341 allezeit
1401 2285 1493 2345 selber
1517 2288 1615 2348 Caffee
1633 2294 1772 2354 trinken,
1790 2294 1848 2354 und
1877 2295 1952 2355 ohne
1970 2294 2132 2354 Bedenken

1174 2330 1220 2390 ein
1247 2328 1512 2388 Hermelinfutter
1534 2339 1663 2399 tragen.

1222 2373 1266 2433 Es
1292 2375 1401 2435 würde
1421 2381 1504 2441 nicht
1524 2387 1607 2447 allein
1640 2389 1704 2449 viel
1717 2390 1838 2450 Gefahr
1858 2390 1961 2450 damit
1981 2390 2147 2450 verknüpft

1173 2425 1259 2485 seyn,
1283 2423 1369 2483 wenn
1398 2430 1467 2490 man
1491 2434 1582 2494 daran
1618 2437 1756 2497 arbeiten
1792 2437 1912 2497 wollte,
1936 2435 1982 2495 den
2011 2436 2144 2496 Handel

1181 2470 1270 2530 übers
1290 2471 1385 2531 Meer
1411 2473 1430 2533 zu
1462 2483 1661 2543 verbannen,
1674 2485 1795 2545 sondern
1822 2480 1846 2540 es
1873 2479 1981 2539 würde
2001 2482 2070 2542 auch
2097 2484 2134 2544 ein

1174 2518 1244 2578 sehr
1270 2518 1379 2578 großes
1412 2525 1546 2585 Unglück
1572 2531 1668 2591 seyn,
1688 2533 1778 2593 wenn
1804 2528 1875 2588 man
1901 2527 1977 2587 nicht
2003 2529 2074 2589 allen
2107 2533 2151 2593 er¬

1178 2566 1334 2626 sinnlichen
1369 2571 1450 2631 Fleiß
1473 2578 1641 2638 anwenden
1677 2578 1792 2638 wollte,
1816 2575 1862 2635 ihn
1891 2572 1914 2632 zu
1943 2578 2151 2638 vergrößern.

1187 2612 1254 2672 Die
1272 2617 1367 2677 Folge
1391 2620 1487 2680 davon
1510 2623 1617 2683 würde
1640 2626 1725 2686 seyn,
1742 2623 1792 2683 daß
1821 2620 1883 2680 eine
1906 2623 2002 2683 große
2025 2626 2149 2686 Anzahl

1180 2661 1320 2721 Burger
1342 2664 1390 2724 das
1418 2669 1493 2729 Land
1520 2673 1693 2733 verlaßen,
1715 2668 1768 2728 alle
1791 2667 1936 2727 Fremden
1969 2670 2152 2730 weggehen,

1186 2710 1246 2770 und
1269 2710 1318 2770 die
1341 2716 1513 2776 Einkünfte
1541 2718 1607 2778 sehr
1635 2716 1762 2776 würden
1796 2715 1990 2775 vermindert
2018 2715 2156 2775 werden.

1185 2759 1285 2819 Unsre
1304 2764 1474 2824 Nachbarn
1506 2769 1630 2829 würden
1670 2765 1725 2825 auf
1751 2766 1838 2826 unsre
1858 2766 2008 2826 Unkosten
2034 2761 2083 2821 sich
2109 2762 2159 2822 be=

2093 2810 2162 2870 rei¬
