2479 3508
588 1254 705 1314 26tes
753 1256 918 1316 Stück.
974 1260 1201 1320 Montag,
1242 1261 1304 1321 den
1352 1263 1430 1323 30.
1478 1261 1603 1321 April
1635 1264 1784 1324 1764.

513 1324 829 1384 Königsberg.

308 1382 461 1442 unserm
521 1377 674 1437 Verleger
722 1372 780 1432 sind
828 1372 1170 1432 herausgekommen:

179 1419 595 1479 Beobachtungen
630 1419 698 1479 über
724 1417 774 1477 das
801 1419 928 1479 Gefühl
946 1416 995 1476 des
1014 1416 1157 1476 Schönen

175 1463 266 1523 s'und
288 1473 477 1533 Erhabenen
505 1467 558 1527 von
580 1468 639 1528 M.
651 1464 900 1524 Immanuel
922 1464 1046 1524 Kant.
1057 1464 1165 1524 1764.

173 1513 260 1573 „S.
285 1520 366 1580 110.
390 1518 419 1578 in
456 1515 543 1575 8vo.

638 1517 750 1577 Außer
779 1513 831 1573 den
870 1512 1048 1572 Versuchen
1086 1512 1171 1572 eines

173 1572 398 1632 Crousaz,
428 1567 713 1627 Hutchinson,
737 1563 879 1623 Andre
909 1565 1015 1625 (dessen
1052 1563 1169 1623 Ueber¬

178 1622 296 1682 setzung
325 1619 376 1679 von
405 1619 524 1679 einigen
559 1613 768 1673 Mitgliedern
797 1613 848 1673 der
872 1613 1002 1673 hiesigen
1031 1613 1166 1673 Königl.

177 1674 332 1734 deutschen
361 1672 567 1732 Gesellschaft
584 1670 757 1730 bekannter
780 1667 868 1727 unter
891 1667 952 1727 uns
981 1667 1019 1727 ist
1042 1667 1086 1727 als
1120 1665 1164 1725 die

173 1725 254 1785 neue
284 1723 465 1783 vermehrte
489 1722 646 1782 Ausgabe
676 1719 727 1779 der
752 1718 973 1778 französischen
1003 1715 1155 1775 Urschrift

176 1773 345 1833 verdienen
373 1772 611 1832 gegenwärtige
632 1769 902 1829 Beobachtungen
929 1766 1003 1826 über
1025 1766 1082 1826 das
1104 1763 1173 1823 Ge=

177 1823 258 1883 fühl
275 1822 323 1882 dem
367 1820 491 1880 Articul
514 1817 594 1877 Beau
628 1814 676 1874 des
704 1812 806 1872 Herrn
839 1814 1029 1874 Diderot
1051 1814 1078 1874 in
1116 1814 1165 1874 der

180 1870 423 1930 Encyclopädie
441 1864 473 1924 an
507 1861 556 1921 die
579 1858 678 1918 Seite
701 1858 728 1918 zu
751 1855 872 1915 stehen.
922 1856 1044 1916 Nächst
1072 1860 1166 1920 dieser

172 1918 383 1978 allgemeinen
418 1907 641 1967 Empfehlung
680 1903 735 1963 des
764 1903 909 1963 Inhalts
943 1903 1171 1963 unterscheidet

183 2014 307 2074 barkeit
331 2008 484 2068 lebhafter
509 1997 650 2057 Einfalle
668 1997 751 2057 eines
781 1996 875 2056 theils
905 1996 1159 2056 exempelreichen

175 2061 277 2121 theils
306 2051 520 2111 scholastischen
549 2043 690 2103 Witzes,
719 2046 883 2106 worunter
906 2043 985 2103 viele
1002 2043 1166 2103 glückliche

185 2106 273 2166 Züge
296 2100 576 2160 hervorleuchten,
599 2097 648 2157 die
677 2096 759 2156 nicht
781 2094 836 2154 nur
859 2091 1068 2151 Nachdenken
1102 2091 1156 2151 und

177 2151 326 2211 Beyfall
338 2148 532 2208 verdienen,
549 2148 676 2208 sondern
704 2145 770 2205 auch
793 2141 1170 2201 Unterscheidungskraft

173 2202 360 2262 erfordern.
412 2199 486 2259 Der
509 2198 668 2258 Verfasser
697 2196 748 2256 hat
772 2196 845 2256 seine
868 2190 1016 2250 Materie
1046 2187 1068 2247 in
1097 2187 1164 2247 vier

178 2252 365 2312 Abschnitte
388 2249 535 2309 getheilt,
547 2246 604 2306 und
633 2244 683 2304 der
706 2244 780 2304 erste
803 2238 933 2298 lautet"
957 2234 1008 2294 von
1037 2234 1087 2294 den
1116 2234 1166 2294 un=

185 2303 417 2363 Sterschiednen
440 2297 683 2357 Gegenständen
711 2291 760 2351 vom
794 2289 959 2349 Erhabnen
994 2285 1048 2345 und
1071 2284 1170 2344 Schö=

180 2349 313 2409 „nen."
374 2348 445 2408 Bey
480 2347 529 2407 der
557 2344 645 2404 gleich
674 2342 823 2402 Anfangs
857 2339 912 2399 gar
940 2338 967 2398 zu
1001 2333 1161 2393 freygebig

182 2402 453 2462 vorausgesetzten
492 2392 779 2452 Unabhängigkeit
802 2390 926 2450 unserer
959 2382 1154 2442 Empfindun

179 2452 238 2512 gen
266 2449 320 2509 von
353 2447 401 2507 der
423 2442 684 2502 Beschaffenheit
701 2437 749 2497 der
766 2437 1004 2497 Gegenstände,
1021 2431 1156 2491 besorgen

182 2497 263 2557 wir,
291 2496 339 2556 daß
373 2494 454 2554 ohne
471 2492 562 2552 Noth
590 2485 644 2545 und
667 2485 818 2545 Vortheil
835 2487 884 2547 dem
923 2480 1085 2540 Eigensinn
1113 2476 1167 2536 und

187 2545 371 2605 Eigennutz
382 2542 430 2602 des
447 2538 647 2598 Geschmacks
669 2533 701 2593 ein
723 2536 955 2596 Uebergewicht
972 2527 1166 2587 eingeraumt

186 2593 287 2653 wird,
299 2592 355 2652 und
378 2590 423 2650 der
441 2587 519 2647 Herr
543 2581 701 2641 Magister
718 2583 802 2643 selbst
826 2584 939 2644 scheint
951 2580 1040 2640 diesem
1075 2575 1164 2635 Lehn=

186 2690 264 2750 weil
282 2690 304 2750 er
327 2685 565 2745 durchgehends
590 2679 646 2739 das
669 2676 799 2736 Schöne
823 2679 884 2739 und
914 2676 1078 2736 Erhabene
1101 2672 1174 2732 bey¬

179 2742 265 2802 nahe
284 2739 326 2799 als
352 2736 394 2796 ein
426 2730 741 2790 Pradicament
760 2729 951 2789 behandelt.
976 2721 1167 2781 Ohnerach=
1193 2727 1359 2787 außersten
1397 2733 1550 2793 Granzen
1582 2735 1630 2795 des
1662 2733 1841 2793 Gefühls,
1873 2733 1928 2793 den
1959 2733 2088 2793 Qvellen
2126 2733 2174 2793 des

185 2791 230 2851 ter
253 2789 304 2849 der
327 2783 428 2843 Verf.
452 2778 496 2838 sich
531 2778 621 2838 mehr
650 2775 706 2835 das
729 2774 796 2834 Aug
825 2778 910 2838 eines
944 2772 1159 2832 Beobachters

184 2841 237 2901 als
261 2834 475 2894 Philosophen
511 2829 676 2889 zueignet,
701 2826 801 2886 haben
837 2828 896 2888 wir
927 2825 985 2885 uns
1015 2823 1069 2883 des
1093 2822 1169 2882 Arg=

181 2891 304 2951 wohns
333 2885 497 2945 gleichwol
519 2879 601 2939 nicht
622 2876 808 2936 entschlagen
843 2876 994 2936 konnen;
1015 2874 1049 2934 ob
1084 2873 1166 2933 seine
1202 2874 1263 2934 und
1284 2876 1380 2936 Ende
1402 2881 1456 2941 das
1477 2882 1614 2942 gesuchte
1636 2879 1849 2939 Mittelmaas
1870 2876 2042 2936 schwerlich
2063 2874 2090 2934 zu
2126 2876 2187 2936 fin=

1211 1330 1341 1390 Proben
1370 1333 1426 1393 von
1455 1330 1499 1390 der
1528 1332 1697 1392 Fertigkeit
1720 1333 1770 1393 das
1794 1333 1963 1393 Erhabene
1980 1334 2036 1394 und
2060 1336 2189 1396 Schöne

1206 1378 1235 1438 zu
1265 1375 1393 1435 treffen,
1414 1375 1497 1435 nicht
1517 1375 1566 1435 den
1596 1378 1868 1438 Beobachtungen
1898 1380 1971 1440 über
2001 1381 2046 1441 die
2071 1382 2198 1442 Beson¬

1202 1419 1357 1479 derheiten
1400 1419 1446 1479 der
1472 1422 1685 1482 menschlichen
1722 1425 1831 1485 Natur
1863 1424 1888 1484 in
1920 1422 2018 1482 diesem
2066 1428 2200 1488 Gefühl

1203 1464 1235 1524 zu
1262 1466 1327 1526 viel
1344 1467 1478 1527 Eingrif
1495 1470 1641 1530 gethan?
1679 1470 1787 1530 Statt
1809 1470 1863 1530 gar
1885 1473 1912 1533 zu
1945 1473 2188 1533 scharffinniger

1207 1518 1510 1578 Worterklärungen
1537 1518 1572 1578 an
1598 1518 1716 1578 einigen
1748 1519 1902 1579 Stellen,
1928 1521 2082 1581 wünschte
2113 1524 2180 1584 man

1192 1566 1241 1626 das
1269 1567 1449 1627 eigentliche
1477 1569 1542 1629 Ziel
1565 1569 1663 1629 seiner
1680 1569 1954 1629 Beobachtungen
1982 1572 2184 1632 sorgfältiger

1198 1616 1355 1676 bestimmt
1377 1619 1404 1679 zu
1432 1619 1540 1679 sehen,
1557 1619 1644 1679 wenn
1671 1619 1725 1679 alle
1747 1619 1813 1679 ihre
1835 1619 2014 1679 Feinigkeit
2031 1621 2112 1681 nicht
2134 1623 2188 1683 auf

1203 1667 1245 1727 ein
1273 1670 1435 1730 flüchtiges
1468 1668 1527 1728 und
1554 1670 1700 1730 müßiges
1728 1670 1922 1730 Vergnügen
1949 1670 2182 1730 hinauslaufen

1202 1719 1276 1779 soll,
1292 1721 1361 1781 alles
1388 1721 1456 1781 nach
1484 1721 1567 1781 einem
1600 1721 1690 1781 leicht
1711 1721 1838 1781 fertigen
1865 1721 2051 1781 Geschmack
2072 1722 2103 1782 zu
2130 1723 2183 1783 ent

1203 1770 1355 1830 scheiden.
1401 1770 1525 1830 Daher
1548 1772 1626 1832 stellt
1644 1772 1695 1832 das
1724 1769 1853 1829 Gefühl
1876 1772 1943 1832 bald
1978 1772 2045 1832 eine
2068 1772 2186 1832 gewisse

1202 1817 1424 1877 Dunkelheit,
1451 1819 1519 1879 bald
1546 1819 1615 1879 eine
1642 1819 1764 1879 gewisse
1786 1822 1939 1882 Klarheit
1966 1819 2013 1879 der
2040 1819 2188 1879 Begriffe

1197 1860 1282 1920 vor,
1308 1861 1373 1921 bald
1404 1864 1485 1924 einen
1521 1867 1799 1927 sympathetischen
1824 1870 1976 1930 Instinct
2002 1867 2051 1927 der
2078 1870 2193 1930 Seele,

1197 1906 1267 1966 bald
1298 1908 1363 1968 eine
1394 1909 1667 1969 idiosynkratische
1693 1913 1925 1973 Modification
1961 1915 2047 1975 eines
2083 1918 2178 1978 neuen

182 1967 237 2027 sich
259 1966 307 2026 der
336 1963 398 2023 Hr.
420 1959 518 2019 Mag.
540 1952 609 2012 noch
638 1948 722 2008 durch
758 1948 820 2008 eine
849 1948 1017 2008 besondere
1039 1951 1171 2011 Frucht=
1194 1951 1355 2011 Organi,
1384 1952 1425 2012 die
1454 1957 1580 2017 freylich
1609 1958 1636 2018 in
1672 1960 1720 2020 der
1742 1962 2001 2022 Beschaffenheit
2023 1965 2078 2025 und
2107 1966 2191 2026 Ver¬

1191 1999 1334 2059 bindung
1359 1999 1409 2059 der
1434 1999 1566 2059 äußeren
1597 2005 1710 2065 Dinge
1736 2008 1918 2068 gegründet
1939 2011 1993 2071 ist,
2018 2011 2077 2071 und
2112 2011 2180 2071 nach

1191 2044 1428 2104 Maasgebung
1458 2046 1616 2106 leidender
1632 2049 1810 2109 Eindrücke
1830 2052 1894 2112 eine
1919 2053 2042 2113 thätige
2058 2056 2185 2116 Gegen=

1192 2091 1405 2151 wirksamkeit
1420 2091 1562 2151 ausüben
1593 2091 1695 2151 lernt.
1741 2094 1852 2154 Gleich
1889 2100 2041 2160 blauen
2067 2103 2173 2163 Augen

1194 2142 1254 2202 und
1279 2142 1461 2202 braunen
1492 2139 1639 2199 Haaren,
1649 2139 1724 2199 wird
1745 2139 1796 2199 das
1816 2142 1988 2202 Erhabene
2004 2146 2059 2206 und
2080 2150 2185 2210 Schö¬

1185 2187 1224 2247 ne
1247 2190 1302 2250 auf
1319 2187 1363 2247 ein
1392 2188 1586 2248 zweydeutig
1615 2193 1805 2253 Mittelding
1834 2196 2090 2256 eingeschränkt,
2118 2202 2173 2262 das

1193 2236 1276 2296 nicht
1298 2234 1320 2294 zu
1354 2235 1454 2295 grob,
1482 2240 1559 2300 aber
1582 2243 1654 2303 auch
1677 2244 1759 2304 nicht
1782 2246 1838 2306 gar
1860 2246 1888 2306 zu
1916 2246 1971 2306 fein
2000 2249 2066 2309 seyn
2094 2252 2182 2312 muß.

1193 2283 1247 2343 Da
1269 2283 1366 2343 ferner
1383 2285 1410 2345 zu
1432 2291 1704 2351 Beobachtungen
1732 2297 1775 2357 die
1792 2296 2069 2356 Gleichgiltigkeit
2091 2300 2172 2360 eines

1187 2333 1523 2393 Zergliederers
1561 2344 1625 2404 und
1662 2345 1811 2405 starken
1860 2348 2025 2408 Geistes
2069 2353 2185 2413 unum¬

1200 2381 1341 2441 ganglich
1364 2381 1426 2441 ist;
1450 2386 1477 2446 so
1500 2390 1556 2450 hat
1580 2393 1630 2453 der
1647 2396 1760 2456 Eckel
1778 2396 1828 2456 für
1846 2396 1890 2456 den
1919 2399 2077 2459 niedrigen
2112 2399 2184 2459 Pö¬

1192 2432 1260 2492 bel
1277 2429 1330 2489 der
1346 2435 1612 2495 Empfindungen
1645 2443 1698 2503 und
1725 2444 1772 2504 die
1794 2445 2023 2505 Ehrfurcht
2050 2448 2103 2508 für
2125 2449 2177 2509 den

1194 2478 1294 2538 hohen
1324 2479 1430 2539 Adel
1448 2485 1500 2545 des
1525 2490 1671 2550 Gefühls
1696 2494 1801 2554 (dessen
1832 2494 1872 2554 ein
1902 2494 2055 2554 Kepler
2085 2496 2173 2556 fähig

1190 2527 1279 2587 war,
1313 2530 1373 2590 und
1408 2535 1513 2595 wohin
1547 2542 1742 2602 Hutchinson
1781 2542 1831 2602 die
1854 2542 2099 2602 Schönheit
2128 2545 2177 2605 der

1194 2578 1429 2638 Theoreme
1454 2586 1560 2646 zählt)
1584 2590 1631 2650 dem
1673 2593 1755 2653 Leser
1779 2592 1856 2652 einen
1892 2590 2003 2650 reichen
2033 2590 2168 2650 Vorrath

183 2639 247 2699 satz
271 2638 506 2698 einigermaßen
542 2633 671 2693 dadurch
701 2632 806 2692 untreu
836 2629 995 2689 geworden
1025 2628 1054 2688 zu
1078 2626 1166 2686 seyn,
1196 2629 1230 2689 zu
1260 2632 1501 2692 Entdeckungen
1532 2639 1713 2699 entzogen,
1743 2641 1796 2701 die
1826 2638 1867 2698 wo
1897 2639 1978 2699 nicht
2009 2641 2178 2701 anmuthig

1195 2676 1259 2736 doch
1287 2679 1433 2739 lehrreich
1461 2685 1591 2745 gewesen
1619 2688 1748 2748 wåren,
1776 2685 1852 2745 weil
1869 2686 1938 2746 man
1966 2686 2096 2746 dadurch
2124 2687 2172 2747 den

1198 2775 1348 2835 Schönen
1382 2778 1436 2838 und
1465 2781 1515 2841 den
1543 2783 1771 2843 Grundsäulen
1799 2781 1848 2841 des
1877 2778 2066 2838 Erhabenen
2100 2781 2182 2841 nicht

1198 2824 1259 2884 nur
1281 2826 1381 2886 naher
1404 2831 1543 2891 kommen
1571 2832 1676 2892 kann,
1699 2832 1826 2892 sondern
1854 2830 1921 2890 auch
1949 2827 2026 2887 ohne
2049 2826 2176 2886 Anfang
