2479 3508
267 354 344 414 aber
378 354 433 414 von
467 353 555 413 ihren
594 351 844 411 vorgeschoßnen
872 351 1011 411 Geldern
1045 351 1077 411 10
1111 351 1166 411 pro
1189 350 1277 410 Cent

267 407 418 467 genießen
452 401 565 461 sollen.

485 446 761 506 Stockholm,
790 447 843 507 vom
888 446 930 506 6.
958 448 1066 508 May.

317 494 368 554 Es
395 497 430 557 ist
451 494 477 554 in
508 496 626 556 einigen
659 496 829 556 Zeitungen
855 497 1015 557 gemeldet
1037 494 1191 554 worden,
1212 496 1269 556 daß

266 548 319 608 die
346 545 505 605 Kayserin
542 544 601 604 von
628 545 787 605 Rußland
819 545 930 605 unserm
973 545 1106 605 Könige
1133 545 1180 605 den
1213 543 1276 603 An¬

270 598 466 658 dreasorden
493 593 689 653 zugeschickt.
737 589 859 649 Dieses
886 592 923 652 ist
939 592 1008 652 aber
1035 592 1279 652 ungegründet.

269 643 348 703 Sr.
370 646 470 706 Maj.
486 646 581 706 haben
614 643 708 703 diesen
735 640 841 700 Orden
868 640 984 700 bereits
1011 643 1101 703 1743
1128 643 1154 703 in
1175 640 1275 700 Ham¬

272 696 351 756 burg
389 694 441 754 von
479 694 531 754 der
563 691 695 751 hochsel.
723 688 881 748 Kayserin
919 688 1076 748 Elisabeth
1115 688 1278 748 erhalten,

270 747 362 807 gleich
399 742 533 802 nachdem
580 739 651 799 Sie
693 739 749 799 zum
807 736 1034 796 Thronfolger
1070 737 1265 797 ausgerufen

272 792 427 852 worden,
453 791 513 851 und
545 789 569 849 er
595 788 650 848 hat
671 788 726 848 auf
752 786 802 846 dem
843 786 1040 846 Reichstage
1071 788 1161 848 1746
1197 786 1267 846 eben

275 840 407 900 Ursache
434 838 486 898 zur
513 836 708 896 Erneurung
740 832 793 892 des
825 834 1062 894 Seraphinen=
1084 836 1147 896 und
1179 831 1279 891 Stif¬

1113 879 1154 939 Es
1186 880 1269 940 wird

272 891 351 951 tung
382 890 432 950 der
453 889 573 949 andern
614 882 725 942 beyden
755 882 860 942 Orden
897 884 1057 944 gegeben.

269 936 339 996 hier
365 939 583 999 gegenwärtig
609 933 679 993 eine
700 931 837 991 Lotterie
858 930 1020 990 gezogen,
1046 932 1178 992 welcher
1204 930 1269 990 man

275 984 329 1044 den
365 986 495 1046 Namen
531 981 751 1041 Trollhätters
778 978 1159 1038 Schleusenbaulotterie
1185 978 1279 1038 gege¬

272 1034 327 1094 ben
358 1034 428 1094 hat.
480 1031 550 1091 Sie
576 1030 667 1090 wirft
683 1028 713 1088 zu
744 1028 795 1088 dem
836 1025 952 1085 großen
983 1025 1038 1085 und
1074 1027 1140 1087 sehr
1166 1025 1287 1085 kostba¬

267 1082 319 1142 ren
357 1079 437 1139 Bau
469 1076 569 1136 dieses
603 1073 889 1133 Schleusenwerks
922 1073 953 1133 so
986 1073 1086 1133 wenig
1119 1076 1182 1136 ab,
1215 1075 1272 1135 daß

273 1134 304 1194 es
331 1132 379 1192 sich
407 1129 482 1189 kaum
525 1124 573 1184 der
595 1124 707 1184 Mühe
735 1118 922 1178 verlohnet.

462 1169 773 1229 Petersburg,
795 1169 850 1229 vom
901 1168 967 1228 18.
991 1167 1106 1227 April.

324 1225 415 1285 Man
443 1225 514 1285 hält
536 1220 585 1280 die
607 1219 802 1279 Erneurung
830 1216 879 1276 des
907 1216 1053 1276 Allianz=
1065 1216 1119 1276 und
1141 1213 1287 1273 Freund¬

279 1279 529 1339 schaftstractats
557 1270 697 1330 zwischen
725 1267 833 1327 unserm
888 1267 947 1327 und
986 1267 1034 1327 dem
1089 1264 1267 1324 Dänischen

277 1328 359 1388 Hofe
382 1327 432 1387 für
455 1327 482 1387 so
505 1326 565 1386 gut
588 1324 632 1384 als
660 1320 738 1380 schon
777 1318 954 1378 geschlossen
994 1318 1055 1378 und
1089 1315 1277 1375 unterzeich=

278 1378 346 1438 net,
379 1375 473 1435 indem
522 1375 685 1435 versichert
712 1370 812 1430 wird,
845 1371 902 1431 daß
934 1369 987 1429 der
1014 1369 1177 1429 Minister
1204 1366 1278 1426 Sr.

281 1425 460 1485 Dänischen
493 1422 593 1482 Maj.
620 1422 677 1482 nur
699 1420 767 1480 noch
800 1417 841 1477 die
868 1416 947 1476 letzte
969 1418 1180 1478 Instruction
1207 1416 1265 1476 von

281 1476 376 1536 seinem
418 1473 503 1533 Hofe
524 1470 676 1530 erwarte,
702 1470 738 1530 um
779 1467 824 1527 die
850 1467 931 1527 letzte
962 1467 1058 1527 Hand
1089 1464 1286 1524 anzulegen,

279 1527 305 1587 so
327 1523 379 1583 daß
406 1523 468 1583 man
495 1521 621 1581 Ursache
638 1518 690 1578 hat
706 1521 732 1581 zu
754 1518 907 1578 glauben,
929 1516 976 1576 die
997 1515 1271 1575 Unterzeichnung

275 1572 383 1632 werde
415 1572 481 1632 noch
513 1569 570 1629 vor
601 1569 652 1629 der
684 1566 818 1626 Abreise
845 1563 896 1623 der
927 1566 1072 1626 Kaiserin
1103 1563 1175 1623 nach
1202 1560 1279 1620 Lief¬

281 1622 351 1682 land
372 1619 554 1679 geschehen,
570 1615 681 1675 welche
702 1614 758 1674 auf
779 1613 829 1673 den
855 1611 941 1671 16ten
972 1610 1022 1670 des
1048 1609 1276 1669 Maymonats

278 1665 453 1725 vestgesetzt
474 1661 604 1721 bleibet,
635 1661 755 1721 wofern
791 1658 871 1718 nicht
892 1657 967 1717 etwa
998 1658 1042 1718 die
1068 1652 1178 1712 jetzige
1209 1652 1279 1712 Be¬

281 1712 487 1772 schaffenheit
507 1708 554 1768 der
579 1705 708 1765 Sachen
737 1703 761 1763 in
791 1700 895 1760 Polen
925 1700 1006 1760 einen
1040 1699 1194 1759 Aufschub
1218 1694 1285 1754 ver¬

280 1757 433 1817 ursachet.
482 1749 530 1809 Es
559 1750 636 1810 wird
660 1745 809 1805 überdies
838 1745 1025 1805 behauptet,
1050 1745 1102 1805 daß
1132 1745 1179 1805 die
1199 1741 1280 1801 Kai¬

285 1805 355 1865 serin
388 1800 452 1860 ihre
480 1799 631 1859 Truppen
659 1796 723 1856 noch
762 1795 842 1855 nicht
865 1795 924 1855 aus
957 1795 1059 1855 Polen
1092 1793 1200 1853 zurück
1222 1793 1281 1853 zie¬

279 1852 360 1912 hen,
382 1852 512 1912 sondern
534 1850 566 1910 sie
588 1849 767 1909 verstaͤrcken
800 1843 919 1903 werde.
963 1846 1087 1906 Dabey
1110 1840 1272 1900 versichern

287 1904 361 1964 aber
385 1903 471 1963 Ihro
502 1901 600 1961 Maj.
618 1900 693 1960 diese
723 1897 885 1957 Republik
909 1897 978 1957 aufs
1007 1897 1106 1957 neue,
1124 1894 1198 1954 ihre
1216 1894 1285 1954 Kö¬

271 1954 444 2014 nigswahl
462 1953 517 2013 auf
551 1952 635 2012 keine
663 1948 769 2008 Weise
799 1946 826 2006 zu
866 1948 1112 2008 beunruhigen,
1140 1945 1269 2005 sondern

283 2005 344 2065 nur
365 2007 401 2067 um
443 2005 489 2065 die
515 2002 643 2062 Störer
675 1999 824 2059 derselben
855 1998 937 2058 durch
969 1996 1066 2056 solche
1092 1996 1272 2056 vorläufige

286 2056 442 2116 Anstalten
473 2054 498 2114 in
529 2052 579 2112 den
610 2049 757 2109 Grenzen
788 2044 838 2104 der
859 2044 1021 2104 Ordnung
1052 2043 1081 2103 zu
1123 2043 1284 2103 erhalten,

281 2106 386 2166 damit
408 2103 455 2163 die
477 2102 598 2162 Nation
631 2097 657 2157 in
694 2097 863 2157 Einigkeit
890 2094 948 2154 und
980 2093 1081 2153 Ruhe
1108 2091 1155 2151 die
1177 2091 1282 2151 Wahl

282 2155 355 2215 nach
382 2154 434 2214 den
461 2148 604 2208 Gesetzen
642 2148 699 2208 und
737 2143 1065 2203 Reichsherkommen
1103 2142 1271 2202 verrichten

286 2205 411 2265 könne.

495 2240 745 2300 Warschau,
774 2237 832 2297 vom
879 2240 943 2300 17.
972 2240 1076 2300 May.

334 2292 484 2352 Nachdem
525 2288 559 2348 am
600 2286 768 2346 Montage
786 2282 849 2342 noch
873 2291 1081 2351 verschiedene
1105 2285 1266 2345 Materien

281 2343 477 2403 verabredet
499 2333 649 2393 worden,
671 2331 706 2391 ist
728 2330 763 2390 am
800 2335 971 2395 Dienstage
993 2337 1106 2397 darauf
1128 2333 1215 2393 durch
1242 2334 1283 2394 die

282 2392 522 2452 conföderirten
562 2381 698 2441 Stände
731 2380 783 2440 der
817 2384 979 2444 Republik
1006 2387 1057 2447 die
1084 2384 1278 2444 Lithauische

285 2441 539 2501 Conföderation
567 2430 620 2490 vor
648 2429 837 2489 rechtmäßig
865 2435 1010 2495 erkannt,
1033 2435 1205 2495 bestätiget
1217 2434 1276 2494 und

280 2494 336 2554 von
365 2492 467 2552 allen,
496 2485 558 2545 wie
581 2483 621 2543 sie
639 2478 690 2538 sich
713 2476 792 2536 nicht
816 2479 940 2539 trennen
982 2483 1106 2543 sondern
1147 2482 1209 2542 vest
1232 2481 1283 2541 zu¬

291 2542 420 2602 sammen
460 2536 558 2596 halten
591 2534 649 2594 und
676 2527 826 2587 einander
860 2531 1016 2591 beystehen
1050 2531 1193 2591 wolten,
1219 2530 1264 2590 eid

276 2589 330 2649 lich
358 2587 569 2647 beschworen.
625 2579 712 2639 Man
745 2576 799 2636 hat
821 2575 913 2635 dieser
936 2583 1186 2643 Conföderation
1214 2578 1273 2638 aus

285 2639 334 2699 dem
385 2636 595 2696 Lithauischen
635 2631 761 2691 Schatz
785 2624 834 2684 die
862 2626 1045 2686 benöthigte
1079 2629 1267 2689 Geldmitte

276 2688 448 2748 zuerkant,
494 2682 549 2742 und
589 2680 683 2740 solche
717 2676 767 2736 dem
812 2673 918 2733 Herrn
952 2676 1275 2736 Großschatzmeister

276 2736 404 2796 promte
427 2729 639 2789 auszuzahlen
673 2724 880 2784 empfohlen.
931 2720 1003 2780 Die
1032 2727 1149 2787 beyden
1189 2726 1283 2786 Feld¬

283 2788 373 2848 herrn
402 2781 458 2841 von
487 2778 640 2838 Lithauen
669 2777 765 2837 haben
799 2772 912 2832 gestern
952 2769 1003 2829 bey
1032 2772 1105 2832 Sr.
1129 2775 1275 2835 Durchl.

279 2837 328 2897 dem
374 2834 501 2894 Fürsten
530 2828 674 2888 Primas
702 2826 746 2886 sich
781 2820 886 2880 eidlich
920 2820 1131 2880 verpflichtet,
1160 2823 1220 2883 wie
1243 2824 1281 2884 sie

279 2884 360 2944 nicht
382 2882 475 2942 allein
503 2879 579 2939 diese
601 2876 857 2936 Conföderation
886 2870 1054 2930 beschützen
1094 2870 1153 2930 und
1181 2870 1289 2930 unter¬

280 2936 413 2996 stützen,
437 2930 565 2990 sondern
594 2929 663 2989 auch
693 2927 785 2987 denen
821 2924 977 2984 Ständen
1007 2921 1053 2981 der
1077 2921 1286 2981 Conföderir=

1307 354 1356 414 ten
1384 351 1533 411 gehorsam
1573 355 1639 415 seyn
1661 354 1788 414 wollen.
1839 354 1916 414 Des
1939 357 2044 417 Herrn
2067 354 2216 414 Castellan
2244 357 2299 417 von

1314 400 1435 460 Cracau
1462 404 1831 464 Kron=Großfeldherrn
1858 404 1937 464 Erl.
1953 407 2048 467 haben
2080 405 2132 465 sich
2165 404 2222 464 mit
2254 407 2301 467 der

1305 446 1512 506 Kronarmee
1539 450 1645 510 hinter
1667 453 1714 513 den
1747 455 1826 515 Fluß
1859 456 1953 516 Piliz
1970 455 2129 515 gezogen,
2162 454 2220 514 und
2252 457 2310 517 auf

1312 494 1484 554 demselben
1522 500 1575 560 alle
1603 503 1748 563 Brücken
1792 506 1954 566 abwerfen
1992 503 2051 563 und
2084 503 2132 563 die
2154 503 2304 563 Prahme

1312 548 1517 608 versammlen
1545 548 1659 608 lassen,
1681 551 1740 611 von
1768 554 1898 614 welcher
1920 557 2033 617 Armee
2067 552 2132 612 hier
2159 551 2175 611 2
2203 553 2310 613 Husa¬

1306 595 1512 655 renfahnen,
1534 598 1604 658 eine
1632 600 1686 660 des
1719 601 1822 661 Herrn
1855 604 2033 664 Ordinaten
2073 601 2131 661 von
2165 598 2305 658 Tamoso

1314 643 1370 703 und
1397 646 1443 706 die
1469 646 1582 706 andere
1609 649 1660 709 des
1692 650 1800 710 Herrn
1831 652 2110 712 Mokronowski,
2137 648 2224 708 nebst
2245 649 2307 709 vier

1312 691 1424 751 andern
1452 697 1705 757 angekommen.
1754 702 1797 762 Zu
1824 702 1964 762 besagtem
2002 697 2309 757 Kron=Großfeld¬

1312 741 1401 801 herrn
1428 739 1464 799 ist
1481 742 1538 802 von
1565 745 1660 805 denen
1687 748 1893 808 Mitgliedern
1925 751 1977 811 der
1999 751 2167 811 Republik
2184 748 2236 808 der
2258 749 2305 809 H.

1312 789 1569 849 Generalmajor
1591 792 1647 852 von
1668 795 1828 855 Ronniker
1854 798 1911 858 mit
1932 798 1978 858 der
1999 798 2102 858 Ordre
2118 795 2314 855 abgeschickt,

1311 837 1345 897 um
1386 837 1431 897 die
1456 840 1663 900 Kronarmee
1684 843 1774 903 unter
1800 846 1850 906 des
1886 848 1987 908 Herrn
2027 846 2309 906 General=Regi¬

1311 885 1471 945 mentarii
1488 888 1690 948 Commando
1717 892 1855 952 abgehen
1894 894 1920 954 zu
1958 897 2075 957 lassen,
2102 894 2203 954 dessen
2230 891 2320 951 Aus¬

1306 936 1455 996 richtung
1476 936 1517 996 ist
1533 936 1604 996 noch
1631 939 1831 999 unbekannt.
1878 942 2012 1002 Gestern
2043 944 2115 1004 nach
2141 942 2306 1002 eröffneter

1311 981 1440 1041 Seßion
1470 984 1520 1044 der
1545 987 1848 1047 Senatorenstube,
1873 989 2002 1049 wurden
2028 991 2236 1051 verschiedene
2256 987 2315 1047 Ca¬

1312 1028 1470 1088 thegorien
1505 1031 1673 1091 tractiret,
1713 1034 1762 1094 als
1792 1034 1925 1094 nemlich
1960 1036 2010 1096 die
2035 1037 2217 1097 Eröffnung
2258 1037 2306 1097 der

1313 1076 1526 1136 Conferenzen
1567 1079 1627 1139 mit
1664 1079 1719 1139 den
1760 1082 1978 1142 Römischen,
2025 1087 2314 1147 Rußischkaiserli¬

1310 1122 1374 1182 chen
1402 1124 1462 1184 und
1490 1127 1631 1187 Königl.
1648 1127 1861 1187 Preußischen
1895 1133 2101 1193 Gesandten,
2129 1133 2178 1193 die
2195 1133 2314 1193 Aufhe¬

1313 1169 1396 1229 bung
1426 1172 1475 1232 der
1495 1175 1647 1235 widrigen
1672 1177 1839 1237 Parthey,
1864 1178 1908 1238 die
1929 1181 2125 1241 Evacuation
2155 1180 2203 1240 der
2219 1181 2311 1241 frem¬

1317 1216 1364 1276 den
1402 1222 1549 1282 Völker,
1571 1224 1634 1284 und
1666 1225 1713 1285 die
1745 1227 1956 1287 Einrichtung
1994 1231 2046 1291 daß
2078 1229 2125 1289 die
2163 1228 2310 1288 Berath¬

1322 1270 1519 1330 schlagungen
1554 1273 1598 1333 des
1634 1273 1842 1333 Reichstages
1877 1279 1967 1339 durch
2002 1279 2047 1339 die
2065 1277 2239 1337 Mehrheit
2263 1276 2307 1336 der

1324 1323 1488 1383 Stimmen
1516 1324 1669 1384 geschehen
1698 1326 1850 1386 möchten.
1879 1329 1924 1389 Jn
1948 1330 1998 1390 der
2015 1330 2157 1390 heutigen
2181 1325 2304 1385 Seßion

1322 1374 1375 1434 soll
1392 1374 1440 1434 die
1463 1375 1587 1435 Affaire
1609 1375 1711 1435 wegen
1755 1375 1809 1435 des
1843 1380 2069 1440 Kronschatzes
2108 1381 2167 1441 und
2195 1378 2308 1438 andere

1318 1422 1342 1482 in
1368 1425 1555 1485 Erwegung
1581 1425 1768 1485 genommen
1799 1428 1945 1488 werden.
1997 1429 2042 1489 Es
2073 1429 2158 1489 sollen
2185 1428 2250 1488 auch
2270 1425 2295 1485 im

1321 1473 1444 1533 hiesigem
1487 1476 1787 1536 Capucinerkloster
1804 1476 1850 1536 die
1876 1479 2088 1539 Conferenzen
2126 1479 2187 1539 mit
2214 1476 2306 1536 denen

1317 1522 1538 1582 auswärtigen
1569 1524 1755 1584 Gesandten
1796 1527 1901 1587 wegen
1937 1530 1987 1590 der
2013 1530 2209 1590 innerlichen
2245 1525 2305 1585 und

1317 1575 1512 1635 äußerlichen
1534 1572 1724 1632 Sicherheit
1741 1574 1787 1634 des
1809 1575 1920 1635 Reichs
1947 1578 2143 1638 angefangen
2170 1575 2312 1635 werden.

1318 1614 1390 1674 Se.
1406 1619 1550 1679 Durchl.
1571 1616 1617 1676 der
1643 1619 1736 1679 Fürst
1752 1619 1881 1679 Bischof
1902 1622 1958 1682 von
1990 1625 2103 1685 Cracau
2135 1624 2227 1684 wolte
2243 1619 2315 1679 wie¬

1315 1661 1366 1721 der
1390 1661 1431 1721 die
1455 1658 1632 1718 Umstände
1656 1661 1702 1721 des
1731 1667 1992 1727 gegenwärtigen
2025 1670 2239 1730 Reichstages
2272 1667 2313 1727 ei¬

1314 1703 1352 1763 ne
1381 1705 1635 1765 Manifestation
1669 1706 1692 1766 im
1741 1709 1870 1769 hiesigen
1904 1712 1999 1772 Grod
2029 1715 2239 1775 übergeben,
2273 1712 2306 1772 da

1321 1754 1386 1814 man
1422 1751 1492 1811 aber
1513 1751 1608 1811 solche
1629 1753 1714 1813 nicht
1735 1754 1785 1814 hat
1806 1757 1982 1817 annehmen
2013 1762 2144 1822 wollen,
2165 1763 2190 1823 so
2216 1760 2306 1820 sollen

1317 1805 1394 1865 seine
1423 1805 1618 1865 Vorschläge
1646 1802 1673 1862 in
1713 1806 1802 1866 einem
1847 1810 1964 1870 andern
1998 1813 2092 1873 Grod
2121 1814 2304 1874 eingegeben

1319 1855 1461 1915 werden.
1509 1855 1764 1915 Hochgedachter
1788 1859 1882 1919 Fürst
1906 1862 2037 1922 Bischof
2067 1867 2167 1927 stehet
2191 1867 2214 1927 in
2245 1863 2315 1923 Be=

1316 1909 1389 1969 griff
1412 1905 1479 1965 nach
1508 1906 1604 1966 seinen
1633 1909 1847 1969 Bischofthum
1887 1914 2085 1974 abzureisen.

1485 1957 1798 2017 Königsberg,
1826 1963 1880 2023 den
1924 1964 1988 2024 27.
2016 1965 2123 2025 May.

1360 2003 1495 2063 Gestern
1528 2005 1619 2065 gegen
1647 2008 1738 2068 sieben
1772 2008 1837 2068 Uhr
1859 2011 2021 2071 Morgens
2043 2014 2243 2074 marschirten
2265 2019 2308 2079 die

1315 2052 1341 2112 in
1363 2055 1511 2115 Preußen
1538 2055 1687 2115 stehende
1703 2057 1734 2117 3,
1745 2058 2155 2118 Infanterieregimenter,
2177 2066 2229 2126 von
2256 2068 2319 2128 Ca¬

1316 2104 1389 2164 nitz,
1416 2103 1468 2163 von
1496 2100 1649 2160 Thadden
1676 2103 1734 2163 und
1761 2103 1819 2163 von
1846 2107 2015 2167 Lehwald,
2037 2112 2099 2172 mit
2116 2118 2301 2178 klingenden

1322 2151 1427 2211 Spiel
1444 2151 1504 2211 und
1528 2151 1700 2211 fliegenden
1729 2151 1878 2211 Fahnen,
1912 2157 1985 2217 hier
2013 2160 2101 2220 durch
2131 2163 2158 2223 in
2186 2168 2241 2228 das
2264 2169 2319 2229 La¬

1323 2206 1371 2266 ger
1397 2201 1445 2261 bey
1476 2198 1635 2258 Kalthof.
1686 2196 1771 2256 Das
1791 2198 1820 2258 v.
1840 2202 2012 2262 Lossausche
2037 2214 2313 2274 Grenadier=Ba=

1321 2249 1421 2309 taillon
1452 2246 1570 2306 machte
1589 2243 1635 2303 den
1660 2243 1783 2303 Anfang
1808 2249 1855 2309 des
1874 2249 1997 2309 Zuges,
2022 2252 2075 2312 vor
2100 2257 2146 2317 dem
2183 2261 2306 2321 Schloß

1322 2300 1411 2360 schloß
1442 2297 1489 2357 sich
1521 2294 1575 2354 das
1599 2291 1713 2351 allhier
1745 2297 1889 2357 stehende
1920 2297 1974 2357 von
2011 2303 2222 2363 Syburgsche
2246 2312 2306 2372 und

1321 2348 1377 2408 auf
1406 2345 1456 2405 dem
1497 2342 1728 2402 Roßgärtschen
1763 2345 1881 2405 Markt
1900 2345 1950 2405 das
1984 2351 2148 2411 gleichfals
2184 2355 2211 2415 in
2251 2360 2318 2420 Kö¬

1322 2396 1474 2456 nigsberg
1497 2390 1638 2450 liegende
1667 2393 1724 2453 von
1759 2396 2036 2456 Tettenbornische
2059 2403 2240 2463 Regiment
2258 2414 2313 2474 an,

1321 2446 1375 2506 und
1409 2443 1458 2503 die
1481 2441 1492 2501 6
1531 2441 1974 2501 Grenadier=Compagnien
2008 2449 2090 2509 derer
2113 2452 2179 2512 drey
2207 2460 2306 2520 ausser

1319 2493 1527 2553 Königsberg
1568 2488 1730 2548 stehenden
1771 2494 1846 2554 oben
1881 2495 2060 2555 benannten
2096 2507 2310 2567 Regimenter

1318 2543 1454 2603 machten
1490 2538 1543 2598 den
1579 2537 1756 2597 Beschluß.
1804 2542 1881 2602 Der
1906 2545 1964 2605 Zug
1995 2548 2124 2608 welchen
2155 2557 2208 2617 der
2226 2557 2314 2617 Herr

1318 2590 1572 2650 Generalmajor
1608 2584 1660 2644 von
1695 2593 1915 2653 Stutterheim
1956 2599 2141 2659 aufführte,
2171 2605 2228 2665 fing
2258 2610 2304 2670 sich

1319 2641 1373 2701 vom
1418 2634 1688 2694 Friedländischen
1716 2640 1827 2700 Thore
1844 2642 1910 2702 an,
1943 2644 2003 2704 und
2032 2648 2125 2708 gieng
2159 2652 2236 2712 über
2264 2655 2308 2715 die

1318 2688 1512 2748 Holzbrücke
1536 2682 1618 2742 durch
1643 2684 1683 2744 die
1702 2690 1902 2750 Altstadtsche
1915 2694 2085 2754 Langgasse
2104 2697 2150 2757 dem
2186 2698 2303 2758 Schloß

1314 2736 1424 2796 vorbey
1459 2730 1548 2790 durch
1571 2730 1615 2790 die
1638 2739 1844 2799 französische
1867 2743 1995 2803 Straße
2024 2746 2090 2806 nach
2118 2748 2168 2808 dem
2208 2750 2313 2810 Gum¬

1321 2784 1476 2844 binnschen
1512 2778 1598 2838 Thor
1621 2781 1673 2841 zu.

1323 2847 1410 2907 Diese
1427 2841 1562 2901 Gelehrte
1587 2841 1634 2901 und
1659 2844 1820 2904 Politische
1845 2847 1964 2907 Zeitung
1989 2849 2060 2909 wird
2085 2849 2132 2909 des
2157 2852 2308 2912 Montags

1420 2885 1474 2945 und
1504 2885 1652 2945 Freytags
1672 2884 1696 2944 in
1721 2885 1765 2945 dem
1805 2888 1992 2948 Kanterschen
2027 2891 2199 2951 Buchladen

1704 2930 1923 2990 ausgegeben.
