2479 3508
250 367 342 427 unsre
366 363 602 423 Schriftsteller
626 361 684 421 und
708 363 858 423 Künstler
887 363 933 423 die
951 362 1049 422 große
1073 361 1246 421 Ermunte=
1282 355 1432 415 wendet,
1455 357 1513 417 und
1543 359 1635 419 seinen
1670 360 1820 420 Verstand
1850 357 1977 417 bessert,
1995 357 2070 417 wird
2100 357 2168 417 über
2198 363 2267 423 alles

251 414 328 474 rung
360 413 406 473 der
433 407 589 467 Griechen
616 407 751 467 hätten,
777 407 839 467 und
872 407 939 467 ihre
965 407 1163 467 Schriften,
1189 409 1246 469 wie

251 461 325 521 ihre
347 454 463 514 Werke
485 453 543 513 vor
571 453 623 513 den
650 455 756 515 Augen
794 455 868 515 aller
901 455 1060 515 aufstellen
1098 457 1246 517 könnten.

256 503 330 563 Den
368 500 511 560 Beyfall
539 503 624 563 eines
651 503 768 563 ganzen
800 503 901 563 Volks
934 503 959 563 zu
998 503 1163 563 erhalten,
1190 503 1248 563 wie

251 551 360 611 würde
387 551 439 611 das
466 550 512 610 die
539 546 664 606 Genies
691 551 785 611 unter
806 550 869 610 uns
890 551 1099 611 entwickeln,
1132 551 1178 611 die
1205 551 1251 611 be¬

261 601 322 661 sten
354 598 456 658 Köpfe
478 595 715 655 aufmuntern,
741 597 798 657 und
830 595 876 655 die
907 595 1062 655 schlechten
1094 597 1253 657 Scriben¬

258 650 308 710 ten
338 643 561 703 verdrängen!
587 646 698 706 Haben
729 643 789 703 wir
810 643 881 703 noch
912 643 998 703 keine
1019 646 1251 706 Schriftsteller

266 694 315 754 die
336 694 381 754 den
412 694 563 754 Griechen
595 691 654 751 und
680 694 816 754 Römern
847 691 933 751 gleich
964 691 1130 751 kommen,
1156 691 1181 751 so
1201 690 1256 750 ha¬

263 742 319 802 ben
356 742 418 802 wir
449 742 517 802 auch
554 742 620 802 noch
663 739 724 799 kein
772 738 968 798 griechisches
1011 739 1254 799 Publicum.

266 786 340 846 Die
361 786 521 846 Begierde
552 788 622 848 nach
648 786 743 846 Ruhm
794 785 970 845 entwickelt
990 784 1085 844 große
1111 786 1251 846 Seelen¬

254 834 377 894 kräfte,
405 837 478 897 aber
507 834 551 894 wo
586 833 687 893 wenig
721 831 816 891 Ruhm
867 834 894 894 zu
930 834 1075 894 erlangen
1109 833 1165 893 ist,
1194 833 1255 893 wie

272 882 389 942 konnen
420 882 453 942 sie
474 882 507 942 da
533 879 705 939 entwickelt
725 876 877 936 werden?

319 927 391 987 Der
417 930 567 990 Nutzen,
588 928 639 988 den
676 925 716 985 ein
748 927 939 987 erweitertes
965 926 1027 986 und
1053 924 1249 984 verbessertes

265 975 472 1035 Erkänntniß
502 974 684 1034 gewährt,
719 969 901 1029 verbunden
936 969 995 1029 mit
1020 969 1074 1029 dem
1119 971 1247 1031 reinsten

268 1022 494 1082 Vergnügen,
510 1018 592 1078 sollte
613 1016 690 1076 jedem
732 1013 813 1073 einen
845 1013 937 1073 Trieb
964 1013 1133 1073 einflößen,
1154 1015 1184 1075 zu
1221 1011 1257 1071 le¬

271 1070 342 1130 sen,
358 1066 404 1126 die
425 1064 667 1124 Erkänntnisse,
693 1061 739 1121 die
760 1059 821 1119 uns
843 1058 940 1118 andre
961 1059 986 1119 in
1012 1059 1099 1119 ihren
1126 1061 1259 1121 Schrif¬

268 1115 315 1175 ten
343 1112 554 1172 mitgetheilet
576 1109 697 1169 haben,
724 1106 771 1166 sich
793 1106 1010 1166 zuzueignen,
1037 1106 1095 1166 und
1122 1106 1169 1166 sich
1196 1106 1254 1166 mit

275 1163 328 1223 der
355 1160 494 1220 leichtern
521 1159 580 1219 Art
608 1157 661 1217 der
681 1152 906 1212 Wissenschaft
927 1154 960 1214 zu
994 1154 1180 1214 versorgen,
1207 1152 1253 1212 die

267 1210 340 1270 man
370 1210 496 1270 dadurch
526 1206 672 1266 erlangen
702 1201 799 1261 kann.

325 1253 381 1313 Ein
410 1255 494 1315 jeder
518 1255 675 1315 Mensch,
699 1252 749 1312 der
773 1252 828 1312 sein
857 1252 1055 1312 Erkänntniß
1084 1246 1258 1306 verbessert,

269 1308 295 1368 in
329 1306 420 1366 seinem
465 1303 568 1363 Kopfe
596 1302 781 1362 aufräumt,
798 1300 851 1360 und
885 1300 928 1360 sich
962 1300 1010 1360 zum
1049 1294 1250 1354 Nachdenken

268 1351 439 1411 gewöhnt,
466 1351 543 1411 wird
570 1351 601 1411 in
627 1348 704 1408 jedem
746 1348 881 1408 Stande
913 1348 1012 1408 seines
1038 1345 1157 1405 Lebens
1194 1345 1251 1405 und

269 1399 318 1459 bey
347 1400 429 1460 jedem
468 1396 622 1456 Gewerbe
645 1397 772 1457 welches
800 1396 827 1456 er
850 1396 960 1456 treibt,
977 1396 1021 1456 den
1049 1393 1176 1453 Einfluß
1198 1393 1253 1453 da=
1287 1388 1502 1448 menschlichen
1530 1390 1729 1450 Geschlechts
1763 1390 1872 1450 kennen
1906 1393 1933 1453 zu
1967 1394 2099 1454 lernen,
2122 1395 2166 1455 die
2194 1390 2271 1450 Ein¬

266 1444 322 1504 von
354 1446 540 1506 verspüren.
577 1442 618 1502 Er
645 1443 722 1503 wird
743 1443 805 1503 mit
826 1443 981 1503 mehrerer
997 1443 1153 1503 Ordnung
1179 1439 1256 1499 han¬

267 1494 353 1554 deln,
370 1494 402 1554 er
419 1491 495 1551 wird
517 1492 691 1552 geschickter
713 1491 812 1551 seyn,
845 1491 926 1551 einen
959 1491 1106 1551 Anschlag
1134 1489 1160 1549 zu
1188 1487 1253 1547 ma¬

263 1542 353 1602 chen,
369 1539 523 1599 Vörtheil
545 1539 603 1599 und
630 1539 778 1599 Schaden
805 1536 831 1596 zu
864 1539 1028 1599 erwegen,
1060 1538 1107 1598 den
1140 1534 1246 1594 Erfolg

268 1590 361 1650 seiner
393 1587 699 1647 Unternehmungen
731 1584 954 1644 zuverläßiger
986 1584 1012 1644 zu
1044 1579 1256 1639 bestimmen;

262 1634 295 1694 er
320 1631 392 1691 wird
421 1631 502 1691 nicht
522 1631 584 1691 blos
614 1631 797 1691 mechanisch
826 1628 1018 1688 verfahren,
1043 1625 1076 1685 er
1101 1625 1178 1685 wird
1207 1625 1250 1685 die

266 1676 416 1736 Ursachen
442 1673 491 1733 der
512 1673 623 1733 Dinge
643 1673 778 1733 kennen,
794 1670 930 1730 darüber
951 1670 1161 1730 nachdenken,
1177 1667 1247 1727 ihre
1288 1662 1338 1722 als
1374 1661 1418 1721 die
1449 1661 1645 1721 Einwohner
1676 1663 1776 1723 seines
1807 1664 2038 1724 Städtchens,
2069 1667 2138 1727 oder
2169 1667 2264 1727 seiner

265 1721 467 1781 Wirkungen
502 1717 590 1777 mehr
620 1715 857 1775 vorhersehen,
887 1712 946 1772 und
976 1711 1024 1771 sich
1060 1710 1148 1770 selbst
1173 1709 1251 1769 desto

266 1766 356 1826 mehr
377 1763 504 1823 nützen.
555 1760 626 1820 Der
647 1758 855 1818 Kaufmann,
870 1757 920 1817 der
937 1757 1261 1817 Handwerksmann,

269 1815 322 1875 der
345 1813 550 1873 Landmann,
573 1809 648 1869 wird
670 1810 768 1870 nichts
796 1808 866 1868 blos
899 1808 1083 1868 mechanisch
1116 1805 1229 1865 treiben

272 1861 399 1921 sondern
428 1861 488 1921 mit
511 1861 588 1921 einem
628 1860 839 1920 aufgeklärten
873 1858 1044 1918 Verstande
1067 1855 1145 1915 wird
1162 1854 1189 1914 er
1206 1850 1256 1910 sei¬

259 1909 313 1969 nen
346 1912 466 1972 Nutzen
488 1911 520 1971 da
548 1909 772 1969 hervorsuchen
800 1906 947 1966 köͤnnen,
975 1906 1018 1966 wo
1046 1906 1089 1966 ihn
1117 1904 1165 1964 der
1193 1902 1253 1962 me¬

263 1960 417 2020 chanische
439 1957 646 2017 Kaufmann,
663 1956 715 2016 der
737 1955 833 2015 nichts
860 1954 907 2014 als
929 1954 1051 2014 rechnen
1078 1953 1173 2013 kann,
1190 1950 1242 2010 und

263 2010 313 2070 der
339 2008 522 2068 Landmann
548 2005 598 2065 der
624 2005 720 2065 nichts
746 2002 852 2062 weiß,
873 2002 918 2062 als
949 2002 1030 2062 wenn
1072 2001 1096 2061 er
1117 1999 1244 2059 pflügen

264 2056 325 2116 und
353 2055 402 2115 den
426 2054 564 2114 Dünger
588 2052 698 2112 führen
727 2051 816 2111 muß,
839 2049 916 2109 nicht
939 2048 1033 2108 sucht.
1062 2046 1134 2106 Das
1162 2046 1245 2106 durch

263 2103 316 2163 das
349 2100 434 2160 Lesen
466 2102 524 2162 auf
546 2100 760 2160 Nachdenken
792 2097 957 2157 gerichtete
990 2092 1133 2152 Gemüth
1171 2091 1245 2151 wird

266 2151 383 2211 darauf
399 2148 536 2208 denken,
553 2145 706 2205 versteckte
728 2142 897 2202 Vortheile
919 2142 950 2202 zu
978 2142 1099 2202 suchen,
1116 2142 1242 2202 tausend

265 2196 539 2256 Veränderungen
573 2191 630 2251 mit
650 2188 731 2248 einem
776 2187 886 2247 Boden
915 2189 1165 2249 vorzunehmen,
1190 2186 1237 2246 den

269 2243 339 2303 man
366 2240 415 2300 für
437 2236 643 2296 unfruchtbar
666 2231 828 2291 gehalten,
845 2236 915 2296 oder
938 2237 986 2297 der
1014 2237 1094 2297 nicht
1111 2231 1241 2291 ergiebig

258 2289 364 2349 genug
386 2282 520 2342 gewesen
554 2282 612 2342 ist,
639 2282 810 2342 ergiebiger
838 2284 864 2344 zu
892 2285 1036 2345 machen.
1085 2282 1165 2342 Wir
1187 2278 1256 2338 ver¬

267 2333 373 2393 weisen
401 2330 507 2390 hiebey
536 2327 624 2387 unsre
647 2324 730 2384 Leser
760 2327 815 2387 auf
832 2330 876 2390 die
893 2333 921 2393 in
944 2333 993 2393 dem
1034 2330 1145 2390 15ten,
1156 2327 1245 2387 16ten

274 2387 333 2447 und
366 2381 457 2441 33ten
496 2375 598 2435 Stück
625 2372 733 2432 unsrer
761 2376 890 2436 Zeitung
923 2378 1036 2438 bereits
1069 2375 1241 2435 gemachter

273 2432 423 2492 Auszüge
458 2423 510 2483 von
551 2423 597 2483 der
627 2420 835 2480 Wirthschaft
865 2426 945 2486 eines
975 2423 1241 2483 philosophischen

267 2482 419 2542 Bauers,
436 2473 544 2533 welche
567 2472 621 2532 uns
643 2467 735 2527 zeigt,
747 2467 806 2527 wie
823 2470 937 2530 nützlich
960 2472 986 2532 es
1003 2470 1052 2530 ist,
1069 2473 1155 2533 wenn
1178 2470 1242 2530 auch

268 2531 319 2591 der
341 2527 527 2587 Landmann
553 2519 667 2579 denkt,
693 2514 750 2574 und
777 2514 828 2574 den
860 2519 989 2579 Mitteln
1015 2518 1066 2578 der
1088 2518 1253 2578 Verbesse¬

261 2575 342 2635 rung
370 2573 462 2633 seines
484 2571 604 2631 Landes
627 2566 680 2626 und
708 2560 801 2620 seiner
818 2563 921 2623 Aecker
943 2566 1123 2626 nachsinnen
1150 2566 1248 2626 kann.

259 2618 335 2678 Wie
363 2619 428 2679 viel
456 2620 554 2680 wüste
577 2615 746 2675 Gegenden
785 2608 839 2668 sind
873 2610 899 2670 in
933 2611 1113 2671 fruchtbare
1136 2614 1245 2674 Felder

255 2667 462 2727 verwandelt
489 2667 651 2727 worden,
684 2662 741 2722 seit
775 2655 826 2715 dem
885 2657 949 2717 man
995 2661 1086 2721 mehr
1126 2658 1254 2718 nachge=

260 2718 361 2778 dacht
379 2713 462 2773 hat?

317 2763 376 2823 Ein
410 2760 562 2820 Mensch,
590 2757 642 2817 der
669 2755 735 2815 mit
762 2751 809 2811 den
843 2751 1088 2811 Wissenschaften
1116 2752 1168 2812 sich
1195 2751 1248 2811 be¬

250 2814 351 2874 kannt
373 2814 497 2874 macht,
527 2814 577 2874 zum
621 2809 700 2869 Lesen
737 2804 824 2864 einen
854 2799 955 2859 Theil
978 2804 1072 2864 seiner
1095 2805 1166 2865 Zeit
1189 2801 1246 2861 an=

1281 401 1350 461 was
1377 401 1425 461 ihm
1468 404 1664 464 vorkommt,
1680 407 1728 467 sich
1755 407 1914 467 mündlich
1941 404 2010 464 oder
2037 404 2212 464 schriftlich,
2229 408 2276 468 or¬

1281 449 1411 509 dentlich
1437 448 1497 508 und
1523 452 1679 512 angenehm
1720 455 1911 515 ausdrücken
1937 452 2062 512 lernen.
2093 452 2209 512 Dieses
2234 453 2264 513 zu

1287 497 1425 557 können,
1443 495 1475 555 ist
1498 496 1542 556 oft
1560 495 1625 555 sehr
1648 501 1792 561 nützlich,
1809 503 1865 563 und
1888 502 1959 562 stets
1982 498 2176 558 angenehm.
2221 497 2270 557 Es

1289 545 1388 605 schickt
1411 544 1460 604 sich
1482 543 1531 603 für
1554 543 1632 603 jeden
1660 548 1792 608 Stand,
1815 551 1869 611 und
1897 551 1980 611 jedes
2003 545 2201 605 Geschlecht,
2213 548 2268 608 das

1277 590 1346 650 was
1376 589 1440 649 man
1470 589 1554 649 sagen
1584 590 1667 650 will,
1683 594 1767 654 nicht
1787 595 1955 655 verwirrt,
1970 595 2212 655 unordentlich,
2223 592 2276 652 wi¬

1287 637 1478 697 derwärtig,
1505 640 1633 700 sondern
1660 643 1846 703 ordentlich,
1868 644 2023 704 deutlich,
2044 643 2102 703 und
2135 643 2161 703 so
2183 642 2214 702 zu
2242 640 2284 700 sa¬

1283 685 1357 745 gen,
1379 683 1431 743 daß
1458 684 1484 744 es
1511 685 1638 745 gefällt.
1681 687 1749 747 Wo
1777 691 1829 751 nur
1856 689 2025 749 Menschen
2052 691 2131 751 sind,
2148 691 2195 751 die
2211 690 2274 750 ein¬

1283 730 1383 790 ander
1404 730 1468 790 ihre
1494 733 1665 793 Gedanken
1696 736 1873 796 mittheilen
1908 738 2014 798 wollen
2050 739 2105 799 und
2141 739 2276 799 müssen,

1287 778 1370 838 wird
1390 776 1419 836 es
1445 780 1498 840 zum
1538 781 1655 841 Nutzen
1685 784 1739 844 und
1769 784 1960 844 Vergnügen
1990 784 2162 844 gereichen,
2182 785 2265 845 wenn

1286 825 1316 885 es
1343 825 1461 885 sowohl
1483 825 1508 885 in
1534 828 1730 888 mündlichen
1762 831 2015 891 Unterredungen
2047 830 2093 890 als
2125 830 2150 890 in
2176 831 2274 891 Brie¬

1289 874 1338 934 fen
1372 875 1426 935 auf
1449 873 1510 933 eine
1532 876 1604 936 gute
1626 878 1687 938 Art
1704 879 1869 939 geschieht.
1915 879 1974 939 Ein
2003 879 2141 939 Nutzen,
2158 878 2207 938 den
2235 877 2273 937 je¬

1286 919 1341 979 der
1366 920 1477 980 Stand
1513 921 1568 981 von
1604 922 1653 982 der
1674 924 1759 984 Liebe
1790 922 1820 982 zu
1856 924 1941 984 einem
1992 924 2188 984 verbesserten
2219 924 2279 984 Er¬

1291 966 1481 1026 känntnisse,
1507 966 1562 1026 und
1593 966 1642 1026 den
1673 966 1919 1026 Wissenschaften
1950 972 2126 1032 einerndten
2156 975 2251 1035 kann.

1334 1007 1414 1067 Wie
1429 1010 1550 1070 nützlich
1576 1010 1630 1070 und
1656 1010 1802 1070 lehrreich
1828 1012 1898 1072 kann
1929 1013 2009 1073 einem
2045 1017 2125 1077 jeden
2151 1019 2191 1079 die
2211 1019 2271 1079 Ge¬

1293 1055 1411 1115 schichte
1437 1055 1530 1115 seyn!
1557 1055 1629 1115 Sie
1650 1058 1851 1118 unterrichtet
1873 1057 1893 1117 in
1929 1060 2089 1120 lehrenden
2122 1064 2281 1124 Beyspie¬

1291 1101 1368 1161 len,
1394 1101 1440 1161 die
1466 1100 1579 1160 stärker
1606 1103 1724 1163 rühren
1760 1103 1807 1163 als
1833 1103 1925 1163 lange
1957 1106 2147 1166 Predigten.
2199 1109 2266 1169 Und

1288 1148 1357 1208 was
1393 1145 1433 1205 ist
1469 1145 1499 1205 es
1534 1148 1584 1208 für
1615 1148 1655 1208 ein
1696 1151 1816 1211 wahres
1847 1152 2037 1212 Vergnügen
2068 1153 2118 1213 der
2144 1154 2274 1214 mensch¬

1292 1193 1383 1253 lichen
1417 1193 1530 1253 Seele,
1547 1196 1573 1256 zu
1601 1196 1710 1256 sehen,
1738 1198 1797 1258 wie
1819 1198 1867 1258 die
1889 1198 1976 1258 Welt
1993 1198 2193 1258 entstanden,
2216 1201 2275 1261 wie

1291 1240 1328 1300 sie
1356 1242 1420 1302 nach
1448 1243 1507 1303 und
1534 1246 1599 1306 nach
1632 1244 1658 1304 in
1697 1246 1745 1306 den
1783 1246 2031 1306 gegenwärtigen
2064 1249 2193 1309 Zustand
2226 1248 2274 1308 ge¬

1288 1291 1453 1351 kommen,
1474 1294 1530 1354 mit
1552 1292 1623 1352 allen
1650 1294 1809 1354 Nationen
1841 1294 1892 1354 vom
1929 1297 2052 1357 Anfang
2079 1296 2109 1356 an
2136 1297 2269 1357 bekannt

1289 1347 1320 1407 zu
1359 1340 1455 1400 seyn,
1478 1342 1526 1402 die
1559 1342 1689 1402 größten
1728 1342 1786 1402 und
1819 1345 1944 1405 edelsten
1987 1345 2182 1405 Charactere
2215 1345 2263 1405 des

1281 1437 1488 1497 richtungen,
1509 1437 1794 1497 Empfindungen,
1815 1440 1975 1500 Anstalten
2012 1440 2063 1500 der
2090 1441 2260 1501 Menschen

1281 1484 1313 1544 zu
1340 1482 1446 1542 sehen,
1462 1485 1520 1545 und
1547 1483 1600 1543 sein
1628 1485 1712 1545 Leben
1744 1485 1888 1545 gleichsam
1925 1488 1952 1548 so
1968 1488 2010 1548 alt
2032 1488 2074 1548 als
2096 1488 2138 1548 die
2155 1488 2266 1548 Dauer

1286 1527 1341 1587 der
1367 1530 1452 1590 Welt
1473 1530 1502 1590 zu
1528 1533 1669 1593 machen.
1700 1533 1770 1593 Wir
1796 1533 1892 1593 stellen
1923 1533 1978 1593 uns
2004 1534 2074 1594 vor,
2095 1536 2145 1596 daß
2171 1536 2251 1596 einem

1285 1578 1491 1638 Menschen,
1517 1578 1570 1638 der
1595 1578 1688 1638 nichts
1718 1578 1767 1638 von
1798 1575 1846 1635 der
1871 1578 2048 1638 Geschichte
2073 1581 2181 1641 weiß,
2206 1581 2265 1641 und

1282 1619 1394 1679 weiter
1418 1619 1473 1679 von
1502 1619 1548 1679 dem
1591 1622 1802 1682 menschlichen
1830 1622 2008 1682 Geschlecht
2027 1623 2125 1683 nichts
2149 1625 2276 1685 kennet,

1285 1705 1412 1765 Stadt,
1428 1703 1451 1763 in
1481 1705 1530 1765 dem
1570 1706 1746 1766 Zeitraume
1772 1706 1820 1766 von
1850 1709 1968 1769 funfzig
1998 1709 2144 1769 Jahren,
2155 1712 2179 1772 so
2204 1714 2267 1774 lan¬

1287 1752 1323 1812 ge
1345 1749 1376 1809 er
1398 1751 1503 1811 denken
1535 1754 1630 1814 kann,
1646 1751 1673 1811 so
1700 1754 1726 1814 zu
1753 1755 1868 1815 Muthe
1891 1757 1953 1817 seyn
1986 1760 2075 1820 muß,
2092 1758 2144 1818 wie
2166 1763 2244 1823 einem

1288 1800 1340 1860 der
1362 1801 1398 1861 an
1425 1799 1488 1859 eine
1515 1804 1610 1864 Insel
1632 1805 1785 1865 geworfen
1812 1805 1954 1865 worden,
1981 1807 2022 1867 wo
2050 1808 2081 1868 er
2103 1809 2155 1869 von
2187 1814 2255 1874 allen

1279 1849 1409 1909 übrigen
1437 1851 1567 1911 Theilen
1595 1852 1644 1912 der
1666 1852 1758 1912 Welt
1775 1855 2031 1915 abgeschnitten,
2059 1855 2162 1915 nichts
2190 1857 2265 1917 wei¬

1278 1900 1326 1960 ter
1347 1897 1400 1957 von
1432 1897 1479 1957 der
1507 1900 1596 1960 Welt
1613 1900 1702 1960 hört.
1730 1900 1772 1960 Er
1794 1903 1830 1963 ist
1847 1903 1937 1963 gegen
1964 1906 2048 1966 einen
2080 1906 2271 1966 Menschen,

1281 1948 1332 2008 der
1364 1945 1415 2005 die
1447 1945 1628 2005 Geschichte
1665 1948 1773 2008 kennt,
1800 1950 1856 2010 auf
1883 1948 1970 2008 einer
1997 1951 2110 2011 wüsten
2152 1954 2266 2014 Insel.

1281 1993 1356 2053 Der
1382 1993 1462 2053 letzte
1482 1993 1547 2053 lebt
1568 1996 1724 2056 eigentlich
1755 1999 1845 2059 unter
1871 1999 1916 2059 dem
1957 1999 2168 2059 menschlichen
2199 1999 2264 2059 Ge¬

1286 2040 1448 2100 schlechte,
1470 2040 1530 2100 und
1557 2040 1595 2100 ist
1622 2043 1643 2103 so
1676 2043 1725 2103 alt
1742 2045 1785 2105 als
1812 2045 1855 2105 die
1877 2046 1986 2106 Welt,
2013 2047 2067 2107 hat
2090 2049 2143 2109 alle
2166 2046 2268 2106 Jahr¬

1282 2088 1436 2148 hunderte
1459 2088 1641 2148 durchlebt,
1664 2094 1724 2154 und
1753 2094 1836 2154 jener
1858 2094 1891 2154 ist
1908 2095 1979 2155 kaum
2025 2094 2063 2154 ein
2091 2097 2174 2157 Kind
2202 2097 2251 2157 von

1283 2136 1368 2196 einem
1411 2133 1517 2193 Tage.

1332 2181 1407 2241 Wie
1440 2178 1504 2238 viel
1521 2179 1639 2239 Nutzen
1673 2181 1732 2241 und
1765 2184 1954 2244 Vergnügen
1992 2184 2067 2244 wird
2106 2190 2262 2250 derjenige

1278 2229 1402 2289 haben,
1429 2229 1480 2289 der
1512 2226 1616 2286 einige
1637 2229 1803 2289 Einsichten
1840 2230 1866 2290 in
1903 2231 1949 2291 die
1975 2233 2188 2293 Sternkunde
2220 2234 2266 2294 er¬

1281 2278 1394 2338 langt,
1421 2274 1467 2334 der
1493 2273 1544 2333 das
1571 2276 1829 2336 Planetensystem
1871 2276 1984 2336 kennt,
2005 2276 2056 2336 der
2077 2279 2170 2339 etwas
2196 2279 2248 2339 von

1281 2324 1332 2384 der
1359 2323 1503 2383 Sonnen
1536 2321 1696 2381 versteht,
1728 2327 1769 2387 um
1817 2324 1925 2384 welche
1952 2321 1998 2381 sich
2035 2324 2102 2384 ihre
2134 2327 2252 2387 Welten

1281 2372 1416 2432 drehen.
1462 2366 1538 2426 Der
1559 2369 1609 2429 den
1640 2370 1796 2430 gestirnten
1827 2372 1973 2432 Himmel
1989 2372 2049 2432 mit
2070 2372 2180 2432 andern
2201 2374 2261 2434 Au¬

1281 2423 1334 2483 gen
1361 2417 1498 2477 ansieht,
1509 2417 1556 2477 als
1584 2417 1621 2477 ein
1653 2420 1891 2480 Unwissender,
1913 2420 2040 2480 welcher
2067 2420 2109 2480 die
2131 2423 2257 2483 Sterne

1279 2465 1341 2525 wie
1363 2464 1474 2524 goldne
1501 2463 1611 2523 Nägel
1628 2464 1659 2524 an
1687 2466 1770 2526 einem
1808 2467 1914 2527 blauen
1946 2467 2104 2527 Gewölbe
2126 2473 2258 2533 betrach¬

1276 2515 1341 2575 tet.
1397 2511 1447 2571 Es
1478 2512 1599 2572 kommt
1625 2510 1685 2570 uns
1716 2516 1797 2576 vor,
1828 2515 1959 2575 nachdem
2005 2517 2066 2577 wir
2097 2517 2142 2577 die
2168 2521 2258 2581 Welt

1281 2560 1371 2620 besser
1397 2557 1538 2617 kennen,
1564 2557 1609 2617 als
1635 2557 1664 2617 ob
1701 2559 1755 2619 wir
1786 2562 1842 2622 wie
1873 2565 2109 2625 untergedrückt
2136 2566 2256 2626 wären,

1280 2606 1337 2666 und
1366 2605 1500 2665 ersticken
1525 2605 1678 2665 müßten,
1702 2608 1788 2668 wenn
1823 2609 1880 2669 wir
1914 2611 1971 2671 uns
2000 2612 2052 2672 von
2082 2614 2163 2674 einem
2202 2614 2259 2674 sol¬

1278 2653 1346 2713 chen
1373 2652 1531 2712 Gewölbe
1553 2650 1611 2710 mit
1628 2655 1754 2715 goldnen
1781 2658 1901 2718 Någeln
1929 2658 2119 2718 umschlossen
2151 2659 2256 2719 sehen.

1278 2698 1360 2758 Wer
1381 2700 1448 2760 auch
1475 2697 1536 2757 nur
1563 2699 1629 2759 eine
1661 2703 1764 2763 leichte
1785 2704 2003 2764 Wissenschaft
2029 2706 2158 2766 davon,
2184 2706 2235 2766 zum

1276 2748 1452 2808 Exempel,
1478 2745 1533 2805 aus
1564 2751 1806 2811 Fontenells
1842 2752 2039 2812 Gesprächen
2075 2751 2130 2811 von
2161 2749 2251 2809 mehr

1281 2799 1329 2859 als
1355 2796 1434 2856 einer
1453 2795 1545 2855 Welt
1564 2798 1687 2858 erlangt
1706 2799 1773 2859 hat,
1793 2802 1872 2862 wird
1897 2804 1939 2864 sich
1965 2800 2063 2860 seinen
2095 2798 2254 2858 Schöpfer

2192 2848 2258 2908 un¬
