2479 3508
177 324 360 384 ehmaliger
383 322 549 382 4jähriger
579 317 756 377 Gamaliel
785 315 899 375 unsres
935 317 1025 377 Hrn.
1055 315 1192 375 Verfas¬

185 369 251 429 sers
285 372 412 432 beehrte
446 366 495 426 ihn
541 363 718 423 gleichfalls
752 362 812 422 mit
852 366 974 426 einigen
1019 366 1174 426 bündigen

192 416 369 476 Zweifeln.
415 413 492 473 Der
515 410 720 470 Respondent
743 410 809 470 war
832 414 903 474 Hr.
921 413 1076 473 Gerhard
1093 412 1193 472 Gott¬

196 464 270 524 fried
297 465 483 525 Voglerus,
500 459 541 519 ein
569 458 717 518 Preuße.

236 512 309 572 Den
360 511 421 571 19.
458 506 557 566 hielte
589 506 638 566 der
682 506 713 566 in
751 509 855 569 Halle
887 511 973 571 schon
1030 509 1184 569 bekannte

191 563 277 623 Herr
307 557 359 617 M.
389 554 522 614 George
557 554 720 614 Christian
761 560 946 620 Seeland,
976 560 1022 620 ein
1058 557 1190 617 Colber¬

192 612 247 672 ger
275 605 358 665 seine
387 601 464 661 erste
498 601 709 661 Disputation
759 606 898 666 allhier,
927 608 982 668 zum
1027 604 1187 664 Beweis,

191 654 247 714 daß
282 652 315 712 er
351 649 379 709 in
414 649 464 709 die
494 650 614 710 hiesige
649 655 900 715 philosophische
936 652 1090 712 Facultät
1119 652 1192 712 auf¬

191 700 377 760 genommen
420 697 483 757 sey.
558 700 632 760 Sie
664 703 797 763 handelt
829 703 888 763 von
936 703 1058 763 einigen
1101 700 1191 760 Frie¬

192 748 419 808 densschlüssen
486 748 541 808 des
598 751 680 811 heil.
720 751 908 811 Römischen
959 751 1080 811 Reichs
1125 751 1186 811 auf

186 798 196 858 2
229 795 368 855 Bogen.
416 795 506 855 Sein
545 797 758 857 Respondent
785 798 848 858 war
882 798 966 858 Herr
988 798 1068 858 Carl
1090 795 1191 855 Gott¬

189 846 245 906 lieb
288 840 380 900 Bock
417 843 474 903 aus
511 846 708 906 Friedland,
740 846 827 906 seine
854 846 1072 906 Opponenten
1109 843 1181 903 aber

191 894 254 954 von
281 891 328 951 den
360 894 486 954 hiesigen
519 894 782 954 Studierenden,
809 894 856 954 die
883 894 1004 954 Herren
1031 894 1173 954 Heinrich

192 940 341 1000 Gottlieb
370 943 525 1003 Schulz,
548 945 591 1005 ein
631 943 903 1003 Königsberger,
926 942 986 1002 und
1020 942 1174 1002 Friedrich

192 990 343 1050 Augustin
376 991 431 1051 von
459 992 572 1052 Essen,
590 992 632 1052 ein
655 992 823 1052 Lithauer.
862 990 937 1050 Von
965 991 1019 1051 den
1047 991 1177 1051 Lehrern

190 1040 238 1100 bey
266 1043 396 1103 hiesiger
424 1046 592 1106 Akademie
615 1043 826 1103 unterredeten
854 1040 903 1100 sich
931 1040 990 1100 mit
1012 1040 1055 1100 ihm
1094 1040 1175 1100 Herr

188 1089 240 1149 M.
258 1094 403 1154 Gottlieb
427 1094 579 1154 Schlegel
603 1094 661 1154 und
685 1094 737 1154 der
755 1091 1053 1151 außerordentliche
1071 1091 1176 1151 Lehrer

453 1247 597 1307 Berlin,
618 1249 676 1309 vom
725 1249 788 1309 24.
815 1249 921 1309 May.

234 1297 279 1357 Am
320 1294 502 1354 Dienstage
523 1293 588 1353 früh
620 1291 818 1351 marschirten
849 1291 904 1351 wie
935 1294 970 1354 am
1016 1293 1183 1353 Montage

188 1345 240 1405 die
255 1340 413 1400 sämtliche
433 1335 596 1395 Garnison
620 1337 673 1397 und
697 1336 740 1396 die
760 1337 971 1397 eingerückten
995 1337 1192 1397 Cavallerie¬

192 1387 252 1447 und
281 1381 672 1441 Infanterieregimenter
700 1381 812 1441 wieder
836 1381 858 1441 in
892 1383 938 1443 die
957 1381 1092 1441 Gegend
1120 1381 1176 1441 von

191 1433 408 1493 Tempelhof,
429 1428 475 1488 wo
512 1428 553 1488 sie
585 1428 745 1488 abermals
782 1428 807 1488 in
849 1428 947 1488 hoher
979 1428 1191 1488 Gegenwart

194 1477 271 1537 Sr.
297 1481 394 1541 Maj.
421 1476 632 1536 verschiedene
663 1476 874 1536 Manöuvres
911 1477 1080 1537 machten,
1107 1479 1183 1539 über

190 1532 301 1592 welche
324 1530 396 1590 Se.
425 1527 569 1587 Majest.
598 1527 693 1587 Dero
727 1528 978 1588 Zufriedenheit
1012 1530 1190 1590 bezeigten.

190 1581 323 1641 Gestern
352 1578 418 1638 früh
446 1578 574 1638 giengen
602 1578 791 1638 obgedachte
808 1578 875 1638 hier
909 1581 1103 1641 eingerückte
1126 1580 1192 1640 Re¬

191 1634 365 1694 gimenter,
393 1631 451 1691 wie
472 1631 541 1691 auch
568 1630 621 1690 das
648 1628 1003 1688 Garnison=Bataillon
1035 1633 1066 1693 v.
1083 1631 1188 1691 Jtzen=

190 1686 267 1746 plitz
284 1683 345 1743 mit
373 1682 556 1742 klingendem
607 1679 718 1739 Spiel
746 1682 807 1742 und
841 1682 1019 1742 fliegenden
1053 1682 1186 1742 Fahnen

195 1736 265 1796 nach
303 1733 389 1793 ihren
438 1731 671 1791 gewöhnlichen
720 1732 1023 1792 Standquartieren
1061 1733 1190 1793 zurück.

192 1782 360 1842 Während
387 1781 474 1841 ihres
497 1781 626 1841 hiesigen
654 1781 866 1841 Aufenthalts
894 1778 992 1838 haben
1020 1779 1068 1839 des
1090 1781 1193 1841 Prin¬

197 1836 246 1896 zen
274 1833 429 1893 Henrichs
463 1828 606 1888 Königl.
629 1825 750 1885 Hoheit
772 1825 883 1885 täglich
917 1825 982 1885 eine
1006 1825 1104 1885 Tafel
1127 1828 1176 1888 von

197 1885 234 1945 30
267 1880 423 1940 Couverts
451 1873 499 1933 für
527 1872 569 1932 die
592 1872 742 1932 Officiers
770 1870 932 1930 gehalten.

433 1918 677 1978 Dresden,
700 1915 752 1975 den
780 1918 822 1978 8.
838 1917 944 1977 May.

247 1973 324 2033 Den
361 1972 470 2032 24sten
507 1964 609 2024 April
634 1963 669 2023 ist
706 1963 760 2023 auf
791 1963 887 2023 hohen
930 1963 1056 2023 Befehl
1075 1963 1098 2023 in
1129 1963 1177 2023 den

195 2023 344 2083 Schenk=
367 2017 427 2077 und
456 2011 744 2071 Wirthshäusern,
772 2011 816 2071 die
839 2011 944 2071 Music
966 2008 1033 2068 hier
1056 2011 1116 2071 und
1139 2011 1165 2071 im

191 2070 310 2130 ganzen
331 2064 429 2124 Lande
446 2061 559 2121 wieder
575 2063 804 2123 angegangen,
815 2058 918 2118 wobey
944 2058 980 2118 ein
1002 2058 1110 2118 solcher
1131 2058 1188 2118 Zu¬

189 2115 258 2175 lauf
280 2112 333 2172 vom
387 2109 488 2169 Volke
521 2109 653 2169 gewesen
687 2110 745 2170 ist,
767 2111 819 2171 daß
852 2111 878 2171 in
916 2109 1039 2169 einigen
1077 2109 1177 2169 Orten

193 2162 237 2222 die
261 2163 375 2223 Krüge
398 2160 455 2220 und
485 2161 603 2221 Gläser
628 2163 712 2223 nicht
730 2163 919 2223 zugelangt,
948 2159 1079 2219 sondern
1108 2157 1182 2217 viele

197 2214 256 2274 aus
284 2213 403 2273 Töpfen
430 2211 489 2271 und
517 2211 679 2271 Schüsseln
708 2214 800 2274 haben
822 2211 935 2271 trinken
958 2208 1088 2268 müssen.
1115 2205 1180 2265 Die

193 2264 407 2324 Tranksteuer
430 2259 488 2319 und
512 2257 562 2317 die
578 2260 822 2320 Generalaccife
845 2258 947 2318 haben
978 2255 1110 2315 dadurch
1141 2252 1184 2312 ei=
1215 2252 1258 2312 ist
1274 2252 1369 2312 dieses
1392 2258 1562 2318 Inhalts:
1592 2263 1658 2323 Zur
1689 2267 1776 2327 Ehre
1800 2268 1858 2328 des
1888 2270 1991 2330 Herrn
2022 2269 2117 2329 Pitt,
2140 2269 2213 2329 ebe¬

189 2315 245 2375 nen
282 2315 396 2375 großen
428 2309 583 2369 Zuwachs
615 2309 775 2369 erhalten,
802 2309 859 2369 wie
880 2309 947 2369 man
979 2305 1051 2365 denn
1078 2300 1176 2360 wißen

194 2362 283 2422 will,
305 2362 357 2422 daß
389 2361 494 2421 seitdem
532 2360 579 2420 die
600 2357 711 2417 Music
733 2360 817 2420 nicht
833 2358 959 2418 erlaubt
981 2354 1107 2414 gewesen
1134 2355 1186 2415 ist,

194 2409 252 2469 nur
279 2411 326 2471 die
348 2409 449 2469 Accise
470 2405 544 2465 über
571 2405 682 2465 30000
715 2405 815 2465 Thlr.
837 2408 985 2468 Schaden
1017 2405 1160 2465 gelitten.

434 2455 618 2515 Altona,
652 2452 706 2512 vom
755 2454 820 2514 18.
843 2455 951 2515 May.

236 2500 314 2560 Vor
349 2503 469 2563 einigen
509 2503 617 2563 Tagen
651 2500 691 2560 ist
720 2502 771 2562 der
817 2506 1005 2566 Kaufmann
1045 2500 1118 2560 Otte
1153 2497 1175 2557 in

189 2551 366 2611 Hamburg
392 2551 538 2611 arretiret
569 2550 630 2610 und
661 2549 772 2609 hieher
798 2554 1010 2614 ausgeliefert
1041 2548 1188 2608 worden.

196 2599 242 2659 Er
263 2599 340 2659 wird
367 2600 459 2660 vieler
480 2599 593 2659 groben
630 2602 1023 2662 Handlungsverbrechen
1054 2597 1188 2657 beschul¬

194 2652 261 2712 get,
287 2647 343 2707 und
370 2646 411 2706 ist
427 2646 597 2706 derselbige
618 2646 747 2706 welcher
773 2649 824 2709 den
856 2652 928 2712 Fall
954 2651 1005 2711 des
1032 2646 1187 2706 vormali¬

195 2700 246 2760 gen
275 2699 364 2759 ersten
393 2697 659 2757 Hamburgischen
693 2700 970 2760 Bürgermeisters
999 2697 1112 2757 Poppe
1135 2696 1185 2756 be=
1220 2697 1253 2757 du
1282 2700 1361 2760 seyst
1385 2703 1440 2763 aus
1475 2712 1604 2772 welchem
1651 2709 1825 2769 Welttheil
1843 2709 1876 2769 du
1911 2711 2046 2771 wollest.
2092 2710 2204 2770 Siehe

197 2751 319 2811 fördert
339 2748 406 2808 hat.

442 2793 610 2853 Paris,
643 2795 698 2855 vom
743 2796 805 2856 14.
831 2800 936 2860 May.

240 2851 362 2911 Einige
389 2847 499 2907 Große
519 2849 570 2909 des
598 2849 721 2909 Hofes,
741 2849 851 2909 welche
878 2854 1040 2914 heimliche
1061 2852 1177 2912 Feinde
1223 2852 1314 2912 mehr
1335 2855 1393 2915 von
1419 2859 1516 2919 seinem
1556 2861 1646 2921 Ruhm
1693 2858 1719 2918 zu
1745 2859 1816 2919 lesen
1843 2857 2031 2917 verlangen.

1227 311 1276 371 der
1298 315 1548 375 Beredsamkeit
1565 312 1625 372 und
1654 315 1853 375 Geschichte,
1870 318 1936 378 Hr.
1953 315 2085 375 Johann
2114 312 2224 372 Bern¬

1220 362 1299 422 hard
1321 366 1447 426 Hahn,
1474 363 1606 423 welcher
1634 363 1718 423 kraft
1745 364 1845 424 seines
1872 364 1968 424 Amts
2005 363 2052 423 als
2084 361 2222 421 Subin¬

1220 413 1333 473 spector
1367 413 1415 473 der
1448 410 1589 470 Königl.
1606 410 1812 470 Alumnorum
1856 413 2013 473 öffentlich
2052 413 2220 473 bezeugte,

1218 459 1272 519 daß
1303 458 1351 518 der
1376 461 1461 521 Herr
1486 455 1651 515 Verfasser
1670 458 1699 518 in
1730 461 1784 521 den
1822 461 1950 521 hiesigen
1981 459 2224 519 Philosophen=

1214 506 1309 566 orden
1340 506 1590 566 aufgenommen
1625 506 1756 566 worden
1781 509 1845 569 sey.

1267 554 1342 614 Den
1370 556 1429 616 23.
1446 557 1533 617 ward
1556 554 1604 614 die
1626 554 1680 614 von
1708 554 1757 614 der
1784 557 1986 617 Gröbensche
2008 557 2100 617 milde
2128 557 2225 617 Stif=

1220 602 1299 662 tung
1326 604 1415 664 durch
1447 602 1510 662 eine
1543 601 1716 661 lateinische
1744 601 1839 661 Rede
1866 601 2024 661 gefeyert.
2072 604 2145 664 Der
2172 604 2219 664 or¬

1221 652 1367 712 dentliche
1389 652 1497 712 Lehrer
1520 651 1569 711 der
1591 649 1835 709 Beredsamkeit
1857 649 1917 709 und
1940 651 2118 711 Geschichte
2141 652 2211 712 auch

1221 702 1343 762 jetziger
1360 701 1509 761 Dechant
1527 700 1571 760 der
1588 697 1849 757 philosophischen
1877 700 2027 760 Facultät
2045 700 2099 760 Hr.
2111 700 2210 760 Jacob

1222 751 1374 811 Friedrich
1397 750 1528 810 Werner
1546 748 1653 808 führte
1670 748 1716 808 den
1739 748 1824 808 Hrn.
1836 747 1994 807 Christoph
2024 750 2221 810 Schöneich,

1221 797 1304 857 einen
1354 798 1498 858 einzigen
1537 798 1642 858 Sohn
1687 795 1742 855 des
1787 798 1914 858 ehmals
1959 795 2108 855 beliebten
2153 798 2219 858 hie¬

1220 843 1297 903 sigen
1342 846 1464 906 ältesten
1509 846 1687 906 Capellans
1727 846 1782 906 bey
1821 844 1876 904 der
1910 843 2110 903 Domkirche
2144 845 2227 905 glei¬

1218 894 1287 954 ches
1319 894 1478 954 Namens
1510 894 1568 954 auf
1600 894 1647 954 die
1674 894 1859 954 Catheder,
1892 893 2024 953 welcher
2056 894 2119 954 mit
2157 894 2220 954 vie¬

1218 942 1260 1002 ler
1287 943 1493 1003 Munterkeit
1515 944 1583 1004 eine
1611 945 1790 1005 lateinische
1812 942 1902 1002 Rede
1929 942 2119 1002 auswendig
2151 945 2220 1005 her¬

1215 992 1328 1052 sagte,
1349 992 1400 1052 die
1433 995 1489 1055 von
1526 992 1577 1052 den
1614 992 1727 1052 milden
1764 992 1966 1052 Stiftungen
2003 994 2049 1054 als
2081 993 2132 1053 den
2174 990 2220 1050 be=

1216 1038 1279 1098 sten
1314 1043 1545 1103 Grundsäulen
1580 1046 1666 1106 eines
1696 1046 1921 1106 unsterblichen
1950 1046 2100 1106 Namens
2135 1046 2221 1106 han=

1216 1091 1318 1151 delte.

1227 1246 1277 1306 der
1306 1249 1486 1309 Marquisin
1515 1249 1571 1309 von
1600 1249 1815 1309 Pompadour
1838 1249 1968 1309 gewesen
2002 1248 2086 1308 sind,
2110 1246 2205 1306 haben

1219 1291 1271 1351 den
1310 1294 1415 1354 König
1449 1294 1573 1354 bereden
1612 1294 1746 1354 wollen,
1780 1296 1851 1356 ihre
1881 1294 2092 1354 nachgelaßne
2121 1291 2216 1351 große

1225 1337 1360 1397 Schätze
1396 1339 1621 1399 einzuziehen,
1647 1342 1732 1402 allein
1773 1339 1868 1399 dieser
1904 1339 2064 1399 Monarch
2105 1339 2140 1399 ist
2176 1342 2205 1402 zu

1220 1384 1426 1444 großmütig,
1448 1384 1494 1444 als
1515 1384 1571 1444 daß
1598 1384 1623 1444 er
1649 1387 1742 1447 diesem
1789 1387 1938 1447 Antrage
1965 1387 2083 1447 Gehör
2115 1387 2202 1447 geben

1223 1428 1312 1488 solte.
1360 1429 1439 1489 Se.
1455 1431 1555 1491 Maj.
1571 1434 1665 1494 haben
1692 1434 1745 1494 der
1772 1431 1893 1491 Gräfin
1925 1431 1977 1491 von
2004 1435 2215 1495 Amblimont

1225 1476 1309 1536 deren
1340 1479 1486 1539 Gemahl
1512 1481 1557 1541 ein
1583 1485 1799 1545 Seecapitain
1825 1485 1885 1545 ist,
1921 1482 2005 1542 einer
2031 1484 2207 1544 vertrauten

1218 1528 1377 1588 Freundin
1415 1530 1467 1590 der
1494 1530 1691 1590 verstorbnen
1734 1534 1946 1594 Marquisin,
1968 1533 2036 1593 eine
2064 1533 2206 1593 Pension

1220 1579 1278 1639 von
1305 1579 1389 1639 8000
1421 1581 1526 1641 Livres
1554 1583 1596 1643 als
1623 1584 1686 1644 eine
1713 1586 1828 1646 Zulage
1855 1584 1882 1644 zu
1909 1587 1956 1647 den
1988 1584 2072 1644 2400
2105 1583 2210 1643 Livres

1221 1631 1416 1691 bewilliget,
1445 1631 1551 1691 welche
1574 1631 1612 1691 sie
1635 1633 1712 1693 schon
1742 1634 1802 1694 aus
1825 1634 1875 1694 der
1893 1634 2031 1694 Königl.
2043 1634 2216 1694 Chatoulle

1226 1682 1371 1742 genießt.
1421 1682 1490 1742 Der
1518 1685 1761 1745 Universalerbe
1784 1685 1864 1745 Herr
1892 1685 1945 1745 von
1973 1685 2135 1745 Marigny
2162 1684 2216 1744 soll

1226 1733 1417 1793 entschlossen
1446 1734 1513 1794 seyn
1542 1736 1615 1796 allen
1644 1736 1762 1796 Streit
1779 1736 1852 1796 über
1881 1736 1932 1796 die
1955 1736 2219 1796 Verlassenschaft

1228 1781 1322 1841 seiner
1348 1781 1534 1841 Schwester
1556 1785 1585 1845 zu
1616 1787 1812 1847 vermeiden,
1843 1787 1898 1847 wie
1924 1787 1948 1847 er
1964 1787 2039 1847 denn
2070 1788 2140 1848 auch
2161 1787 2210 1847 das

1221 1828 1361 1888 Codicill
1383 1828 1410 1888 zu
1438 1831 1562 1891 erfüllen
1590 1832 1638 1892 sich
1666 1834 1818 1894 erkläret,
1840 1834 1969 1894 welches
2003 1836 2057 1896 für
2090 1836 2138 1896 sich
2166 1834 2219 1894 kei¬

1219 1873 1260 1933 ne
1282 1873 1488 1933 Rechtskraft
1510 1877 1610 1937 hâtte,
1637 1880 1674 1940 da
1701 1884 1727 1944 es
1754 1882 1801 1942 die
1823 1885 2008 1945 Marquisin
2035 1885 2104 1945 noch
2131 1882 2199 1942 kaum

1218 1918 1468 1978 unterschreiben
1494 1924 1636 1984 können.

1464 1993 1664 2053 London,
1696 1998 1753 2058 den
1785 1998 1847 2058 11.
1879 2000 1985 2060 May.

1270 2056 1340 2116 Die
1365 2060 1607 2120 Bürgerschafft
1625 2062 1683 2122 von
1714 2064 1790 2124 Cork
1821 2063 1879 2123 hat
1903 2065 1962 2125 auf
1987 2070 2074 2130 ihrer
2099 2070 2210 2130 Börse

1215 2107 1268 2167 dem
1306 2109 1406 2169 Herrn
1438 2109 1575 2169 Wilhelm
1618 2111 1697 2171 Pitt
1719 2114 1782 2174 eine
1804 2115 1931 2175 Statue
1952 2115 2005 2175 von
2032 2118 2212 2178 Alabaster,

1216 2157 1244 2217 in
1279 2157 1498 2217 Lebensgröße
1527 2163 1696 2223 aufrichten
1731 2164 1843 2224 lassen.
1889 2166 1962 2226 Die
1991 2169 2199 2229 Aufschriften

1220 2205 1279 2265 sind
1303 2205 1415 2265 Theils
1439 2212 1587 2272 englisch,
1605 2214 1723 2274 Theils
1747 2215 1924 2275 lateinisch.
1972 2219 2043 2279 Die
2061 2222 2208 2282 englische

1216 2303 1352 2363 maligen
1381 2311 1676 2371 Staatssecretairs
1699 2316 1790 2376 Ihro
1825 2321 2017 2381 Majestäten
2046 2319 2160 2379 Georg
2183 2318 2211 2378 II

1213 2354 1274 2414 und
1301 2351 1362 2411 III.
1384 2354 1435 2414 von
1467 2365 1777 2425 Großbrittanien,
1798 2369 1927 2429 welcher
1959 2371 1984 2431 in
2021 2372 2072 2432 der
2093 2369 2202 2429 kurzen

1215 2404 1289 2464 Zeit
1305 2401 1400 2461 seiner
1416 2411 1591 2471 geschickten
1618 2415 1675 2475 und
1697 2420 1844 2480 redlichen
1872 2420 2199 2480 Staatsverwaltung

1214 2452 1258 2512 die
1285 2450 1367 2510 Ehre
1394 2453 1445 2513 der
1466 2462 1652 2522 Englischen
1679 2467 1827 2527 Waffen,
1853 2465 1878 2525 so
1911 2467 1968 2527 wie
2001 2469 2046 2529 die
2073 2470 2213 2530 Sicher¬

1217 2501 1300 2561 heit,
1331 2503 1379 2563 den
1415 2512 1596 2572 Reichthum
1645 2518 1704 2578 und
1735 2518 1783 2578 die
1808 2512 1897 2572 Ehre
1929 2515 2024 2575 seines
2055 2520 2205 2580 Königes

1214 2551 1275 2611 und
1309 2551 1358 2611 des
1387 2560 1603 2620 Vaterlandes
1631 2567 1748 2627 wieder
1771 2564 1965 2624 hergestellet
1988 2568 2065 2628 hat;
2093 2569 2210 2629 errich¬

1220 2598 1294 2658 teten
1330 2602 1404 2662 diese
1428 2611 1630 2671 Ehrensäule
1654 2614 1699 2674 die
1724 2614 1862 2674 Bürger
1892 2614 1943 2674 von
1979 2616 2065 2676 Cork
2094 2620 2204 2680 1764.

1215 2646 1291 2706 Die
1310 2654 1486 2714 lateinische
1504 2662 1604 2722 lautet
1622 2661 1710 2721 also:
1752 2661 1869 2721 Stehe
1893 2663 1975 2723 still,
2005 2664 2205 2724 Wanderer,

1216 2748 1282 2808 hier
1316 2751 1377 2811 das
1411 2757 1521 2817 wahre
1545 2759 1700 2819 Ebenbild
1734 2757 1789 2817 von
1817 2757 1962 2817 Wilhelm
2002 2755 2090 2815 Pitt.
2141 2760 2195 2820 So

1220 2799 1288 2859 bald
1318 2803 1346 2863 du
1382 2805 1468 2865 dessen
1504 2809 1636 2869 Namen
1671 2807 1793 2867 hörest,
1816 2807 1902 2867 wirst
1932 2808 1960 2868 du
2002 2808 2065 2868 hier
2100 2811 2198 2871 nichts

2103 2915 2192 2975 War
