<?xml version="1.0" encoding="UTF-8" standalone="yes"?>
<PcGts xmlns="http://schema.primaresearch.org/PAGE/gts/pagecontent/2013-07-15" xmlns:xsi="http://www.w3.org/2001/XMLSchema-instance" xsi:schemaLocation="http://schema.primaresearch.org/PAGE/gts/pagecontent/2013-07-15 http://schema.primaresearch.org/PAGE/gts/pagecontent/2013-07-15/pagecontent.xsd">
    <Metadata>
        <Creator>prov=READ-COOP:name=PyLaia@TranskribusPlatform:version=2.12.1:model_id=39995:lm=none:date=04_04_2024_20:24</Creator>
        <Created>2024-04-04T21:27:13.839+02:00</Created>
        <LastChange>2024-04-04T20:24:46.693Z</LastChange>
        <TranskribusMetadata docId="1916278" pageId="67790447" pageNr="2" tsid="157002027" status="IN_PROGRESS" userId="222699" imgUrl="https://files.transkribus.eu/Get?id=QTUYFDNKITAQMTECMEGYSXMT&amp;fileType=view" xmlUrl="https://files.transkribus.eu/Get?id=MOMSDLDCOOHTFVYAKCSKSJKT" imageId="54105365"/>
    </Metadata>
    <Page imageFilename="67790447.jpg" imageWidth="2479" imageHeight="3508">
        <ReadingOrder>
            <OrderedGroup id="ro_1712262286694" caption="Regions reading order">
                <RegionRefIndexed index="0" regionRef="r_10"/>
                <RegionRefIndexed index="1" regionRef="r_11"/>
            </OrderedGroup>
        </ReadingOrder>
        <Relations/>
        <TextRegion id="r_10" custom="readingOrder {index:0;}">
            <Coords points="227,374 1288,374 1288,2871 227,2871"/>
            <TextLine id="r_10_tl_1" custom="readingOrder {index:0;}">
                <Coords points="246,425 1205,439 1267,432 1269,367 247,390"/>
                <Baseline points="253,420 286,423 331,423 376,420 420,420 465,420 510,420 555,420 600,420 644,417 689,417 734,417 779,417 824,420 868,420 913,420 958,417 1003,417 1047,417 1092,417 1137,417 1182,417 1227,417 1271,417"/>
                <Word id="r_10_tl_1_w1" custom="readingOrder {index:0;}">
                    <Coords points="257,382 257,442 294,442 294,382"/>
                    <TextEquiv>
                        <Unicode>an</Unicode>
                    </TextEquiv>
                </Word>
                <Word id="r_10_tl_1_w2" custom="readingOrder {index:1;}">
                    <Coords points="327,380 327,440 409,440 409,380"/>
                    <TextEquiv>
                        <Unicode>einen</Unicode>
                    </TextEquiv>
                </Word>
                <Word id="r_10_tl_1_w3" custom="readingOrder {index:2;}">
                    <Coords points="436,380 436,440 669,440 669,380"/>
                    <TextEquiv>
                        <Unicode>Strohhalm,</Unicode>
                    </TextEquiv>
                </Word>
                <Word id="r_10_tl_1_w4" custom="readingOrder {index:3;}">
                    <Coords points="697,377 697,437 810,437 810,377"/>
                    <TextEquiv>
                        <Unicode>konnte</Unicode>
                    </TextEquiv>
                </Word>
                <Word id="r_10_tl_1_w5" custom="readingOrder {index:4;}">
                    <Coords points="833,380 833,440 881,440 881,380"/>
                    <TextEquiv>
                        <Unicode>der</Unicode>
                    </TextEquiv>
                </Word>
                <Word id="r_10_tl_1_w6" custom="readingOrder {index:5;}">
                    <Coords points="909,377 909,437 1006,437 1006,377"/>
                    <TextEquiv>
                        <Unicode>Sohn</Unicode>
                    </TextEquiv>
                </Word>
                <Word id="r_10_tl_1_w7" custom="readingOrder {index:6;}">
                    <Coords points="1034,377 1034,437 1066,437 1066,377"/>
                    <TextEquiv>
                        <Unicode>es</Unicode>
                    </TextEquiv>
                </Word>
                <Word id="r_10_tl_1_w8" custom="readingOrder {index:7;}">
                    <Coords points="1088,377 1088,437 1142,437 1142,377"/>
                    <TextEquiv>
                        <Unicode>zur</Unicode>
                    </TextEquiv>
                </Word>
                <Word id="r_10_tl_1_w9" custom="readingOrder {index:8;}">
                    <Coords points="1170,377 1170,437 1261,437 1261,377"/>
                    <TextEquiv>
                        <Unicode>Thür</Unicode>
                    </TextEquiv>
                </Word>
                <TextEquiv>
                    <Unicode>an einen Strohhalm, konnte der Sohn es zur Thür</Unicode>
                </TextEquiv>
            </TextLine>
            <TextLine id="r_10_tl_2" custom="readingOrder {index:1;}">
                <Coords points="248,485 1266,488 1266,432 1234,428 248,434"/>
                <Baseline points="256,471 283,471 328,468 373,471 417,468 462,468 507,468 552,468 597,465 641,465 686,465 731,468 776,468 821,468 865,468 910,471 955,468 1000,468 1044,468 1089,468 1134,465 1179,465 1224,468 1268,465"/>
                <Word id="r_10_tl_2_w1" custom="readingOrder {index:0;}">
                    <Coords points="253,428 253,488 554,488 554,428"/>
                    <TextEquiv>
                        <Unicode>hinausbringen,</Unicode>
                    </TextEquiv>
                </Word>
                <Word id="r_10_tl_2_w2" custom="readingOrder {index:1;}">
                    <Coords points="576,425 576,485 602,485 602,425"/>
                    <TextEquiv>
                        <Unicode>so</Unicode>
                    </TextEquiv>
                </Word>
                <Word id="r_10_tl_2_w3" custom="readingOrder {index:2;}">
                    <Coords points="629,425 629,485 697,485 697,425"/>
                    <TextEquiv>
                        <Unicode>war</Unicode>
                    </TextEquiv>
                </Word>
                <Word id="r_10_tl_2_w4" custom="readingOrder {index:3;}">
                    <Coords points="719,428 719,488 750,488 750,428"/>
                    <TextEquiv>
                        <Unicode>es</Unicode>
                    </TextEquiv>
                </Word>
                <Word id="r_10_tl_2_w5" custom="readingOrder {index:4;}">
                    <Coords points="772,428 772,488 862,488 862,428"/>
                    <TextEquiv>
                        <Unicode>sein,</Unicode>
                    </TextEquiv>
                </Word>
                <Word id="r_10_tl_2_w6" custom="readingOrder {index:5;}">
                    <Coords points="884,430 884,490 941,490 941,430"/>
                    <TextEquiv>
                        <Unicode>siel</Unicode>
                    </TextEquiv>
                </Word>
                <Word id="r_10_tl_2_w7" custom="readingOrder {index:6;}">
                    <Coords points="957,428 957,488 988,488 988,428"/>
                    <TextEquiv>
                        <Unicode>es</Unicode>
                    </TextEquiv>
                </Word>
                <Word id="r_10_tl_2_w8" custom="readingOrder {index:7;}">
                    <Coords points="1016,428 1016,488 1041,488 1041,428"/>
                    <TextEquiv>
                        <Unicode>in</Unicode>
                    </TextEquiv>
                </Word>
                <Word id="r_10_tl_2_w9" custom="readingOrder {index:8;}">
                    <Coords points="1074,427 1074,487 1121,487 1121,427"/>
                    <TextEquiv>
                        <Unicode>der</Unicode>
                    </TextEquiv>
                </Word>
                <Word id="r_10_tl_2_w10" custom="readingOrder {index:9;}">
                    <Coords points="1143,426 1143,486 1258,486 1258,426"/>
                    <TextEquiv>
                        <Unicode>Stube</Unicode>
                    </TextEquiv>
                </Word>
                <TextEquiv>
                    <Unicode>hinausbringen, so war es sein, siel es in der Stube</Unicode>
                </TextEquiv>
            </TextLine>
            <TextLine id="r_10_tl_3" custom="readingOrder {index:2;}">
                <Coords points="255,530 1043,525 1043,474 255,489"/>
                <Baseline points="262,516 307,516 352,519 397,519 441,519 486,516 531,513 576,513 620,510 665,513 710,513 755,516 800,516 844,516 889,519 934,519 979,516 1024,516 1047,516"/>
                <Word id="r_10_tl_3_w1" custom="readingOrder {index:0;}">
                    <Coords points="255,477 255,537 390,537 390,477"/>
                    <TextEquiv>
                        <Unicode>nieder,</Unicode>
                    </TextEquiv>
                </Word>
                <Word id="r_10_tl_3_w2" custom="readingOrder {index:1;}">
                    <Coords points="411,479 411,539 437,539 437,479"/>
                    <TextEquiv>
                        <Unicode>so</Unicode>
                    </TextEquiv>
                </Word>
                <Word id="r_10_tl_3_w3" custom="readingOrder {index:2;}">
                    <Coords points="463,474 463,534 562,534 562,474"/>
                    <TextEquiv>
                        <Unicode>konnt</Unicode>
                    </TextEquiv>
                </Word>
                <Word id="r_10_tl_3_w4" custom="readingOrder {index:3;}">
                    <Coords points="588,471 588,531 614,531 614,471"/>
                    <TextEquiv>
                        <Unicode>er</Unicode>
                    </TextEquiv>
                </Word>
                <Word id="r_10_tl_3_w5" custom="readingOrder {index:4;}">
                    <Coords points="640,473 640,533 760,533 760,473"/>
                    <TextEquiv>
                        <Unicode>enterbt</Unicode>
                    </TextEquiv>
                </Word>
                <Word id="r_10_tl_3_w6" custom="readingOrder {index:5;}">
                    <Coords points="781,476 781,536 879,536 879,476"/>
                    <TextEquiv>
                        <Unicode>davon</Unicode>
                    </TextEquiv>
                </Word>
                <Word id="r_10_tl_3_w7" custom="readingOrder {index:6;}">
                    <Coords points="911,476 911,536 1036,536 1036,476"/>
                    <TextEquiv>
                        <Unicode>ziehen.</Unicode>
                    </TextEquiv>
                </Word>
                <TextEquiv>
                    <Unicode>nieder, so konnt er enterbt davon ziehen.</Unicode>
                </TextEquiv>
            </TextLine>
            <TextLine id="r_10_tl_4" custom="readingOrder {index:3;}">
                <Coords points="310,572 955,573 1027,601 1093,569 1265,576 1265,535 1143,520 310,530"/>
                <Baseline points="316,564 361,564 406,564 450,561 495,564 540,558 585,558 629,555 674,561 719,564 764,564 809,564 853,567 898,567 943,567 988,567 1032,567 1077,564 1122,564 1167,564 1212,567 1256,567 1268,567"/>
                <Word id="r_10_tl_4_w1" custom="readingOrder {index:0;}">
                    <Coords points="310,524 310,584 389,584 389,524"/>
                    <TextEquiv>
                        <Unicode>Xtes</Unicode>
                    </TextEquiv>
                </Word>
                <Word id="r_10_tl_4_w2" custom="readingOrder {index:1;}">
                    <Coords points="416,522 416,582 537,582 537,522"/>
                    <TextEquiv>
                        <Unicode>Stück.</Unicode>
                    </TextEquiv>
                </Word>
                <Word id="r_10_tl_4_w3" custom="readingOrder {index:2;}">
                    <Coords points="586,517 586,577 601,577 601,517"/>
                    <TextEquiv>
                        <Unicode>”</Unicode>
                    </TextEquiv>
                </Word>
                <Word id="r_10_tl_4_w4" custom="readingOrder {index:3;}">
                    <Coords points="623,524 623,584 887,584 887,524"/>
                    <TextEquiv>
                        <Unicode>Beantwortung</Unicode>
                    </TextEquiv>
                </Word>
                <Word id="r_10_tl_4_w5" custom="readingOrder {index:4;}">
                    <Coords points="914,527 914,587 961,587 961,527"/>
                    <TextEquiv>
                        <Unicode>der</Unicode>
                    </TextEquiv>
                </Word>
                <Word id="r_10_tl_4_w6" custom="readingOrder {index:5;}">
                    <Coords points="983,527 983,587 1035,587 1035,527"/>
                    <TextEquiv>
                        <Unicode>von</Unicode>
                    </TextEquiv>
                </Word>
                <Word id="r_10_tl_4_w7" custom="readingOrder {index:6;}">
                    <Coords points="1057,524 1057,584 1104,584 1104,524"/>
                    <TextEquiv>
                        <Unicode>der</Unicode>
                    </TextEquiv>
                </Word>
                <Word id="r_10_tl_4_w8" custom="readingOrder {index:7;}">
                    <Coords points="1126,525 1126,585 1263,585 1263,525"/>
                    <TextEquiv>
                        <Unicode>Königl.</Unicode>
                    </TextEquiv>
                </Word>
                <TextEquiv>
                    <Unicode>Xtes Stück. ” Beantwortung der von der Königl.</Unicode>
                </TextEquiv>
            </TextLine>
            <TextLine id="r_10_tl_5" custom="readingOrder {index:4;}">
                <Coords points="248,613 1272,623 1260,574 1028,601 247,563"/>
                <Baseline points="256,600 301,606 346,609 391,612 435,612 480,609 525,612 570,609 615,612 659,609 704,615 749,615 794,615 838,615 883,615 928,615 973,615 1018,615 1062,618 1107,615 1152,615 1197,615 1241,615 1274,615"/>
                <Word id="r_10_tl_5_w1" custom="readingOrder {index:0;}">
                    <Coords points="253,568 253,628 416,628 416,568"/>
                    <TextEquiv>
                        <Unicode>Preuß.</Unicode>
                    </TextEquiv>
                </Word>
                <Word id="r_10_tl_5_w2" custom="readingOrder {index:1;}">
                    <Coords points="444,571 444,631 608,631 608,571"/>
                    <TextEquiv>
                        <Unicode>Societät</Unicode>
                    </TextEquiv>
                </Word>
                <Word id="r_10_tl_5_w3" custom="readingOrder {index:2;}">
                    <Coords points="641,569 641,629 690,629 690,569"/>
                    <TextEquiv>
                        <Unicode>der</Unicode>
                    </TextEquiv>
                </Word>
                <Word id="r_10_tl_5_w4" custom="readingOrder {index:3;}">
                    <Coords points="723,575 723,635 985,635 985,575"/>
                    <TextEquiv>
                        <Unicode>Wissenschaften</Unicode>
                    </TextEquiv>
                </Word>
                <Word id="r_10_tl_5_w5" custom="readingOrder {index:4;}">
                    <Coords points="1035,575 1035,635 1253,635 1253,575"/>
                    <TextEquiv>
                        <Unicode>aufgegebnen</Unicode>
                    </TextEquiv>
                </Word>
                <TextEquiv>
                    <Unicode>Preuß. Societät der Wissenschaften aufgegebnen</Unicode>
                </TextEquiv>
            </TextLine>
            <TextLine id="r_10_tl_6" custom="readingOrder {index:5;}">
                <Coords points="255,659 364,690 1267,675 1244,628 255,628"/>
                <Baseline points="262,647 307,653 352,662 397,662 441,662 486,662 531,662 576,662 620,662 665,662 710,665 755,665 800,665 844,665 889,665 934,665 979,665 1024,665 1068,665 1113,665 1158,662 1203,665 1247,665 1271,662"/>
                <Word id="r_10_tl_6_w1" custom="readingOrder {index:0;}">
                    <Coords points="260,616 260,676 386,676 386,616"/>
                    <TextEquiv>
                        <Unicode>„Frage</Unicode>
                    </TextEquiv>
                </Word>
                <Word id="r_10_tl_6_w2" custom="readingOrder {index:1;}">
                    <Coords points="408,622 408,682 463,682 463,622"/>
                    <TextEquiv>
                        <Unicode>von</Unicode>
                    </TextEquiv>
                </Word>
                <Word id="r_10_tl_6_w3" custom="readingOrder {index:2;}">
                    <Coords points="494,622 494,682 545,682 545,622"/>
                    <TextEquiv>
                        <Unicode>den</Unicode>
                    </TextEquiv>
                </Word>
                <Word id="r_10_tl_6_w4" custom="readingOrder {index:3;}">
                    <Coords points="571,624 571,684 826,684 826,624"/>
                    <TextEquiv>
                        <Unicode>Wanderungen</Unicode>
                    </TextEquiv>
                </Word>
                <Word id="r_10_tl_6_w5" custom="readingOrder {index:4;}">
                    <Coords points="852,625 852,685 903,685 903,625"/>
                    <TextEquiv>
                        <Unicode>der</Unicode>
                    </TextEquiv>
                </Word>
                <Word id="r_10_tl_6_w6" custom="readingOrder {index:5;}">
                    <Coords points="934,625 934,685 1158,685 1158,625"/>
                    <TextEquiv>
                        <Unicode>Vandalen</Unicode>
                    </TextEquiv>
                </Word>
                <Word id="r_10_tl_6_w7" custom="readingOrder {index:6;}">
                    <Coords points="1200,625 1200,685 1260,685 1260,625"/>
                    <TextEquiv>
                        <Unicode>und</Unicode>
                    </TextEquiv>
                </Word>
                <TextEquiv>
                    <Unicode>„Frage von den Wanderungen der Vandalen und</Unicode>
                </TextEquiv>
            </TextLine>
            <TextLine id="r_10_tl_7" custom="readingOrder {index:6;}">
                <Coords points="255,711 1266,721 1251,680 1158,671 596,673 524,707 255,669"/>
                <Baseline points="262,698 307,704 352,710 397,710 441,710 486,710 531,716 576,716 620,713 665,710 710,713 755,710 800,710 844,713 889,713 934,713 979,713 1024,710 1068,713 1113,713 1158,713 1203,713 1247,713 1268,710"/>
                <Word id="r_10_tl_7_w1" custom="readingOrder {index:0;}">
                    <Coords points="255,670 255,730 477,730 477,670"/>
                    <TextEquiv>
                        <Unicode>"Sveven.</Unicode>
                    </TextEquiv>
                </Word>
                <Word id="r_10_tl_7_w2" custom="readingOrder {index:1;}">
                    <Coords points="569,672 569,732 675,732 675,672"/>
                    <TextEquiv>
                        <Unicode>Nicht</Unicode>
                    </TextEquiv>
                </Word>
                <Word id="r_10_tl_7_w3" custom="readingOrder {index:2;}">
                    <Coords points="706,671 706,731 767,731 767,671"/>
                    <TextEquiv>
                        <Unicode>alle</Unicode>
                    </TextEquiv>
                </Word>
                <Word id="r_10_tl_7_w4" custom="readingOrder {index:3;}">
                    <Coords points="793,673 793,733 1021,733 1021,673"/>
                    <TextEquiv>
                        <Unicode>Vandalen</Unicode>
                    </TextEquiv>
                </Word>
                <Word id="r_10_tl_7_w5" custom="readingOrder {index:4;}">
                    <Coords points="1057,673 1057,733 1117,733 1117,673"/>
                    <TextEquiv>
                        <Unicode>und</Unicode>
                    </TextEquiv>
                </Word>
                <Word id="r_10_tl_7_w6" custom="readingOrder {index:5;}">
                    <Coords points="1153,673 1153,733 1264,733 1264,673"/>
                    <TextEquiv>
                        <Unicode>Sve¬</Unicode>
                    </TextEquiv>
                </Word>
                <TextEquiv>
                    <Unicode>"Sveven. Nicht alle Vandalen und Sve¬</Unicode>
                </TextEquiv>
            </TextLine>
            <TextLine id="r_10_tl_8" custom="readingOrder {index:7;}">
                <Coords points="264,777 1265,776 1265,729 1208,716 264,730"/>
                <Baseline points="271,758 316,764 361,764 406,764 450,761 495,761 540,761 585,761 629,761 674,761 719,761 764,761 809,761 853,761 898,761 943,761 988,761 1032,761 1077,761 1122,761 1167,761 1212,761 1256,761 1268,758"/>
                <Word id="r_10_tl_8_w1" custom="readingOrder {index:0;}">
                    <Coords points="264,721 264,781 333,781 333,721"/>
                    <TextEquiv>
                        <Unicode>ven</Unicode>
                    </TextEquiv>
                </Word>
                <Word id="r_10_tl_8_w2" custom="readingOrder {index:1;}">
                    <Coords points="369,724 369,784 430,784 430,724"/>
                    <TextEquiv>
                        <Unicode>sind</Unicode>
                    </TextEquiv>
                </Word>
                <Word id="r_10_tl_8_w3" custom="readingOrder {index:2;}">
                    <Coords points="466,721 466,781 687,781 687,721"/>
                    <TextEquiv>
                        <Unicode>ausgezogen.</Unicode>
                    </TextEquiv>
                </Word>
                <Word id="r_10_tl_8_w4" custom="readingOrder {index:3;}">
                    <Coords points="739,721 739,781 808,781 808,721"/>
                    <TextEquiv>
                        <Unicode>Die</Unicode>
                    </TextEquiv>
                </Word>
                <Word id="r_10_tl_8_w5" custom="readingOrder {index:4;}">
                    <Coords points="834,721 834,781 1031,781 1031,721"/>
                    <TextEquiv>
                        <Unicode>Veneden</Unicode>
                    </TextEquiv>
                </Word>
                <Word id="r_10_tl_8_w6" custom="readingOrder {index:5;}">
                    <Coords points="1067,721 1067,781 1127,781 1127,721"/>
                    <TextEquiv>
                        <Unicode>und</Unicode>
                    </TextEquiv>
                </Word>
                <Word id="r_10_tl_8_w7" custom="readingOrder {index:6;}">
                    <Coords points="1163,721 1163,781 1268,781 1268,721"/>
                    <TextEquiv>
                        <Unicode>Sla¬</Unicode>
                    </TextEquiv>
                </Word>
                <TextEquiv>
                    <Unicode>ven sind ausgezogen. Die Veneden und Sla¬</Unicode>
                </TextEquiv>
            </TextLine>
            <TextLine id="r_10_tl_9" custom="readingOrder {index:8;}">
                <Coords points="261,823 1266,816 1266,774 1225,767 261,786"/>
                <Baseline points="268,809 283,809 328,812 373,812 417,812 462,812 507,812 552,812 597,809 641,812 686,809 731,812 776,809 821,809 865,809 910,809 955,812 1000,812 1044,809 1089,809 1134,809 1179,809 1224,809 1268,806"/>
                <Word id="r_10_tl_9_w1" custom="readingOrder {index:0;}">
                    <Coords points="261,770 261,830 364,830 364,770"/>
                    <TextEquiv>
                        <Unicode>ven,</Unicode>
                    </TextEquiv>
                </Word>
                <Word id="r_10_tl_9_w2" custom="readingOrder {index:1;}">
                    <Coords points="385,772 385,832 472,832 472,772"/>
                    <TextEquiv>
                        <Unicode>jener</Unicode>
                    </TextEquiv>
                </Word>
                <Word id="r_10_tl_9_w3" custom="readingOrder {index:2;}">
                    <Coords points="494,769 494,829 694,829 694,769"/>
                    <TextEquiv>
                        <Unicode>Nachbarn,</Unicode>
                    </TextEquiv>
                </Word>
                <Word id="r_10_tl_9_w4" custom="readingOrder {index:3;}">
                    <Coords points="721,769 721,829 824,829 824,769"/>
                    <TextEquiv>
                        <Unicode>haben</Unicode>
                    </TextEquiv>
                </Word>
                <Word id="r_10_tl_9_w5" custom="readingOrder {index:4;}">
                    <Coords points="851,769 851,829 907,829 907,769"/>
                    <TextEquiv>
                        <Unicode>das</Unicode>
                    </TextEquiv>
                </Word>
                <Word id="r_10_tl_9_w6" custom="readingOrder {index:5;}">
                    <Coords points="934,772 934,832 1011,832 1011,772"/>
                    <TextEquiv>
                        <Unicode>Land</Unicode>
                    </TextEquiv>
                </Word>
                <Word id="r_10_tl_9_w7" custom="readingOrder {index:6;}">
                    <Coords points="1037,769 1037,829 1160,829 1160,769"/>
                    <TextEquiv>
                        <Unicode>besetzt.</Unicode>
                    </TextEquiv>
                </Word>
                <Word id="r_10_tl_9_w8" custom="readingOrder {index:7;}">
                    <Coords points="1208,768 1208,828 1254,828 1254,768"/>
                    <TextEquiv>
                        <Unicode>Es</Unicode>
                    </TextEquiv>
                </Word>
                <TextEquiv>
                    <Unicode>ven, jener Nachbarn, haben das Land besetzt. Es</Unicode>
                </TextEquiv>
            </TextLine>
            <TextLine id="r_10_tl_10" custom="readingOrder {index:9;}">
                <Coords points="267,876 1272,864 1262,816 267,820"/>
                <Baseline points="274,862 289,859 334,859 379,856 423,856 468,859 513,859 558,859 603,859 647,859 692,856 737,856 782,856 826,859 871,859 916,859 961,859 1006,859 1050,859 1095,859 1140,859 1185,856 1230,856 1274,859"/>
                <Word id="r_10_tl_10_w1" custom="readingOrder {index:0;}">
                    <Coords points="267,819 267,879 318,879 318,819"/>
                    <TextEquiv>
                        <Unicode>gab</Unicode>
                    </TextEquiv>
                </Word>
                <Word id="r_10_tl_10_w2" custom="readingOrder {index:1;}">
                    <Coords points="350,816 350,876 433,876 433,816"/>
                    <TextEquiv>
                        <Unicode>Ost=</Unicode>
                    </TextEquiv>
                </Word>
                <Word id="r_10_tl_10_w3" custom="readingOrder {index:2;}">
                    <Coords points="454,819 454,879 516,879 516,819"/>
                    <TextEquiv>
                        <Unicode>und</Unicode>
                    </TextEquiv>
                </Word>
                <Word id="r_10_tl_10_w4" custom="readingOrder {index:3;}">
                    <Coords points="542,816 542,876 896,876 896,816"/>
                    <TextEquiv>
                        <Unicode>Süd=Wenden,</Unicode>
                    </TextEquiv>
                </Word>
                <Word id="r_10_tl_10_w5" custom="readingOrder {index:4;}">
                    <Coords points="922,819 922,879 979,879 979,819"/>
                    <TextEquiv>
                        <Unicode>ein</Unicode>
                    </TextEquiv>
                </Word>
                <Word id="r_10_tl_10_w6" custom="readingOrder {index:5;}">
                    <Coords points="1016,819 1016,879 1098,879 1098,819"/>
                    <TextEquiv>
                        <Unicode>Volk</Unicode>
                    </TextEquiv>
                </Word>
                <Word id="r_10_tl_10_w7" custom="readingOrder {index:6;}">
                    <Coords points="1130,817 1130,877 1187,877 1187,817"/>
                    <TextEquiv>
                        <Unicode>mit</Unicode>
                    </TextEquiv>
                </Word>
                <Word id="r_10_tl_10_w8" custom="readingOrder {index:7;}">
                    <Coords points="1208,816 1208,876 1259,876 1259,816"/>
                    <TextEquiv>
                        <Unicode>den</Unicode>
                    </TextEquiv>
                </Word>
                <TextEquiv>
                    <Unicode>gab Ost= und Süd=Wenden, ein Volk mit den</Unicode>
                </TextEquiv>
            </TextLine>
            <TextLine id="r_10_tl_11" custom="readingOrder {index:10;}">
                <Coords points="261,922 1272,921 1255,862 261,875"/>
                <Baseline points="268,904 313,907 358,907 403,907 447,907 492,907 537,907 582,907 626,907 671,904 716,904 761,904 806,904 850,904 895,907 940,910 985,907 1030,907 1074,907 1119,907 1164,907 1209,907 1253,907 1274,907"/>
                <Word id="r_10_tl_11_w1" custom="readingOrder {index:0;}">
                    <Coords points="266,867 266,927 529,927 529,867"/>
                    <TextEquiv>
                        <Unicode>Vandalen,</Unicode>
                    </TextEquiv>
                </Word>
                <Word id="r_10_tl_11_w2" custom="readingOrder {index:1;}">
                    <Coords points="561,867 561,927 607,927 607,867"/>
                    <TextEquiv>
                        <Unicode>(s.</Unicode>
                    </TextEquiv>
                </Word>
                <Word id="r_10_tl_11_w3" custom="readingOrder {index:2;}">
                    <Coords points="629,864 629,924 752,924 752,864"/>
                    <TextEquiv>
                        <Unicode>Kranz.</Unicode>
                    </TextEquiv>
                </Word>
                <Word id="r_10_tl_11_w4" custom="readingOrder {index:3;}">
                    <Coords points="773,864 773,924 933,924 933,864"/>
                    <TextEquiv>
                        <Unicode>Vandal.)</Unicode>
                    </TextEquiv>
                </Word>
                <Word id="r_10_tl_11_w5" custom="readingOrder {index:4;}">
                    <Coords points="1007,867 1007,927 1084,927 1084,867"/>
                    <TextEquiv>
                        <Unicode>Die</Unicode>
                    </TextEquiv>
                </Word>
                <Word id="r_10_tl_11_w6" custom="readingOrder {index:5;}">
                    <Coords points="1110,867 1110,927 1260,927 1260,867"/>
                    <TextEquiv>
                        <Unicode>Veneden</Unicode>
                    </TextEquiv>
                </Word>
                <TextEquiv>
                    <Unicode>Vandalen, (s. Kranz. Vandal.) Die Veneden</Unicode>
                </TextEquiv>
            </TextLine>
            <TextLine id="r_10_tl_12" custom="readingOrder {index:11;}">
                <Coords points="264,968 1265,969 1265,925 1209,913 264,918"/>
                <Baseline points="271,958 316,958 361,958 406,955 450,955 495,958 540,958 585,955 629,952 674,952 719,955 764,955 809,955 853,955 898,955 943,955 988,955 1032,955 1077,955 1122,955 1167,955 1212,955 1256,955 1268,958"/>
                <Word id="r_10_tl_12_w1" custom="readingOrder {index:0;}">
                    <Coords points="269,918 269,978 341,978 341,918"/>
                    <TextEquiv>
                        <Unicode>oder</Unicode>
                    </TextEquiv>
                </Word>
                <Word id="r_10_tl_12_w2" custom="readingOrder {index:1;}">
                    <Coords points="362,915 362,975 500,975 500,915"/>
                    <TextEquiv>
                        <Unicode>Wenden</Unicode>
                    </TextEquiv>
                </Word>
                <Word id="r_10_tl_12_w3" custom="readingOrder {index:2;}">
                    <Coords points="532,917 532,977 562,977 562,917"/>
                    <TextEquiv>
                        <Unicode>an</Unicode>
                    </TextEquiv>
                </Word>
                <Word id="r_10_tl_12_w4" custom="readingOrder {index:3;}">
                    <Coords points="594,912 594,972 645,972 645,912"/>
                    <TextEquiv>
                        <Unicode>der</Unicode>
                    </TextEquiv>
                </Word>
                <Word id="r_10_tl_12_w5" custom="readingOrder {index:4;}">
                    <Coords points="666,915 666,975 789,975 789,915"/>
                    <TextEquiv>
                        <Unicode>Ostsee,</Unicode>
                    </TextEquiv>
                </Word>
                <Word id="r_10_tl_12_w6" custom="readingOrder {index:5;}">
                    <Coords points="816,915 816,975 861,975 861,915"/>
                    <TextEquiv>
                        <Unicode>die</Unicode>
                    </TextEquiv>
                </Word>
                <Word id="r_10_tl_12_w7" custom="readingOrder {index:6;}">
                    <Coords points="883,915 883,975 1109,975 1109,915"/>
                    <TextEquiv>
                        <Unicode>Obotriten</Unicode>
                    </TextEquiv>
                </Word>
                <Word id="r_10_tl_12_w8" custom="readingOrder {index:7;}">
                    <Coords points="1135,915 1135,975 1264,975 1264,915"/>
                    <TextEquiv>
                        <Unicode>hießen,</Unicode>
                    </TextEquiv>
                </Word>
                <TextEquiv>
                    <Unicode>oder Wenden an der Ostsee, die Obotriten hießen,</Unicode>
                </TextEquiv>
            </TextLine>
            <TextLine id="r_10_tl_13" custom="readingOrder {index:12;}">
                <Coords points="264,1011 1265,1014 1265,969 1098,959 264,969"/>
                <Baseline points="271,1003 316,1006 361,1006 406,1006 450,1006 495,1003 540,1006 585,1003 629,1003 674,1003 719,1003 764,1003 809,1003 853,1003 898,1003 943,1003 988,1003 1032,1003 1077,1003 1122,1003 1167,1003 1212,1003 1256,1003 1268,1003"/>
                <Word id="r_10_tl_13_w1" custom="readingOrder {index:0;}">
                    <Coords points="264,966 264,1026 380,1026 380,966"/>
                    <TextEquiv>
                        <Unicode>werden</Unicode>
                    </TextEquiv>
                </Word>
                <Word id="r_10_tl_13_w2" custom="readingOrder {index:1;}">
                    <Coords points="421,963 421,1023 588,1023 588,963"/>
                    <TextEquiv>
                        <Unicode>abgeleitet</Unicode>
                    </TextEquiv>
                </Word>
                <Word id="r_10_tl_13_w3" custom="readingOrder {index:2;}">
                    <Coords points="614,963 614,1023 669,1023 669,963"/>
                    <TextEquiv>
                        <Unicode>von</Unicode>
                    </TextEquiv>
                </Word>
                <Word id="r_10_tl_13_w4" custom="readingOrder {index:3;}">
                    <Coords points="705,963 705,1023 832,1023 832,963"/>
                    <TextEquiv>
                        <Unicode>Obos,</Unicode>
                    </TextEquiv>
                </Word>
                <Word id="r_10_tl_13_w5" custom="readingOrder {index:4;}">
                    <Coords points="858,963 858,1023 933,1023 933,963"/>
                    <TextEquiv>
                        <Unicode>russ.</Unicode>
                    </TextEquiv>
                </Word>
                <Word id="r_10_tl_13_w6" custom="readingOrder {index:5;}">
                    <Coords points="964,963 964,1023 1004,1023 1004,963"/>
                    <TextEquiv>
                        <Unicode>ein</Unicode>
                    </TextEquiv>
                </Word>
                <Word id="r_10_tl_13_w7" custom="readingOrder {index:6;}">
                    <Coords points="1036,963 1036,1023 1268,1023 1268,963"/>
                    <TextEquiv>
                        <Unicode>Kriegslager,</Unicode>
                    </TextEquiv>
                </Word>
                <TextEquiv>
                    <Unicode>werden abgeleitet von Obos, russ. ein Kriegslager,</Unicode>
                </TextEquiv>
            </TextLine>
            <TextLine id="r_10_tl_14" custom="readingOrder {index:13;}">
                <Coords points="261,1064 1272,1058 1241,1014 261,1020"/>
                <Baseline points="268,1053 289,1053 334,1053 379,1053 423,1053 468,1053 513,1050 558,1050 603,1050 647,1050 692,1050 737,1047 782,1050 826,1050 871,1050 916,1050 961,1047 1006,1050 1050,1050 1095,1047 1140,1047 1185,1050 1230,1050 1274,1050"/>
                <Word id="r_10_tl_14_w1" custom="readingOrder {index:0;}">
                    <Coords points="265,1013 265,1073 328,1073 328,1013"/>
                    <TextEquiv>
                        <Unicode>und</Unicode>
                    </TextEquiv>
                </Word>
                <Word id="r_10_tl_14_w2" custom="readingOrder {index:1;}">
                    <Coords points="354,1013 354,1073 486,1073 486,1013"/>
                    <TextEquiv>
                        <Unicode>triten</Unicode>
                    </TextEquiv>
                </Word>
                <Word id="r_10_tl_14_w3" custom="readingOrder {index:2;}">
                    <Coords points="521,1010 521,1070 580,1070 580,1010"/>
                    <TextEquiv>
                        <Unicode>von</Unicode>
                    </TextEquiv>
                </Word>
                <Word id="r_10_tl_14_w4" custom="readingOrder {index:3;}">
                    <Coords points="605,1010 605,1070 743,1070 743,1010"/>
                    <TextEquiv>
                        <Unicode>terraju,</Unicode>
                    </TextEquiv>
                </Word>
                <Word id="r_10_tl_14_w5" custom="readingOrder {index:4;}">
                    <Coords points="773,1010 773,1070 817,1070 817,1010"/>
                    <TextEquiv>
                        <Unicode>ich</Unicode>
                    </TextEquiv>
                </Word>
                <Word id="r_10_tl_14_w6" custom="readingOrder {index:5;}">
                    <Coords points="847,1008 847,1068 1024,1068 1024,1008"/>
                    <TextEquiv>
                        <Unicode>zerstöhre.</Unicode>
                    </TextEquiv>
                </Word>
                <Word id="r_10_tl_14_w7" custom="readingOrder {index:6;}">
                    <Coords points="1074,1007 1074,1067 1143,1067 1143,1007"/>
                    <TextEquiv>
                        <Unicode>Die</Unicode>
                    </TextEquiv>
                </Word>
                <Word id="r_10_tl_14_w8" custom="readingOrder {index:7;}">
                    <Coords points="1173,1010 1173,1070 1270,1070 1270,1010"/>
                    <TextEquiv>
                        <Unicode>Van¬</Unicode>
                    </TextEquiv>
                </Word>
                <TextEquiv>
                    <Unicode>und triten von terraju, ich zerstöhre. Die Van¬</Unicode>
                </TextEquiv>
            </TextLine>
            <TextLine id="r_10_tl_15" custom="readingOrder {index:14;}">
                <Coords points="261,1104 1272,1106 1258,1056 261,1065"/>
                <Baseline points="268,1101 289,1101 334,1101 379,1101 423,1101 468,1098 513,1095 558,1098 603,1095 647,1098 692,1098 737,1098 782,1098 826,1095 871,1095 916,1095 961,1095 1006,1095 1050,1095 1095,1095 1140,1095 1185,1098 1230,1098 1274,1098"/>
                <Word id="r_10_tl_15_w1" custom="readingOrder {index:0;}">
                    <Coords points="265,1061 265,1121 355,1121 355,1061"/>
                    <TextEquiv>
                        <Unicode>dalen</Unicode>
                    </TextEquiv>
                </Word>
                <Word id="r_10_tl_15_w2" custom="readingOrder {index:1;}">
                    <Coords points="394,1061 394,1121 451,1121 451,1061"/>
                    <TextEquiv>
                        <Unicode>und</Unicode>
                    </TextEquiv>
                </Word>
                <Word id="r_10_tl_15_w3" custom="readingOrder {index:2;}">
                    <Coords points="481,1057 481,1117 648,1117 648,1057"/>
                    <TextEquiv>
                        <Unicode>Sveven,</Unicode>
                    </TextEquiv>
                </Word>
                <Word id="r_10_tl_15_w4" custom="readingOrder {index:3;}">
                    <Coords points="677,1058 677,1118 705,1118 705,1058"/>
                    <TextEquiv>
                        <Unicode>so</Unicode>
                    </TextEquiv>
                </Word>
                <Word id="r_10_tl_15_w5" custom="readingOrder {index:4;}">
                    <Coords points="735,1058 735,1118 806,1118 806,1058"/>
                    <TextEquiv>
                        <Unicode>nach</Unicode>
                    </TextEquiv>
                </Word>
                <Word id="r_10_tl_15_w6" custom="readingOrder {index:5;}">
                    <Coords points="840,1055 840,1115 969,1115 969,1055"/>
                    <TextEquiv>
                        <Unicode>Gallien</Unicode>
                    </TextEquiv>
                </Word>
                <Word id="r_10_tl_15_w7" custom="readingOrder {index:6;}">
                    <Coords points="1008,1055 1008,1115 1065,1115 1065,1055"/>
                    <TextEquiv>
                        <Unicode>und</Unicode>
                    </TextEquiv>
                </Word>
                <Word id="r_10_tl_15_w8" custom="readingOrder {index:7;}">
                    <Coords points="1099,1057 1099,1117 1256,1117 1256,1057"/>
                    <TextEquiv>
                        <Unicode>Spanien</Unicode>
                    </TextEquiv>
                </Word>
                <TextEquiv>
                    <Unicode>dalen und Sveven, so nach Gallien und Spanien</Unicode>
                </TextEquiv>
            </TextLine>
            <TextLine id="r_10_tl_16" custom="readingOrder {index:15;}">
                <Coords points="273,1168 1157,1165 1274,1151 1275,1118 274,1121"/>
                <Baseline points="280,1155 292,1152 337,1149 382,1149 426,1149 471,1146 516,1146 561,1146 606,1146 650,1146 695,1143 740,1143 785,1146 829,1143 874,1146 919,1146 964,1146 1009,1143 1053,1143 1098,1143 1143,1143 1188,1146 1233,1143 1277,1143"/>
                <Word id="r_10_tl_16_w1" custom="readingOrder {index:0;}">
                    <Coords points="273,1109 273,1169 428,1169 428,1109"/>
                    <TextEquiv>
                        <Unicode>gezogen,</Unicode>
                    </TextEquiv>
                </Word>
                <Word id="r_10_tl_16_w2" custom="readingOrder {index:1;}">
                    <Coords points="454,1106 454,1166 516,1166 516,1106"/>
                    <TextEquiv>
                        <Unicode>sind</Unicode>
                    </TextEquiv>
                </Word>
                <Word id="r_10_tl_16_w3" custom="readingOrder {index:2;}">
                    <Coords points="543,1106 543,1166 750,1166 750,1106"/>
                    <TextEquiv>
                        <Unicode>vermuthlich</Unicode>
                    </TextEquiv>
                </Word>
                <Word id="r_10_tl_16_w4" custom="readingOrder {index:3;}">
                    <Coords points="776,1104 776,1164 827,1164 827,1104"/>
                    <TextEquiv>
                        <Unicode>nie</Unicode>
                    </TextEquiv>
                </Word>
                <Word id="r_10_tl_16_w5" custom="readingOrder {index:4;}">
                    <Coords points="849,1105 849,1165 874,1165 874,1105"/>
                    <TextEquiv>
                        <Unicode>zu</Unicode>
                    </TextEquiv>
                </Word>
                <Word id="r_10_tl_16_w6" custom="readingOrder {index:5;}">
                    <Coords points="901,1106 901,1166 988,1166 988,1106"/>
                    <TextEquiv>
                        <Unicode>ihrer</Unicode>
                    </TextEquiv>
                </Word>
                <Word id="r_10_tl_16_w7" custom="readingOrder {index:6;}">
                    <Coords points="1010,1103 1010,1163 1159,1163 1159,1103"/>
                    <TextEquiv>
                        <Unicode>Heimath</Unicode>
                    </TextEquiv>
                </Word>
                <Word id="r_10_tl_16_w8" custom="readingOrder {index:7;}">
                    <Coords points="1196,1103 1196,1163 1268,1163 1268,1103"/>
                    <TextEquiv>
                        <Unicode>wie¬</Unicode>
                    </TextEquiv>
                </Word>
                <TextEquiv>
                    <Unicode>gezogen, sind vermuthlich nie zu ihrer Heimath wie¬</Unicode>
                </TextEquiv>
            </TextLine>
            <TextLine id="r_10_tl_17" custom="readingOrder {index:16;}">
                <Coords points="264,1209 1271,1206 1272,1154 1194,1151 265,1171"/>
                <Baseline points="271,1200 289,1200 334,1197 379,1194 423,1194 468,1197 513,1194 558,1191 603,1194 647,1194 692,1194 737,1194 782,1191 826,1191 871,1191 916,1191 961,1191 1006,1191 1050,1191 1095,1191 1140,1191 1185,1191 1230,1191 1274,1194"/>
                <Word id="r_10_tl_17_w1" custom="readingOrder {index:0;}">
                    <Coords points="270,1154 270,1214 476,1214 476,1154"/>
                    <TextEquiv>
                        <Unicode>dergekehrt.</Unicode>
                    </TextEquiv>
                </Word>
                <Word id="r_10_tl_17_w2" custom="readingOrder {index:1;}">
                    <Coords points="520,1151 520,1211 595,1211 595,1151"/>
                    <TextEquiv>
                        <Unicode>Die</Unicode>
                    </TextEquiv>
                </Word>
                <Word id="r_10_tl_17_w3" custom="readingOrder {index:2;}">
                    <Coords points="617,1152 617,1212 911,1212 911,1152"/>
                    <TextEquiv>
                        <Unicode>Angelsachsen</Unicode>
                    </TextEquiv>
                </Word>
                <Word id="r_10_tl_17_w4" custom="readingOrder {index:3;}">
                    <Coords points="939,1151 939,1211 1057,1211 1057,1151"/>
                    <TextEquiv>
                        <Unicode>können</Unicode>
                    </TextEquiv>
                </Word>
                <Word id="r_10_tl_17_w5" custom="readingOrder {index:4;}">
                    <Coords points="1086,1151 1086,1211 1150,1211 1150,1151"/>
                    <TextEquiv>
                        <Unicode>auch</Unicode>
                    </TextEquiv>
                </Word>
                <Word id="r_10_tl_17_w6" custom="readingOrder {index:5;}">
                    <Coords points="1178,1151 1178,1211 1269,1211 1269,1151"/>
                    <TextEquiv>
                        <Unicode>Platz</Unicode>
                    </TextEquiv>
                </Word>
                <TextEquiv>
                    <Unicode>dergekehrt. Die Angelsachsen können auch Platz</Unicode>
                </TextEquiv>
            </TextLine>
            <TextLine id="r_10_tl_18" custom="readingOrder {index:17;}">
                <Coords points="270,1266 1275,1251 1248,1204 725,1201 665,1236 572,1200 270,1204"/>
                <Baseline points="277,1250 316,1247 361,1244 406,1244 450,1244 495,1241 540,1241 585,1241 629,1244 674,1244 692,1247 695,1247 740,1241 785,1241 829,1241 874,1241 919,1241 964,1241 1009,1238 1053,1238 1098,1238 1143,1238 1188,1238 1233,1238 1277,1238"/>
                <Word id="r_10_tl_18_w1" custom="readingOrder {index:0;}">
                    <Coords points="270,1204 270,1264 456,1264 456,1204"/>
                    <TextEquiv>
                        <Unicode>genommen</Unicode>
                    </TextEquiv>
                </Word>
                <Word id="r_10_tl_18_w2" custom="readingOrder {index:1;}">
                    <Coords points="497,1201 497,1261 622,1261 622,1201"/>
                    <TextEquiv>
                        <Unicode>haben.</Unicode>
                    </TextEquiv>
                </Word>
                <Word id="r_10_tl_18_w3" custom="readingOrder {index:2;}">
                    <Coords points="693,1201 693,1261 890,1261 890,1201"/>
                    <TextEquiv>
                        <Unicode>Zerstreuete</Unicode>
                    </TextEquiv>
                </Word>
                <Word id="r_10_tl_18_w4" custom="readingOrder {index:3;}">
                    <Coords points="921,1198 921,1258 1112,1258 1112,1198"/>
                    <TextEquiv>
                        <Unicode>Wenden</Unicode>
                    </TextEquiv>
                </Word>
                <Word id="r_10_tl_18_w5" custom="readingOrder {index:4;}">
                    <Coords points="1153,1198 1153,1258 1258,1258 1258,1198"/>
                    <TextEquiv>
                        <Unicode>waren</Unicode>
                    </TextEquiv>
                </Word>
                <TextEquiv>
                    <Unicode>genommen haben. Zerstreuete Wenden waren</Unicode>
                </TextEquiv>
            </TextLine>
            <TextLine id="r_10_tl_19" custom="readingOrder {index:18;}">
                <Coords points="266,1307 1274,1299 1274,1251 1239,1246 267,1274"/>
                <Baseline points="274,1295 292,1295 337,1295 382,1295 426,1295 471,1292 516,1292 561,1292 606,1289 650,1292 695,1292 740,1289 785,1289 829,1289 874,1289 919,1289 964,1289 1009,1286 1053,1286 1098,1289 1143,1289 1188,1286 1233,1286 1277,1286"/>
                <Word id="r_10_tl_19_w1" custom="readingOrder {index:0;}">
                    <Coords points="271,1255 271,1315 345,1315 345,1255"/>
                    <TextEquiv>
                        <Unicode>auch</Unicode>
                    </TextEquiv>
                </Word>
                <Word id="r_10_tl_19_w2" custom="readingOrder {index:1;}">
                    <Coords points="366,1255 366,1315 392,1315 392,1255"/>
                    <TextEquiv>
                        <Unicode>in</Unicode>
                    </TextEquiv>
                </Word>
                <Word id="r_10_tl_19_w3" custom="readingOrder {index:2;}">
                    <Coords points="420,1252 420,1312 583,1312 583,1252"/>
                    <TextEquiv>
                        <Unicode>Liefland,</Unicode>
                    </TextEquiv>
                </Word>
                <Word id="r_10_tl_19_w4" custom="readingOrder {index:3;}">
                    <Coords points="610,1252 610,1312 705,1312 705,1252"/>
                    <TextEquiv>
                        <Unicode>daher</Unicode>
                    </TextEquiv>
                </Word>
                <Word id="r_10_tl_19_w5" custom="readingOrder {index:4;}">
                    <Coords points="732,1249 732,1309 779,1309 779,1249"/>
                    <TextEquiv>
                        <Unicode>der</Unicode>
                    </TextEquiv>
                </Word>
                <Word id="r_10_tl_19_w6" custom="readingOrder {index:5;}">
                    <Coords points="801,1249 801,1309 912,1309 912,1249"/>
                    <TextEquiv>
                        <Unicode>Name</Unicode>
                    </TextEquiv>
                </Word>
                <Word id="r_10_tl_19_w7" custom="readingOrder {index:6;}">
                    <Coords points="944,1248 944,1308 991,1308 991,1248"/>
                    <TextEquiv>
                        <Unicode>der</Unicode>
                    </TextEquiv>
                </Word>
                <Word id="r_10_tl_19_w8" custom="readingOrder {index:7;}">
                    <Coords points="1018,1247 1018,1307 1129,1307 1129,1247"/>
                    <TextEquiv>
                        <Unicode>Stadt</Unicode>
                    </TextEquiv>
                </Word>
                <Word id="r_10_tl_19_w9" custom="readingOrder {index:8;}">
                    <Coords points="1151,1246 1151,1306 1272,1306 1272,1246"/>
                    <TextEquiv>
                        <Unicode>Wen¬</Unicode>
                    </TextEquiv>
                </Word>
                <TextEquiv>
                    <Unicode>auch in Liefland, daher der Name der Stadt Wen¬</Unicode>
                </TextEquiv>
            </TextLine>
            <TextLine id="r_10_tl_20" custom="readingOrder {index:19;}">
                <Coords points="270,1358 1140,1363 1271,1346 1272,1299 270,1308"/>
                <Baseline points="277,1349 289,1343 334,1346 379,1343 423,1343 468,1343 513,1343 558,1343 603,1343 647,1343 692,1340 737,1340 782,1337 826,1340 871,1340 916,1337 961,1340 1006,1340 1050,1340 1095,1340 1140,1337 1185,1340 1230,1337 1274,1337"/>
                <Word id="r_10_tl_20_w1" custom="readingOrder {index:0;}">
                    <Coords points="271,1305 271,1365 367,1365 367,1305"/>
                    <TextEquiv>
                        <Unicode>den,</Unicode>
                    </TextEquiv>
                </Word>
                <Word id="r_10_tl_20_w2" custom="readingOrder {index:1;}">
                    <Coords points="391,1303 391,1363 441,1363 441,1303"/>
                    <TextEquiv>
                        <Unicode>die</Unicode>
                    </TextEquiv>
                </Word>
                <Word id="r_10_tl_20_w3" custom="readingOrder {index:2;}">
                    <Coords points="470,1303 470,1363 521,1363 521,1303"/>
                    <TextEquiv>
                        <Unicode>bey</Unicode>
                    </TextEquiv>
                </Word>
                <Word id="r_10_tl_20_w4" custom="readingOrder {index:3;}">
                    <Coords points="550,1303 550,1363 647,1363 647,1303"/>
                    <TextEquiv>
                        <Unicode>ihnen</Unicode>
                    </TextEquiv>
                </Word>
                <Word id="r_10_tl_20_w5" custom="readingOrder {index:4;}">
                    <Coords points="682,1299 682,1359 795,1359 795,1299"/>
                    <TextEquiv>
                        <Unicode>Zechs</Unicode>
                    </TextEquiv>
                </Word>
                <Word id="r_10_tl_20_w6" custom="readingOrder {index:5;}">
                    <Coords points="830,1300 830,1360 898,1360 898,1300"/>
                    <TextEquiv>
                        <Unicode>eine</Unicode>
                    </TextEquiv>
                </Word>
                <Word id="r_10_tl_20_w7" custom="readingOrder {index:6;}">
                    <Coords points="927,1300 927,1360 1143,1360 1143,1300"/>
                    <TextEquiv>
                        <Unicode>Umzäunung</Unicode>
                    </TextEquiv>
                </Word>
                <Word id="r_10_tl_20_w8" custom="readingOrder {index:7;}">
                    <Coords points="1178,1297 1178,1357 1269,1357 1269,1297"/>
                    <TextEquiv>
                        <Unicode>hieß.</Unicode>
                    </TextEquiv>
                </Word>
                <TextEquiv>
                    <Unicode>den, die bey ihnen Zechs eine Umzäunung hieß.</Unicode>
                </TextEquiv>
            </TextLine>
            <TextLine id="r_10_tl_21" custom="readingOrder {index:20;}">
                <Coords points="270,1411 1271,1397 1256,1343 1009,1373 270,1357"/>
                <Baseline points="277,1394 289,1394 334,1397 379,1394 423,1394 468,1394 513,1391 558,1391 603,1391 647,1391 692,1391 737,1388 782,1391 826,1391 871,1391 916,1391 961,1391 1006,1388 1050,1388 1095,1391 1140,1391 1185,1391 1230,1391 1274,1388"/>
                <Word id="r_10_tl_21_w1" custom="readingOrder {index:0;}">
                    <Coords points="271,1354 271,1414 332,1414 332,1354"/>
                    <TextEquiv>
                        <Unicode>Ein</Unicode>
                    </TextEquiv>
                </Word>
                <Word id="r_10_tl_21_w2" custom="readingOrder {index:1;}">
                    <Coords points="361,1354 361,1414 445,1414 445,1354"/>
                    <TextEquiv>
                        <Unicode>Zaun</Unicode>
                    </TextEquiv>
                </Word>
                <Word id="r_10_tl_21_w3" custom="readingOrder {index:2;}">
                    <Coords points="475,1352 475,1412 508,1412 508,1352"/>
                    <TextEquiv>
                        <Unicode>ist</Unicode>
                    </TextEquiv>
                </Word>
                <Word id="r_10_tl_21_w4" custom="readingOrder {index:3;}">
                    <Coords points="537,1351 537,1411 610,1411 610,1351"/>
                    <TextEquiv>
                        <Unicode>noch</Unicode>
                    </TextEquiv>
                </Word>
                <Word id="r_10_tl_21_w5" custom="readingOrder {index:4;}">
                    <Coords points="645,1351 645,1411 695,1411 695,1351"/>
                    <TextEquiv>
                        <Unicode>der</Unicode>
                    </TextEquiv>
                </Word>
                <Word id="r_10_tl_21_w6" custom="readingOrder {index:5;}">
                    <Coords points="719,1350 719,1410 825,1410 825,1350"/>
                    <TextEquiv>
                        <Unicode>Stadt</Unicode>
                    </TextEquiv>
                </Word>
                <Word id="r_10_tl_21_w7" custom="readingOrder {index:6;}">
                    <Coords points="849,1351 849,1411 996,1411 996,1351"/>
                    <TextEquiv>
                        <Unicode>Wapen.</Unicode>
                    </TextEquiv>
                </Word>
                <Word id="r_10_tl_21_w8" custom="readingOrder {index:7;}">
                    <Coords points="1042,1349 1042,1409 1115,1409 1115,1349"/>
                    <TextEquiv>
                        <Unicode>Die</Unicode>
                    </TextEquiv>
                </Word>
                <Word id="r_10_tl_21_w9" custom="readingOrder {index:8;}">
                    <Coords points="1144,1351 1144,1411 1268,1411 1268,1351"/>
                    <TextEquiv>
                        <Unicode>Halo=</Unicode>
                    </TextEquiv>
                </Word>
                <TextEquiv>
                    <Unicode>Ein Zaun ist noch der Stadt Wapen. Die Halo=</Unicode>
                </TextEquiv>
            </TextLine>
            <TextLine id="r_10_tl_22" custom="readingOrder {index:21;}">
                <Coords points="267,1462 1260,1466 1261,1400 1185,1393 992,1425 269,1411"/>
                <Baseline points="274,1453 319,1453 364,1450 409,1453 453,1450 498,1450 543,1453 588,1450 632,1450 677,1450 722,1450 767,1450 812,1450 856,1450 901,1447 946,1450 991,1450 1035,1450 1080,1450 1125,1450 1170,1447 1215,1444 1259,1453 1262,1453"/>
                <Word id="r_10_tl_22_w1" custom="readingOrder {index:0;}">
                    <Coords points="268,1413 268,1473 327,1473 327,1413"/>
                    <TextEquiv>
                        <Unicode>ren</Unicode>
                    </TextEquiv>
                </Word>
                <Word id="r_10_tl_22_w2" custom="readingOrder {index:1;}">
                    <Coords points="358,1410 358,1470 387,1470 387,1410"/>
                    <TextEquiv>
                        <Unicode>zu</Unicode>
                    </TextEquiv>
                </Word>
                <Word id="r_10_tl_22_w3" custom="readingOrder {index:2;}">
                    <Coords points="417,1410 417,1470 512,1470 512,1410"/>
                    <TextEquiv>
                        <Unicode>Halle</Unicode>
                    </TextEquiv>
                </Word>
                <Word id="r_10_tl_22_w4" custom="readingOrder {index:3;}">
                    <Coords points="537,1410 537,1470 619,1470 619,1410"/>
                    <TextEquiv>
                        <Unicode>leitet</Unicode>
                    </TextEquiv>
                </Word>
                <Word id="r_10_tl_22_w5" custom="readingOrder {index:4;}">
                    <Coords points="649,1410 649,1470 703,1470 703,1410"/>
                    <TextEquiv>
                        <Unicode>der</Unicode>
                    </TextEquiv>
                </Word>
                <Word id="r_10_tl_22_w6" custom="readingOrder {index:5;}">
                    <Coords points="722,1410 722,1470 822,1470 822,1410"/>
                    <TextEquiv>
                        <Unicode>Autor</Unicode>
                    </TextEquiv>
                </Word>
                <Word id="r_10_tl_22_w7" custom="readingOrder {index:6;}">
                    <Coords points="852,1409 852,1469 888,1469 888,1409"/>
                    <TextEquiv>
                        <Unicode>ab</Unicode>
                    </TextEquiv>
                </Word>
                <Word id="r_10_tl_22_w8" custom="readingOrder {index:7;}">
                    <Coords points="918,1410 918,1470 977,1470 977,1410"/>
                    <TextEquiv>
                        <Unicode>von</Unicode>
                    </TextEquiv>
                </Word>
                <Word id="r_10_tl_22_w9" custom="readingOrder {index:8;}">
                    <Coords points="1013,1410 1013,1470 1085,1470 1085,1410"/>
                    <TextEquiv>
                        <Unicode>hal</Unicode>
                    </TextEquiv>
                </Word>
                <Word id="r_10_tl_22_w10" custom="readingOrder {index:9;}">
                    <Coords points="1115,1405 1115,1465 1263,1465 1263,1405"/>
                    <TextEquiv>
                        <Unicode>(a5)</Unicode>
                    </TextEquiv>
                </Word>
                <TextEquiv>
                    <Unicode>ren zu Halle leitet der Autor ab von hal (a5)</Unicode>
                </TextEquiv>
            </TextLine>
            <TextLine id="r_10_tl_23" custom="readingOrder {index:22;}">
                <Coords points="270,1517 1258,1511 1258,1469 1171,1455 270,1462"/>
                <Baseline points="277,1501 322,1501 367,1501 412,1501 456,1501 501,1501 546,1501 591,1501 635,1498 680,1498 725,1498 770,1498 815,1498 859,1498 904,1498 949,1501 994,1501 1038,1498 1083,1498 1128,1498 1173,1495 1218,1498 1262,1498"/>
                <Word id="r_10_tl_23_w1" custom="readingOrder {index:0;}">
                    <Coords points="275,1461 275,1521 333,1521 333,1461"/>
                    <TextEquiv>
                        <Unicode>und</Unicode>
                    </TextEquiv>
                </Word>
                <Word id="r_10_tl_23_w2" custom="readingOrder {index:1;}">
                    <Coords points="354,1461 354,1521 401,1521 401,1461"/>
                    <TextEquiv>
                        <Unicode>dem</Unicode>
                    </TextEquiv>
                </Word>
                <Word id="r_10_tl_23_w3" custom="readingOrder {index:2;}">
                    <Coords points="439,1461 439,1521 659,1521 659,1461"/>
                    <TextEquiv>
                        <Unicode>sklavonischen</Unicode>
                    </TextEquiv>
                </Word>
                <Word id="r_10_tl_23_w4" custom="readingOrder {index:3;}">
                    <Coords points="686,1458 686,1518 829,1518 829,1458"/>
                    <TextEquiv>
                        <Unicode>Varraju,</Unicode>
                    </TextEquiv>
                </Word>
                <Word id="r_10_tl_23_w5" custom="readingOrder {index:4;}">
                    <Coords points="840,1458 840,1518 876,1518 876,1458"/>
                    <TextEquiv>
                        <Unicode>ich</Unicode>
                    </TextEquiv>
                </Word>
                <Word id="r_10_tl_23_w6" custom="readingOrder {index:5;}">
                    <Coords points="898,1460 898,1520 997,1520 997,1460"/>
                    <TextEquiv>
                        <Unicode>koche.</Unicode>
                    </TextEquiv>
                </Word>
                <Word id="r_10_tl_23_w7" custom="readingOrder {index:6;}">
                    <Coords points="1024,1458 1024,1518 1082,1518 1082,1458"/>
                    <TextEquiv>
                        <Unicode>Sol</Unicode>
                    </TextEquiv>
                </Word>
                <Word id="r_10_tl_23_w8" custom="readingOrder {index:7;}">
                    <Coords points="1098,1458 1098,1518 1129,1518 1129,1458"/>
                    <TextEquiv>
                        <Unicode>ist</Unicode>
                    </TextEquiv>
                </Word>
                <Word id="r_10_tl_23_w9" custom="readingOrder {index:8;}">
                    <Coords points="1151,1457 1151,1517 1261,1517 1261,1457"/>
                    <TextEquiv>
                        <Unicode>Salz</Unicode>
                    </TextEquiv>
                </Word>
                <TextEquiv>
                    <Unicode>und dem sklavonischen Varraju, ich koche. Sol ist Salz</Unicode>
                </TextEquiv>
            </TextLine>
            <TextLine id="r_10_tl_24" custom="readingOrder {index:23;}">
                <Coords points="261,1558 1185,1554 1185,1511 1126,1507 261,1523"/>
                <Baseline points="268,1549 292,1549 337,1549 382,1552 426,1549 471,1549 516,1549 561,1549 606,1549 650,1546 695,1546 740,1546 785,1546 829,1549 874,1546 919,1549 964,1549 1009,1546 1053,1546 1098,1546 1143,1549 1188,1546"/>
                <Word id="r_10_tl_24_w1" custom="readingOrder {index:0;}">
                    <Coords points="266,1509 266,1569 292,1569 292,1509"/>
                    <TextEquiv>
                        <Unicode>im</Unicode>
                    </TextEquiv>
                </Word>
                <Word id="r_10_tl_24_w2" custom="readingOrder {index:1;}">
                    <Coords points="330,1509 330,1569 591,1569 591,1509"/>
                    <TextEquiv>
                        <Unicode>sklavonischen,</Unicode>
                    </TextEquiv>
                </Word>
                <Word id="r_10_tl_24_w3" custom="readingOrder {index:2;}">
                    <Coords points="613,1506 613,1566 746,1566 746,1506"/>
                    <TextEquiv>
                        <Unicode>Neusol</Unicode>
                    </TextEquiv>
                </Word>
                <Word id="r_10_tl_24_w4" custom="readingOrder {index:3;}">
                    <Coords points="762,1506 762,1566 788,1566 788,1506"/>
                    <TextEquiv>
                        <Unicode>in</Unicode>
                    </TextEquiv>
                </Word>
                <Word id="r_10_tl_24_w5" custom="readingOrder {index:4;}">
                    <Coords points="815,1506 815,1566 943,1566 943,1506"/>
                    <TextEquiv>
                        <Unicode>Ungern</Unicode>
                    </TextEquiv>
                </Word>
                <Word id="r_10_tl_24_w6" custom="readingOrder {index:5;}">
                    <Coords points="970,1506 970,1566 1172,1566 1172,1506"/>
                    <TextEquiv>
                        <Unicode>Neusalz.</Unicode>
                    </TextEquiv>
                </Word>
                <TextEquiv>
                    <Unicode>im sklavonischen, Neusol in Ungern Neusalz.</Unicode>
                </TextEquiv>
            </TextLine>
            <TextLine id="r_10_tl_25" custom="readingOrder {index:24;}">
                <Coords points="324,1605 1055,1611 1055,1579 927,1554 324,1559"/>
                <Baseline points="331,1594 376,1597 420,1594 465,1597 510,1597 555,1597 600,1594 644,1585 689,1591 734,1594 779,1597 824,1597 868,1597 913,1597 958,1594 1003,1597 1047,1597 1056,1597"/>
                <Word id="r_10_tl_25_w1" custom="readingOrder {index:0;}">
                    <Coords points="325,1556 325,1616 418,1616 418,1556"/>
                    <TextEquiv>
                        <Unicode>XItes</Unicode>
                    </TextEquiv>
                </Word>
                <Word id="r_10_tl_25_w2" custom="readingOrder {index:1;}">
                    <Coords points="452,1557 452,1617 580,1617 580,1557"/>
                    <TextEquiv>
                        <Unicode>Stück.</Unicode>
                    </TextEquiv>
                </Word>
                <Word id="r_10_tl_25_w3" custom="readingOrder {index:2;}">
                    <Coords points="630,1550 630,1610 741,1610 741,1550"/>
                    <TextEquiv>
                        <Unicode>”Das</Unicode>
                    </TextEquiv>
                </Word>
                <Word id="r_10_tl_25_w4" custom="readingOrder {index:3;}">
                    <Coords points="775,1557 775,1617 1024,1617 1024,1557"/>
                    <TextEquiv>
                        <Unicode>Wochenbette.</Unicode>
                    </TextEquiv>
                </Word>
                <TextEquiv>
                    <Unicode>XItes Stück. ”Das Wochenbette.</Unicode>
                </TextEquiv>
            </TextLine>
            <TextLine id="r_10_tl_26" custom="readingOrder {index:25;}">
                <Coords points="1101,1600 1121,1610 1162,1597 1169,1602 1179,1597 1204,1610 1255,1597 1267,1601 1266,1562 1237,1568 1222,1559 1143,1565 1131,1554 1123,1560 1099,1557"/>
                <Baseline points="1107,1591 1152,1591 1197,1594 1241,1594 1271,1597"/>
                <Word id="r_10_tl_26_w1" custom="readingOrder {index:0;}">
                    <Coords points="1099,1551 1099,1611 1142,1611 1142,1551"/>
                    <TextEquiv>
                        <Unicode>Es</Unicode>
                    </TextEquiv>
                </Word>
                <Word id="r_10_tl_26_w2" custom="readingOrder {index:1;}">
                    <Coords points="1174,1554 1174,1614 1265,1614 1265,1554"/>
                    <TextEquiv>
                        <Unicode>redet</Unicode>
                    </TextEquiv>
                </Word>
                <TextEquiv>
                    <Unicode>Es redet</Unicode>
                </TextEquiv>
            </TextLine>
            <TextLine id="r_10_tl_27" custom="readingOrder {index:26;}">
                <Coords points="267,1653 1242,1658 1274,1613 269,1614"/>
                <Baseline points="274,1645 289,1645 334,1645 379,1648 423,1648 468,1645 513,1645 558,1645 603,1645 647,1642 692,1642 737,1645 782,1645 826,1642 871,1642 916,1645 961,1645 1006,1645 1050,1642 1095,1642 1140,1642 1185,1642 1230,1642 1274,1642"/>
                <Word id="r_10_tl_27_w1" custom="readingOrder {index:0;}">
                    <Coords points="272,1605 272,1665 326,1665 326,1605"/>
                    <TextEquiv>
                        <Unicode>von</Unicode>
                    </TextEquiv>
                </Word>
                <Word id="r_10_tl_27_w2" custom="readingOrder {index:1;}">
                    <Coords points="357,1608 357,1668 402,1668 402,1608"/>
                    <TextEquiv>
                        <Unicode>der</Unicode>
                    </TextEquiv>
                </Word>
                <Word id="r_10_tl_27_w3" custom="readingOrder {index:2;}">
                    <Coords points="434,1605 434,1665 519,1665 519,1605"/>
                    <TextEquiv>
                        <Unicode>Diät</Unicode>
                    </TextEquiv>
                </Word>
                <Word id="r_10_tl_27_w4" custom="readingOrder {index:3;}">
                    <Coords points="539,1605 539,1665 589,1665 589,1605"/>
                    <TextEquiv>
                        <Unicode>der</Unicode>
                    </TextEquiv>
                </Word>
                <Word id="r_10_tl_27_w5" custom="readingOrder {index:4;}">
                    <Coords points="611,1605 611,1665 918,1665 918,1605"/>
                    <TextEquiv>
                        <Unicode>Kindbetterinnen,</Unicode>
                    </TextEquiv>
                </Word>
                <Word id="r_10_tl_27_w6" custom="readingOrder {index:5;}">
                    <Coords points="939,1604 939,1664 1090,1664 1090,1604"/>
                    <TextEquiv>
                        <Unicode>verwirft</Unicode>
                    </TextEquiv>
                </Word>
                <Word id="r_10_tl_27_w7" custom="readingOrder {index:6;}">
                    <Coords points="1111,1602 1111,1662 1156,1662 1156,1602"/>
                    <TextEquiv>
                        <Unicode>die</Unicode>
                    </TextEquiv>
                </Word>
                <Word id="r_10_tl_27_w8" custom="readingOrder {index:7;}">
                    <Coords points="1177,1602 1177,1662 1267,1662 1267,1602"/>
                    <TextEquiv>
                        <Unicode>früh¬</Unicode>
                    </TextEquiv>
                </Word>
                <TextEquiv>
                    <Unicode>von der Diät der Kindbetterinnen, verwirft die früh¬</Unicode>
                </TextEquiv>
            </TextLine>
            <TextLine id="r_10_tl_28" custom="readingOrder {index:27;}">
                <Coords points="267,1706 1272,1698 1272,1652 1208,1648 267,1656"/>
                <Baseline points="274,1698 289,1695 334,1695 379,1692 423,1692 468,1689 513,1692 558,1692 603,1692 647,1692 692,1689 737,1692 782,1689 826,1689 871,1689 916,1689 961,1689 1006,1689 1050,1689 1095,1689 1140,1689 1185,1689 1230,1689 1274,1689"/>
                <Word id="r_10_tl_28_w1" custom="readingOrder {index:0;}">
                    <Coords points="266,1655 266,1715 398,1715 398,1655"/>
                    <TextEquiv>
                        <Unicode>zeitigen</Unicode>
                    </TextEquiv>
                </Word>
                <Word id="r_10_tl_28_w2" custom="readingOrder {index:1;}">
                    <Coords points="439,1652 439,1712 669,1712 669,1652"/>
                    <TextEquiv>
                        <Unicode>Besuchungen</Unicode>
                    </TextEquiv>
                </Word>
                <Word id="r_10_tl_28_w3" custom="readingOrder {index:2;}">
                    <Coords points="705,1651 705,1711 758,1711 758,1651"/>
                    <TextEquiv>
                        <Unicode>bey</Unicode>
                    </TextEquiv>
                </Word>
                <Word id="r_10_tl_28_w4" custom="readingOrder {index:3;}">
                    <Coords points="793,1649 793,1709 847,1709 847,1649"/>
                    <TextEquiv>
                        <Unicode>der</Unicode>
                    </TextEquiv>
                </Word>
                <Word id="r_10_tl_28_w5" custom="readingOrder {index:4;}">
                    <Coords points="877,1649 877,1709 1103,1709 1103,1649"/>
                    <TextEquiv>
                        <Unicode>Wöchnerin,</Unicode>
                    </TextEquiv>
                </Word>
                <Word id="r_10_tl_28_w6" custom="readingOrder {index:5;}">
                    <Coords points="1128,1649 1128,1709 1187,1709 1187,1649"/>
                    <TextEquiv>
                        <Unicode>und</Unicode>
                    </TextEquiv>
                </Word>
                <Word id="r_10_tl_28_w7" custom="readingOrder {index:6;}">
                    <Coords points="1217,1649 1217,1709 1266,1709 1266,1649"/>
                    <TextEquiv>
                        <Unicode>die</Unicode>
                    </TextEquiv>
                </Word>
                <TextEquiv>
                    <Unicode>zeitigen Besuchungen bey der Wöchnerin, und die</Unicode>
                </TextEquiv>
            </TextLine>
            <TextLine id="r_10_tl_29" custom="readingOrder {index:28;}">
                <Coords points="276,1757 1057,1754 1275,1739 1276,1698 276,1708"/>
                <Baseline points="283,1743 292,1740 337,1740 382,1740 426,1740 471,1737 516,1737 561,1737 606,1737 650,1737 695,1737 740,1734 785,1734 829,1734 874,1734 919,1734 964,1734 1009,1734 1053,1734 1098,1734 1143,1734 1188,1731 1233,1731 1277,1728"/>
                <Word id="r_10_tl_29_w1" custom="readingOrder {index:0;}">
                    <Coords points="275,1700 275,1760 468,1760 468,1700"/>
                    <TextEquiv>
                        <Unicode>sogenannte</Unicode>
                    </TextEquiv>
                </Word>
                <Word id="r_10_tl_29_w2" custom="readingOrder {index:1;}">
                    <Coords points="488,1697 488,1757 725,1757 725,1697"/>
                    <TextEquiv>
                        <Unicode>Kraftsuppen.</Unicode>
                    </TextEquiv>
                </Word>
                <Word id="r_10_tl_29_w3" custom="readingOrder {index:2;}">
                    <Coords points="755,1694 755,1754 764,1754 764,1694"/>
                    <TextEquiv>
                        <Unicode>—</Unicode>
                    </TextEquiv>
                </Word>
                <Word id="r_10_tl_29_w4" custom="readingOrder {index:3;}">
                    <Coords points="830,1694 830,1754 888,1754 888,1694"/>
                    <TextEquiv>
                        <Unicode>Ein</Unicode>
                    </TextEquiv>
                </Word>
                <Word id="r_10_tl_29_w5" custom="readingOrder {index:4;}">
                    <Coords points="924,1694 924,1754 1101,1754 1101,1694"/>
                    <TextEquiv>
                        <Unicode>Anhang</Unicode>
                    </TextEquiv>
                </Word>
                <Word id="r_10_tl_29_w6" custom="readingOrder {index:5;}">
                    <Coords points="1137,1693 1137,1753 1166,1753 1166,1693"/>
                    <TextEquiv>
                        <Unicode>zu</Unicode>
                    </TextEquiv>
                </Word>
                <Word id="r_10_tl_29_w7" custom="readingOrder {index:6;}">
                    <Coords points="1201,1691 1201,1751 1250,1751 1250,1691"/>
                    <TextEquiv>
                        <Unicode>dem</Unicode>
                    </TextEquiv>
                </Word>
                <TextEquiv>
                    <Unicode>sogenannte Kraftsuppen. — Ein Anhang zu dem</Unicode>
                </TextEquiv>
            </TextLine>
            <TextLine id="r_10_tl_30" custom="readingOrder {index:29;}">
                <Coords points="267,1791 1246,1795 1274,1740 267,1760"/>
                <Baseline points="274,1785 289,1782 334,1788 379,1788 423,1785 468,1785 513,1785 558,1782 603,1785 647,1782 692,1779 737,1779 782,1779 826,1779 871,1779 916,1779 961,1779 1006,1776 1050,1779 1095,1776 1140,1779 1185,1776 1230,1776 1274,1773"/>
                <Word id="r_10_tl_30_w1" custom="readingOrder {index:0;}">
                    <Coords points="271,1748 271,1808 400,1808 400,1748"/>
                    <TextEquiv>
                        <Unicode>Stücke</Unicode>
                    </TextEquiv>
                </Word>
                <Word id="r_10_tl_30_w2" custom="readingOrder {index:1;}">
                    <Coords points="424,1745 424,1805 529,1805 529,1745"/>
                    <TextEquiv>
                        <Unicode>lehrt,</Unicode>
                    </TextEquiv>
                </Word>
                <Word id="r_10_tl_30_w3" custom="readingOrder {index:2;}">
                    <Coords points="563,1744 563,1804 620,1804 620,1744"/>
                    <TextEquiv>
                        <Unicode>daß</Unicode>
                    </TextEquiv>
                </Word>
                <Word id="r_10_tl_30_w4" custom="readingOrder {index:3;}">
                    <Coords points="654,1739 654,1799 884,1799 884,1739"/>
                    <TextEquiv>
                        <Unicode>Pommern</Unicode>
                    </TextEquiv>
                </Word>
                <Word id="r_10_tl_30_w5" custom="readingOrder {index:4;}">
                    <Coords points="919,1739 919,1799 976,1799 976,1739"/>
                    <TextEquiv>
                        <Unicode>aus</Unicode>
                    </TextEquiv>
                </Word>
                <Word id="r_10_tl_30_w6" custom="readingOrder {index:5;}">
                    <Coords points="1010,1738 1010,1798 1062,1798 1062,1738"/>
                    <TextEquiv>
                        <Unicode>dem</Unicode>
                    </TextEquiv>
                </Word>
                <Word id="r_10_tl_30_w7" custom="readingOrder {index:6;}">
                    <Coords points="1110,1736 1110,1796 1273,1796 1273,1736"/>
                    <TextEquiv>
                        <Unicode>sklavoni¬</Unicode>
                    </TextEquiv>
                </Word>
                <TextEquiv>
                    <Unicode>Stücke lehrt, daß Pommern aus dem sklavoni¬</Unicode>
                </TextEquiv>
            </TextLine>
            <TextLine id="r_10_tl_31" custom="readingOrder {index:30;}">
                <Coords points="276,1851 1271,1855 1271,1787 276,1795"/>
                <Baseline points="283,1836 289,1836 334,1833 379,1833 423,1833 468,1830 513,1833 558,1830 603,1830 647,1830 692,1830 737,1830 782,1827 826,1830 871,1827 916,1830 961,1827 1006,1827 1050,1827 1095,1827 1140,1827 1185,1827 1230,1824 1274,1821"/>
                <Word id="r_10_tl_31_w1" custom="readingOrder {index:0;}">
                    <Coords points="271,1794 271,1854 346,1854 346,1794"/>
                    <TextEquiv>
                        <Unicode>schen</Unicode>
                    </TextEquiv>
                </Word>
                <Word id="r_10_tl_31_w2" custom="readingOrder {index:1;}">
                    <Coords points="385,1791 385,1851 590,1851 590,1791"/>
                    <TextEquiv>
                        <Unicode>entspringe,</Unicode>
                    </TextEquiv>
                </Word>
                <Word id="r_10_tl_31_w3" custom="readingOrder {index:2;}">
                    <Coords points="624,1790 624,1850 672,1850 672,1790"/>
                    <TextEquiv>
                        <Unicode>wo</Unicode>
                    </TextEquiv>
                </Word>
                <Word id="r_10_tl_31_w4" custom="readingOrder {index:3;}">
                    <Coords points="700,1788 700,1848 916,1848 916,1788"/>
                    <TextEquiv>
                        <Unicode>Pomorca</Unicode>
                    </TextEquiv>
                </Word>
                <Word id="r_10_tl_31_w5" custom="readingOrder {index:4;}">
                    <Coords points="955,1787 955,1847 987,1847 987,1787"/>
                    <TextEquiv>
                        <Unicode>am</Unicode>
                    </TextEquiv>
                </Word>
                <Word id="r_10_tl_31_w6" custom="readingOrder {index:5;}">
                    <Coords points="1036,1787 1036,1847 1187,1847 1187,1787"/>
                    <TextEquiv>
                        <Unicode>Strande</Unicode>
                    </TextEquiv>
                </Word>
                <Word id="r_10_tl_31_w7" custom="readingOrder {index:6;}">
                    <Coords points="1220,1783 1220,1843 1268,1843 1268,1783"/>
                    <TextEquiv>
                        <Unicode>be¬</Unicode>
                    </TextEquiv>
                </Word>
                <TextEquiv>
                    <Unicode>schen entspringe, wo Pomorca am Strande be¬</Unicode>
                </TextEquiv>
            </TextLine>
            <TextLine id="r_10_tl_32" custom="readingOrder {index:31;}">
                <Coords points="261,1892 280,1899 292,1890 303,1898 315,1889 360,1894 369,1888 392,1893 406,1888 406,1849 381,1841 341,1844 324,1853 307,1844 280,1851 261,1842"/>
                <Baseline points="268,1880 313,1880 358,1880 403,1880 409,1880"/>
                <Word id="r_10_tl_32_w1" custom="readingOrder {index:0;}">
                    <Coords points="265,1840 265,1900 395,1900 395,1840"/>
                    <TextEquiv>
                        <Unicode>deutet.</Unicode>
                    </TextEquiv>
                </Word>
                <TextEquiv>
                    <Unicode>deutet.</Unicode>
                </TextEquiv>
            </TextLine>
            <TextLine id="r_10_tl_33" custom="readingOrder {index:32;}">
                <Coords points="312,1935 1272,1940 1264,1869 312,1899"/>
                <Baseline points="319,1925 334,1925 379,1928 423,1925 468,1925 513,1928 558,1928 603,1928 647,1925 692,1922 737,1916 782,1922 826,1925 871,1925 916,1928 961,1928 1006,1928 1050,1928 1095,1928 1140,1925 1185,1925 1230,1922 1274,1922"/>
                <Word id="r_10_tl_33_w1" custom="readingOrder {index:0;}">
                    <Coords points="319,1887 319,1947 431,1947 431,1887"/>
                    <TextEquiv>
                        <Unicode>XIItes</Unicode>
                    </TextEquiv>
                </Word>
                <Word id="r_10_tl_33_w2" custom="readingOrder {index:1;}">
                    <Coords points="461,1888 461,1948 584,1948 584,1888"/>
                    <TextEquiv>
                        <Unicode>Stück.</Unicode>
                    </TextEquiv>
                </Word>
                <Word id="r_10_tl_33_w3" custom="readingOrder {index:2;}">
                    <Coords points="638,1884 638,1944 684,1944 684,1884"/>
                    <TextEquiv>
                        <Unicode>1)</Unicode>
                    </TextEquiv>
                </Word>
                <Word id="r_10_tl_33_w4" custom="readingOrder {index:3;}">
                    <Coords points="714,1879 714,1939 808,1939 808,1879"/>
                    <TextEquiv>
                        <Unicode>"Von</Unicode>
                    </TextEquiv>
                </Word>
                <Word id="r_10_tl_33_w5" custom="readingOrder {index:4;}">
                    <Coords points="844,1888 844,1948 1074,1948 1074,1888"/>
                    <TextEquiv>
                        <Unicode>Vermehrung</Unicode>
                    </TextEquiv>
                </Word>
                <Word id="r_10_tl_33_w6" custom="readingOrder {index:5;}">
                    <Coords points="1110,1885 1110,1945 1162,1945 1162,1885"/>
                    <TextEquiv>
                        <Unicode>des</Unicode>
                    </TextEquiv>
                </Word>
                <Word id="r_10_tl_33_w7" custom="readingOrder {index:6;}">
                    <Coords points="1198,1882 1198,1942 1268,1942 1268,1882"/>
                    <TextEquiv>
                        <Unicode>Ge¬</Unicode>
                    </TextEquiv>
                </Word>
                <TextEquiv>
                    <Unicode>XIItes Stück. 1) "Von Vermehrung des Ge¬</Unicode>
                </TextEquiv>
            </TextLine>
            <TextLine id="r_10_tl_34" custom="readingOrder {index:33;}">
                <Coords points="261,1974 1267,1985 1267,1942 1182,1926 261,1941"/>
                <Baseline points="268,1964 313,1973 358,1979 403,1979 447,1976 492,1976 537,1979 582,1979 626,1979 671,1979 716,1979 761,1979 806,1979 850,1979 895,1982 940,1979 985,1979 1030,1979 1074,1979 1119,1979 1164,1976 1209,1976 1253,1976 1271,1973"/>
                <Word id="r_10_tl_34_w1" custom="readingOrder {index:0;}">
                    <Coords points="267,1939 267,1999 449,1999 449,1939"/>
                    <TextEquiv>
                        <Unicode>„treides."</Unicode>
                    </TextEquiv>
                </Word>
                <Word id="r_10_tl_34_w2" custom="readingOrder {index:1;}">
                    <Coords points="511,1939 511,1999 599,1999 599,1939"/>
                    <TextEquiv>
                        <Unicode>Nach</Unicode>
                    </TextEquiv>
                </Word>
                <Word id="r_10_tl_34_w3" custom="readingOrder {index:2;}">
                    <Coords points="639,1939 639,1999 920,1999 920,1939"/>
                    <TextEquiv>
                        <Unicode>Schwentern</Unicode>
                    </TextEquiv>
                </Word>
                <Word id="r_10_tl_34_w4" custom="readingOrder {index:3;}">
                    <Coords points="966,1939 966,1999 1037,1999 1037,1939"/>
                    <TextEquiv>
                        <Unicode>kann</Unicode>
                    </TextEquiv>
                </Word>
                <Word id="r_10_tl_34_w5" custom="readingOrder {index:4;}">
                    <Coords points="1082,1939 1082,1999 1126,1999 1126,1939"/>
                    <TextEquiv>
                        <Unicode>ein</Unicode>
                    </TextEquiv>
                </Word>
                <Word id="r_10_tl_34_w6" custom="readingOrder {index:5;}">
                    <Coords points="1171,1936 1171,1996 1253,1996 1253,1936"/>
                    <TextEquiv>
                        <Unicode>Korn</Unicode>
                    </TextEquiv>
                </Word>
                <TextEquiv>
                    <Unicode>„treides." Nach Schwentern kann ein Korn</Unicode>
                </TextEquiv>
            </TextLine>
            <TextLine id="r_10_tl_35" custom="readingOrder {index:34;}">
                <Coords points="261,2033 1266,2041 1266,1995 1168,1983 261,1991"/>
                <Baseline points="268,2030 283,2030 328,2030 373,2030 417,2030 462,2033 507,2027 552,2030 597,2030 641,2030 686,2033 731,2030 776,2030 821,2030 865,2030 910,2030 955,2030 1000,2030 1044,2027 1089,2030 1134,2030 1179,2027 1224,2027 1268,2027"/>
                <Word id="r_10_tl_35_w1" custom="readingOrder {index:0;}">
                    <Coords points="267,1990 267,2050 295,2050 295,1990"/>
                    <TextEquiv>
                        <Unicode>in</Unicode>
                    </TextEquiv>
                </Word>
                <Word id="r_10_tl_35_w2" custom="readingOrder {index:1;}">
                    <Coords points="341,1990 341,2050 380,2050 380,1990"/>
                    <TextEquiv>
                        <Unicode>12</Unicode>
                    </TextEquiv>
                </Word>
                <Word id="r_10_tl_35_w3" custom="readingOrder {index:2;}">
                    <Coords points="420,1990 420,2050 544,2050 544,1990"/>
                    <TextEquiv>
                        <Unicode>Jahren</Unicode>
                    </TextEquiv>
                </Word>
                <Word id="r_10_tl_35_w4" custom="readingOrder {index:3;}">
                    <Coords points="584,1990 584,2050 652,2050 652,1990"/>
                    <TextEquiv>
                        <Unicode>244</Unicode>
                    </TextEquiv>
                </Word>
                <Word id="r_10_tl_35_w5" custom="readingOrder {index:4;}">
                    <Coords points="686,1990 686,2050 889,2050 889,1990"/>
                    <TextEquiv>
                        <Unicode>Trillionen,</Unicode>
                    </TextEquiv>
                </Word>
                <Word id="r_10_tl_35_w6" custom="readingOrder {index:5;}">
                    <Coords points="918,1990 918,2050 1054,2050 1054,1990"/>
                    <TextEquiv>
                        <Unicode>140625</Unicode>
                    </TextEquiv>
                </Word>
                <Word id="r_10_tl_35_w7" custom="readingOrder {index:6;}">
                    <Coords points="1088,1987 1088,2047 1251,2047 1251,1987"/>
                    <TextEquiv>
                        <Unicode>Billionen</Unicode>
                    </TextEquiv>
                </Word>
                <TextEquiv>
                    <Unicode>in 12 Jahren 244 Trillionen, 140625 Billionen</Unicode>
                </TextEquiv>
            </TextLine>
            <TextLine id="r_10_tl_36" custom="readingOrder {index:35;}">
                <Coords points="255,2091 1272,2097 1272,2048 1229,2033 255,2047"/>
                <Baseline points="262,2080 289,2080 334,2080 379,2080 423,2080 468,2077 513,2077 558,2077 603,2077 647,2077 692,2077 737,2077 782,2077 826,2077 871,2077 916,2074 961,2077 1006,2077 1050,2077 1095,2077 1140,2077 1185,2077 1230,2074 1274,2077"/>
                <Word id="r_10_tl_36_w1" custom="readingOrder {index:0;}">
                    <Coords points="261,2040 261,2100 418,2100 418,2040"/>
                    <TextEquiv>
                        <Unicode>Körnlein</Unicode>
                    </TextEquiv>
                </Word>
                <Word id="r_10_tl_36_w2" custom="readingOrder {index:1;}">
                    <Coords points="451,2037 451,2097 604,2097 604,2037"/>
                    <TextEquiv>
                        <Unicode>gebracht</Unicode>
                    </TextEquiv>
                </Word>
                <Word id="r_10_tl_36_w3" custom="readingOrder {index:2;}">
                    <Coords points="637,2037 637,2097 762,2097 762,2037"/>
                    <TextEquiv>
                        <Unicode>haben.</Unicode>
                    </TextEquiv>
                </Word>
                <Word id="r_10_tl_36_w4" custom="readingOrder {index:3;}">
                    <Coords points="823,2037 823,2097 882,2097 882,2037"/>
                    <TextEquiv>
                        <Unicode>Ein</Unicode>
                    </TextEquiv>
                </Word>
                <Word id="r_10_tl_36_w5" custom="readingOrder {index:4;}">
                    <Coords points="921,2037 921,2097 1144,2097 1144,2037"/>
                    <TextEquiv>
                        <Unicode>Weitzenkorn</Unicode>
                    </TextEquiv>
                </Word>
                <Word id="r_10_tl_36_w6" custom="readingOrder {index:5;}">
                    <Coords points="1177,2035 1177,2095 1253,2095 1253,2035"/>
                    <TextEquiv>
                        <Unicode>kann</Unicode>
                    </TextEquiv>
                </Word>
                <TextEquiv>
                    <Unicode>Körnlein gebracht haben. Ein Weitzenkorn kann</Unicode>
                </TextEquiv>
            </TextLine>
            <TextLine id="r_10_tl_37" custom="readingOrder {index:36;}">
                <Coords points="261,2144 1272,2141 1272,2097 1216,2085 261,2100"/>
                <Baseline points="268,2128 289,2131 334,2134 379,2134 423,2131 468,2131 513,2131 558,2128 603,2125 647,2125 692,2128 737,2125 782,2125 826,2122 871,2122 916,2125 961,2125 1006,2128 1050,2125 1095,2125 1140,2122 1185,2125 1230,2125 1274,2125"/>
                <Word id="r_10_tl_37_w1" custom="readingOrder {index:0;}">
                    <Coords points="267,2092 267,2152 342,2152 342,2092"/>
                    <TextEquiv>
                        <Unicode>nach</Unicode>
                    </TextEquiv>
                </Word>
                <Word id="r_10_tl_37_w2" custom="readingOrder {index:1;}">
                    <Coords points="386,2093 386,2153 401,2153 401,2093"/>
                    <TextEquiv>
                        <Unicode>3</Unicode>
                    </TextEquiv>
                </Word>
                <Word id="r_10_tl_37_w3" custom="readingOrder {index:2;}">
                    <Coords points="451,2090 451,2150 586,2150 586,2090"/>
                    <TextEquiv>
                        <Unicode>Jahren</Unicode>
                    </TextEquiv>
                </Word>
                <Word id="r_10_tl_37_w4" custom="readingOrder {index:3;}">
                    <Coords points="630,2086 630,2146 705,2146 705,2086"/>
                    <TextEquiv>
                        <Unicode>über</Unicode>
                    </TextEquiv>
                </Word>
                <Word id="r_10_tl_37_w5" custom="readingOrder {index:4;}">
                    <Coords points="749,2085 749,2145 814,2145 814,2085"/>
                    <TextEquiv>
                        <Unicode>200</Unicode>
                    </TextEquiv>
                </Word>
                <Word id="r_10_tl_37_w6" custom="readingOrder {index:5;}">
                    <Coords points="858,2085 858,2145 1026,2145 1026,2085"/>
                    <TextEquiv>
                        <Unicode>Personen</Unicode>
                    </TextEquiv>
                </Word>
                <Word id="r_10_tl_37_w7" custom="readingOrder {index:6;}">
                    <Coords points="1075,2084 1075,2144 1134,2144 1134,2084"/>
                    <TextEquiv>
                        <Unicode>auf</Unicode>
                    </TextEquiv>
                </Word>
                <Word id="r_10_tl_37_w8" custom="readingOrder {index:7;}">
                    <Coords points="1173,2085 1173,2145 1258,2145 1258,2085"/>
                    <TextEquiv>
                        <Unicode>einen</Unicode>
                    </TextEquiv>
                </Word>
                <TextEquiv>
                    <Unicode>nach 3 Jahren über 200 Personen auf einen</Unicode>
                </TextEquiv>
            </TextLine>
            <TextLine id="r_10_tl_38" custom="readingOrder {index:37;}">
                <Coords points="261,2196 1266,2186 1266,2144 1163,2125 520,2165 261,2145"/>
                <Baseline points="268,2176 283,2176 328,2182 373,2182 417,2182 462,2176 507,2179 552,2176 597,2176 641,2179 686,2176 731,2176 776,2173 821,2176 865,2176 910,2176 955,2176 1000,2173 1044,2173 1089,2173 1134,2173 1179,2173 1224,2173 1268,2173"/>
                <Word id="r_10_tl_38_w1" custom="readingOrder {index:0;}">
                    <Coords points="266,2138 266,2198 340,2198 340,2138"/>
                    <TextEquiv>
                        <Unicode>Tag</Unicode>
                    </TextEquiv>
                </Word>
                <Word id="r_10_tl_38_w2" custom="readingOrder {index:1;}">
                    <Coords points="372,2138 372,2198 508,2198 508,2138"/>
                    <TextEquiv>
                        <Unicode>speisen.</Unicode>
                    </TextEquiv>
                </Word>
                <Word id="r_10_tl_38_w3" custom="readingOrder {index:2;}">
                    <Coords points="567,2137 567,2197 751,2197 751,2137"/>
                    <TextEquiv>
                        <Unicode>Sturms</Unicode>
                    </TextEquiv>
                </Word>
                <Word id="r_10_tl_38_w4" custom="readingOrder {index:3;}">
                    <Coords points="784,2136 784,2196 995,2196 995,2136"/>
                    <TextEquiv>
                        <Unicode>Berechnung</Unicode>
                    </TextEquiv>
                </Word>
                <Word id="r_10_tl_38_w5" custom="readingOrder {index:4;}">
                    <Coords points="1027,2133 1027,2193 1079,2193 1079,2133"/>
                    <TextEquiv>
                        <Unicode>der</Unicode>
                    </TextEquiv>
                </Word>
                <Word id="r_10_tl_38_w6" custom="readingOrder {index:5;}">
                    <Coords points="1111,2133 1111,2193 1258,2193 1258,2133"/>
                    <TextEquiv>
                        <Unicode>Summe</Unicode>
                    </TextEquiv>
                </Word>
                <TextEquiv>
                    <Unicode>Tag speisen. Sturms Berechnung der Summe</Unicode>
                </TextEquiv>
            </TextLine>
            <TextLine id="r_10_tl_39" custom="readingOrder {index:38;}">
                <Coords points="267,2239 1272,2239 1255,2183 267,2193"/>
                <Baseline points="274,2227 289,2227 334,2227 379,2227 423,2227 468,2224 513,2224 558,2224 603,2224 647,2224 692,2224 737,2221 782,2224 826,2221 871,2221 916,2221 961,2224 1006,2224 1050,2224 1095,2224 1140,2221 1185,2221 1230,2221 1274,2221"/>
                <Word id="r_10_tl_39_w1" custom="readingOrder {index:0;}">
                    <Coords points="272,2187 272,2247 323,2247 323,2187"/>
                    <TextEquiv>
                        <Unicode>der</Unicode>
                    </TextEquiv>
                </Word>
                <Word id="r_10_tl_39_w2" custom="readingOrder {index:1;}">
                    <Coords points="349,2184 349,2244 637,2244 637,2184"/>
                    <TextEquiv>
                        <Unicode>Weitzenkörner,</Unicode>
                    </TextEquiv>
                </Word>
                <Word id="r_10_tl_39_w3" custom="readingOrder {index:2;}">
                    <Coords points="679,2183 679,2243 729,2243 729,2183"/>
                    <TextEquiv>
                        <Unicode>die</Unicode>
                    </TextEquiv>
                </Word>
                <Word id="r_10_tl_39_w4" custom="readingOrder {index:3;}">
                    <Coords points="756,2183 756,2243 827,2243 827,2183"/>
                    <TextEquiv>
                        <Unicode>nach</Unicode>
                    </TextEquiv>
                </Word>
                <Word id="r_10_tl_39_w5" custom="readingOrder {index:4;}">
                    <Coords points="864,2181 864,2241 915,2241 915,2181"/>
                    <TextEquiv>
                        <Unicode>der</Unicode>
                    </TextEquiv>
                </Word>
                <Word id="r_10_tl_39_w6" custom="readingOrder {index:5;}">
                    <Coords points="946,2183 946,2243 1265,2243 1265,2183"/>
                    <TextEquiv>
                        <Unicode>Duplicationspro¬</Unicode>
                    </TextEquiv>
                </Word>
                <TextEquiv>
                    <Unicode>der Weitzenkörner, die nach der Duplicationspro¬</Unicode>
                </TextEquiv>
            </TextLine>
            <TextLine id="r_10_tl_40" custom="readingOrder {index:39;}">
                <Coords points="264,2290 1258,2290 1242,2232 264,2252"/>
                <Baseline points="271,2283 277,2280 322,2274 367,2274 412,2271 456,2271 501,2271 546,2269 591,2271 635,2269 680,2269 725,2269 770,2269 815,2269 859,2269 904,2271 949,2271 994,2271 1038,2271 1083,2271 1128,2269 1173,2271 1218,2269 1262,2269"/>
                <Word id="r_10_tl_40_w1" custom="readingOrder {index:0;}">
                    <Coords points="269,2234 269,2294 397,2294 397,2234"/>
                    <TextEquiv>
                        <Unicode>gression</Unicode>
                    </TextEquiv>
                </Word>
                <Word id="r_10_tl_40_w2" custom="readingOrder {index:1;}">
                    <Coords points="429,2231 429,2291 454,2291 454,2231"/>
                    <TextEquiv>
                        <Unicode>in</Unicode>
                    </TextEquiv>
                </Word>
                <Word id="r_10_tl_40_w3" custom="readingOrder {index:2;}">
                    <Coords points="481,2230 481,2290 527,2290 527,2230"/>
                    <TextEquiv>
                        <Unicode>die</Unicode>
                    </TextEquiv>
                </Word>
                <Word id="r_10_tl_40_w4" custom="readingOrder {index:3;}">
                    <Coords points="548,2230 548,2290 589,2290 589,2230"/>
                    <TextEquiv>
                        <Unicode>64</Unicode>
                    </TextEquiv>
                </Word>
                <Word id="r_10_tl_40_w5" custom="readingOrder {index:4;}">
                    <Coords points="615,2229 615,2289 729,2289 729,2229"/>
                    <TextEquiv>
                        <Unicode>Fächer</Unicode>
                    </TextEquiv>
                </Word>
                <Word id="r_10_tl_40_w6" custom="readingOrder {index:5;}">
                    <Coords points="755,2229 755,2289 837,2289 837,2229"/>
                    <TextEquiv>
                        <Unicode>eines</Unicode>
                    </TextEquiv>
                </Word>
                <Word id="r_10_tl_40_w7" custom="readingOrder {index:6;}">
                    <Coords points="858,2231 858,2291 1091,2291 1091,2231"/>
                    <TextEquiv>
                        <Unicode>Dammbretts</Unicode>
                    </TextEquiv>
                </Word>
                <Word id="r_10_tl_40_w8" custom="readingOrder {index:7;}">
                    <Coords points="1117,2230 1117,2290 1256,2290 1256,2230"/>
                    <TextEquiv>
                        <Unicode>kommen</Unicode>
                    </TextEquiv>
                </Word>
                <TextEquiv>
                    <Unicode>gression in die 64 Fächer eines Dammbretts kommen</Unicode>
                </TextEquiv>
            </TextLine>
            <TextLine id="r_10_tl_41" custom="readingOrder {index:40;}">
                <Coords points="261,2341 619,2312 1260,2332 1260,2289 1150,2275 261,2291"/>
                <Baseline points="268,2328 277,2328 322,2322 367,2319 412,2316 456,2319 501,2316 546,2316 591,2313 635,2310 680,2313 725,2313 770,2313 815,2313 859,2319 904,2319 949,2319 994,2322 1038,2319 1083,2319 1128,2316 1173,2316 1218,2316 1262,2319"/>
                <Word id="r_10_tl_41_w1" custom="readingOrder {index:0;}">
                    <Coords points="267,2281 267,2341 380,2341 380,2281"/>
                    <TextEquiv>
                        <Unicode>sollte,</Unicode>
                    </TextEquiv>
                </Word>
                <Word id="r_10_tl_41_w2" custom="readingOrder {index:1;}">
                    <Coords points="402,2278 402,2338 515,2338 515,2278"/>
                    <TextEquiv>
                        <Unicode>welche</Unicode>
                    </TextEquiv>
                </Word>
                <Word id="r_10_tl_41_w3" custom="readingOrder {index:2;}">
                    <Coords points="543,2274 543,2334 596,2334 596,2274"/>
                    <TextEquiv>
                        <Unicode>der</Unicode>
                    </TextEquiv>
                </Word>
                <Word id="r_10_tl_41_w4" custom="readingOrder {index:3;}">
                    <Coords points="619,2273 619,2333 770,2333 770,2273"/>
                    <TextEquiv>
                        <Unicode>Erfinder</Unicode>
                    </TextEquiv>
                </Word>
                <Word id="r_10_tl_41_w5" custom="readingOrder {index:4;}">
                    <Coords points="803,2274 803,2334 851,2334 851,2274"/>
                    <TextEquiv>
                        <Unicode>des</Unicode>
                    </TextEquiv>
                </Word>
                <Word id="r_10_tl_41_w6" custom="readingOrder {index:5;}">
                    <Coords points="879,2281 879,2341 1106,2341 1106,2281"/>
                    <TextEquiv>
                        <Unicode>Schachspiels</Unicode>
                    </TextEquiv>
                </Word>
                <Word id="r_10_tl_41_w7" custom="readingOrder {index:6;}">
                    <Coords points="1128,2276 1128,2336 1263,2336 1263,2276"/>
                    <TextEquiv>
                        <Unicode>foderte,</Unicode>
                    </TextEquiv>
                </Word>
                <TextEquiv>
                    <Unicode>sollte, welche der Erfinder des Schachspiels foderte,</Unicode>
                </TextEquiv>
            </TextLine>
            <TextLine id="r_10_tl_42" custom="readingOrder {index:41;}">
                <Coords points="264,2391 1271,2372 1244,2326 264,2344"/>
                <Baseline points="271,2370 289,2373 334,2370 379,2367 423,2364 468,2364 513,2361 558,2361 603,2358 647,2361 692,2361 737,2361 782,2364 826,2364 871,2367 916,2367 961,2370 1006,2370 1050,2370 1095,2367 1140,2364 1185,2364 1230,2364 1274,2364"/>
                <Word id="r_10_tl_42_w1" custom="readingOrder {index:0;}">
                    <Coords points="271,2329 271,2389 426,2389 426,2329"/>
                    <TextEquiv>
                        <Unicode>erläutert</Unicode>
                    </TextEquiv>
                </Word>
                <Word id="r_10_tl_42_w2" custom="readingOrder {index:1;}">
                    <Coords points="455,2322 455,2382 541,2382 541,2322"/>
                    <TextEquiv>
                        <Unicode>dies.</Unicode>
                    </TextEquiv>
                </Word>
                <Word id="r_10_tl_42_w3" custom="readingOrder {index:2;}">
                    <Coords points="611,2321 611,2381 691,2381 691,2321"/>
                    <TextEquiv>
                        <Unicode>Das</Unicode>
                    </TextEquiv>
                </Word>
                <Word id="r_10_tl_42_w4" custom="readingOrder {index:3;}">
                    <Coords points="727,2324 727,2384 841,2384 841,2324"/>
                    <TextEquiv>
                        <Unicode>64mal</Unicode>
                    </TextEquiv>
                </Word>
                <Word id="r_10_tl_42_w5" custom="readingOrder {index:4;}">
                    <Coords points="871,2328 871,2388 1009,2388 1009,2328"/>
                    <TextEquiv>
                        <Unicode>duplirte</Unicode>
                    </TextEquiv>
                </Word>
                <Word id="r_10_tl_42_w6" custom="readingOrder {index:5;}">
                    <Coords points="1032,2324 1032,2384 1251,2384 1251,2324"/>
                    <TextEquiv>
                        <Unicode>Weitzenkorn</Unicode>
                    </TextEquiv>
                </Word>
                <TextEquiv>
                    <Unicode>erläutert dies. Das 64mal duplirte Weitzenkorn</Unicode>
                </TextEquiv>
            </TextLine>
            <TextLine id="r_10_tl_43" custom="readingOrder {index:42;}">
                <Coords points="261,2430 1267,2424 1260,2374 261,2391"/>
                <Baseline points="268,2424 286,2421 331,2418 376,2418 420,2412 465,2415 510,2412 555,2409 600,2409 644,2409 689,2409 734,2409 779,2412 824,2415 868,2415 913,2418 958,2418 1003,2418 1047,2415 1092,2418 1137,2418 1182,2415 1227,2415 1271,2415"/>
                <Word id="r_10_tl_43_w1" custom="readingOrder {index:0;}">
                    <Coords points="268,2378 268,2438 371,2438 371,2378"/>
                    <TextEquiv>
                        <Unicode>fodert</Unicode>
                    </TextEquiv>
                </Word>
                <Word id="r_10_tl_43_w2" custom="readingOrder {index:1;}">
                    <Coords points="395,2374 395,2434 551,2434 551,2374"/>
                    <TextEquiv>
                        <Unicode>5124059</Unicode>
                    </TextEquiv>
                </Word>
                <Word id="r_10_tl_43_w3" custom="readingOrder {index:2;}">
                    <Coords points="586,2369 586,2429 771,2429 771,2369"/>
                    <TextEquiv>
                        <Unicode>dergleichen</Unicode>
                    </TextEquiv>
                </Word>
                <Word id="r_10_tl_43_w4" custom="readingOrder {index:3;}">
                    <Coords points="801,2375 801,2435 939,2435 939,2375"/>
                    <TextEquiv>
                        <Unicode>Archen,</Unicode>
                    </TextEquiv>
                </Word>
                <Word id="r_10_tl_43_w5" custom="readingOrder {index:4;}">
                    <Coords points="969,2378 969,2438 1027,2438 1027,2378"/>
                    <TextEquiv>
                        <Unicode>wie</Unicode>
                    </TextEquiv>
                </Word>
                <Word id="r_10_tl_43_w6" custom="readingOrder {index:5;}">
                    <Coords points="1050,2378 1050,2438 1148,2438 1148,2378"/>
                    <TextEquiv>
                        <Unicode>Noäh</Unicode>
                    </TextEquiv>
                </Word>
                <Word id="r_10_tl_43_w7" custom="readingOrder {index:6;}">
                    <Coords points="1178,2375 1178,2435 1263,2435 1263,2375"/>
                    <TextEquiv>
                        <Unicode>war.</Unicode>
                    </TextEquiv>
                </Word>
                <TextEquiv>
                    <Unicode>fodert 5124059 dergleichen Archen, wie Noäh war.</Unicode>
                </TextEquiv>
            </TextLine>
            <TextLine id="r_10_tl_44" custom="readingOrder {index:43;}">
                <Coords points="267,2488 1260,2474 1250,2420 267,2434"/>
                <Baseline points="274,2475 277,2475 322,2472 367,2466 412,2463 456,2463 501,2463 546,2460 591,2460 635,2460 680,2457 725,2457 770,2460 815,2463 859,2463 904,2463 949,2466 994,2466 1038,2463 1083,2466 1128,2466 1173,2463 1218,2466 1262,2463"/>
                <Word id="r_10_tl_44_w1" custom="readingOrder {index:0;}">
                    <Coords points="268,2431 268,2491 386,2491 386,2431"/>
                    <TextEquiv>
                        <Unicode>Zuletzt</Unicode>
                    </TextEquiv>
                </Word>
                <Word id="r_10_tl_44_w2" custom="readingOrder {index:1;}">
                    <Coords points="405,2423 405,2483 482,2483 482,2423"/>
                    <TextEquiv>
                        <Unicode>wird</Unicode>
                    </TextEquiv>
                </Word>
                <Word id="r_10_tl_44_w3" custom="readingOrder {index:2;}">
                    <Coords points="512,2420 512,2480 554,2480 554,2420"/>
                    <TextEquiv>
                        <Unicode>ein</Unicode>
                    </TextEquiv>
                </Word>
                <Word id="r_10_tl_44_w4" custom="readingOrder {index:3;}">
                    <Coords points="584,2419 584,2479 714,2479 714,2419"/>
                    <TextEquiv>
                        <Unicode>lustiger</Unicode>
                    </TextEquiv>
                </Word>
                <Word id="r_10_tl_44_w5" custom="readingOrder {index:4;}">
                    <Coords points="733,2420 733,2480 827,2480 827,2420"/>
                    <TextEquiv>
                        <Unicode>Kauf</Unicode>
                    </TextEquiv>
                </Word>
                <Word id="r_10_tl_44_w6" custom="readingOrder {index:5;}">
                    <Coords points="846,2425 846,2485 1048,2485 1048,2425"/>
                    <TextEquiv>
                        <Unicode>angeführt,</Unicode>
                    </TextEquiv>
                </Word>
                <Word id="r_10_tl_44_w7" custom="readingOrder {index:6;}">
                    <Coords points="1084,2426 1084,2486 1144,2486 1144,2426"/>
                    <TextEquiv>
                        <Unicode>und</Unicode>
                    </TextEquiv>
                </Word>
                <Word id="r_10_tl_44_w8" custom="readingOrder {index:7;}">
                    <Coords points="1174,2425 1174,2485 1256,2485 1256,2425"/>
                    <TextEquiv>
                        <Unicode>zwar</Unicode>
                    </TextEquiv>
                </Word>
                <TextEquiv>
                    <Unicode>Zuletzt wird ein lustiger Kauf angeführt, und zwar</Unicode>
                </TextEquiv>
            </TextLine>
            <TextLine id="r_10_tl_45" custom="readingOrder {index:44;}">
                <Coords points="253,2532 1265,2528 1238,2471 639,2491 511,2462 255,2495"/>
                <Baseline points="262,2519 283,2519 328,2519 373,2519 417,2516 462,2513 507,2510 552,2510 597,2510 641,2507 686,2507 731,2507 776,2507 821,2507 865,2510 910,2513 955,2513 1000,2516 1044,2513 1089,2513 1134,2513 1179,2513 1224,2513 1268,2510"/>
                <Word id="r_10_tl_45_w1" custom="readingOrder {index:0;}">
                    <Coords points="260,2479 260,2539 312,2539 312,2479"/>
                    <TextEquiv>
                        <Unicode>von</Unicode>
                    </TextEquiv>
                </Word>
                <Word id="r_10_tl_45_w2" custom="readingOrder {index:1;}">
                    <Coords points="347,2478 347,2538 428,2538 428,2478"/>
                    <TextEquiv>
                        <Unicode>einem</Unicode>
                    </TextEquiv>
                </Word>
                <Word id="r_10_tl_45_w3" custom="readingOrder {index:2;}">
                    <Coords points="476,2470 476,2530 621,2530 621,2470"/>
                    <TextEquiv>
                        <Unicode>Pferde,</Unicode>
                    </TextEquiv>
                </Word>
                <Word id="r_10_tl_45_w4" custom="readingOrder {index:3;}">
                    <Coords points="645,2467 645,2527 813,2527 813,2467"/>
                    <TextEquiv>
                        <Unicode>innerhalb</Unicode>
                    </TextEquiv>
                </Word>
                <Word id="r_10_tl_45_w5" custom="readingOrder {index:4;}">
                    <Coords points="843,2469 843,2529 878,2529 878,2469"/>
                    <TextEquiv>
                        <Unicode>24</Unicode>
                    </TextEquiv>
                </Word>
                <Word id="r_10_tl_45_w6" custom="readingOrder {index:5;}">
                    <Coords points="913,2475 913,2535 1070,2535 1070,2475"/>
                    <TextEquiv>
                        <Unicode>Stunden</Unicode>
                    </TextEquiv>
                </Word>
                <Word id="r_10_tl_45_w7" custom="readingOrder {index:6;}">
                    <Coords points="1100,2473 1100,2533 1123,2533 1123,2473"/>
                    <TextEquiv>
                        <Unicode>zu</Unicode>
                    </TextEquiv>
                </Word>
                <Word id="r_10_tl_45_w8" custom="readingOrder {index:7;}">
                    <Coords points="1153,2473 1153,2533 1262,2533 1262,2473"/>
                    <TextEquiv>
                        <Unicode>bezah=</Unicode>
                    </TextEquiv>
                </Word>
                <TextEquiv>
                    <Unicode>von einem Pferde, innerhalb 24 Stunden zu bezah=</Unicode>
                </TextEquiv>
            </TextLine>
            <TextLine id="r_10_tl_46" custom="readingOrder {index:45;}">
                <Coords points="261,2578 1266,2581 1266,2528 261,2531"/>
                <Baseline points="268,2567 283,2567 328,2567 373,2570 417,2567 462,2564 507,2561 552,2561 597,2561 641,2558 686,2558 731,2555 776,2552 821,2555 865,2558 910,2561 955,2561 1000,2561 1044,2561 1089,2564 1134,2564 1179,2567 1224,2561 1268,2558"/>
                <Word id="r_10_tl_46_w1" custom="readingOrder {index:0;}">
                    <Coords points="264,2527 264,2587 343,2587 343,2527"/>
                    <TextEquiv>
                        <Unicode>ken,</Unicode>
                    </TextEquiv>
                </Word>
                <Word id="r_10_tl_46_w2" custom="readingOrder {index:1;}">
                    <Coords points="370,2528 370,2588 429,2588 429,2528"/>
                    <TextEquiv>
                        <Unicode>und</Unicode>
                    </TextEquiv>
                </Word>
                <Word id="r_10_tl_46_w3" custom="readingOrder {index:2;}">
                    <Coords points="456,2522 456,2582 516,2582 516,2522"/>
                    <TextEquiv>
                        <Unicode>nur</Unicode>
                    </TextEquiv>
                </Word>
                <Word id="r_10_tl_46_w4" custom="readingOrder {index:3;}">
                    <Coords points="543,2521 543,2581 589,2581 589,2521"/>
                    <TextEquiv>
                        <Unicode>für</Unicode>
                    </TextEquiv>
                </Word>
                <Word id="r_10_tl_46_w5" custom="readingOrder {index:4;}">
                    <Coords points="616,2518 616,2578 662,2578 662,2518"/>
                    <TextEquiv>
                        <Unicode>die</Unicode>
                    </TextEquiv>
                </Word>
                <Word id="r_10_tl_46_w6" custom="readingOrder {index:5;}">
                    <Coords points="683,2515 683,2575 755,2575 755,2515"/>
                    <TextEquiv>
                        <Unicode>erste</Unicode>
                    </TextEquiv>
                </Word>
                <Word id="r_10_tl_46_w7" custom="readingOrder {index:6;}">
                    <Coords points="783,2516 783,2576 915,2576 915,2516"/>
                    <TextEquiv>
                        <Unicode>Stunde</Unicode>
                    </TextEquiv>
                </Word>
                <Word id="r_10_tl_46_w8" custom="readingOrder {index:7;}">
                    <Coords points="935,2521 935,2581 948,2581 948,2521"/>
                    <TextEquiv>
                        <Unicode>1</Unicode>
                    </TextEquiv>
                </Word>
                <Word id="r_10_tl_46_w9" custom="readingOrder {index:8;}">
                    <Coords points="975,2521 975,2581 1121,2581 1121,2521"/>
                    <TextEquiv>
                        <Unicode>Pfennig</Unicode>
                    </TextEquiv>
                </Word>
                <Word id="r_10_tl_46_w10" custom="readingOrder {index:9;}">
                    <Coords points="1149,2526 1149,2586 1181,2586 1181,2526"/>
                    <TextEquiv>
                        <Unicode>zu</Unicode>
                    </TextEquiv>
                </Word>
                <Word id="r_10_tl_46_w11" custom="readingOrder {index:10;}">
                    <Coords points="1215,2520 1215,2580 1261,2580 1261,2520"/>
                    <TextEquiv>
                        <Unicode>ge=</Unicode>
                    </TextEquiv>
                </Word>
                <TextEquiv>
                    <Unicode>ken, und nur für die erste Stunde 1 Pfennig zu ge=</Unicode>
                </TextEquiv>
            </TextLine>
            <TextLine id="r_10_tl_47" custom="readingOrder {index:46;}">
                <Coords points="264,2624 1262,2628 1262,2579 1171,2573 264,2579"/>
                <Baseline points="271,2615 280,2615 325,2615 370,2615 414,2615 459,2612 504,2615 549,2612 594,2609 638,2609 683,2609 728,2606 773,2603 818,2603 862,2606 907,2603 952,2606 997,2609 1041,2612 1086,2612 1131,2612 1176,2615 1221,2612 1265,2612"/>
                <Word id="r_10_tl_47_w1" custom="readingOrder {index:0;}">
                    <Coords points="267,2575 267,2635 354,2635 354,2575"/>
                    <TextEquiv>
                        <Unicode>ben,</Unicode>
                    </TextEquiv>
                </Word>
                <Word id="r_10_tl_47_w2" custom="readingOrder {index:1;}">
                    <Coords points="375,2575 375,2635 428,2635 428,2575"/>
                    <TextEquiv>
                        <Unicode>die</Unicode>
                    </TextEquiv>
                </Word>
                <Word id="r_10_tl_47_w3" custom="readingOrder {index:2;}">
                    <Coords points="449,2573 449,2633 618,2633 618,2573"/>
                    <TextEquiv>
                        <Unicode>folgenden</Unicode>
                    </TextEquiv>
                </Word>
                <Word id="r_10_tl_47_w4" custom="readingOrder {index:3;}">
                    <Coords points="653,2569 653,2629 680,2629 680,2569"/>
                    <TextEquiv>
                        <Unicode>zu</Unicode>
                    </TextEquiv>
                </Word>
                <Word id="r_10_tl_47_w5" custom="readingOrder {index:4;}">
                    <Coords points="715,2563 715,2623 877,2623 877,2563"/>
                    <TextEquiv>
                        <Unicode>dupliren.</Unicode>
                    </TextEquiv>
                </Word>
                <Word id="r_10_tl_47_w6" custom="readingOrder {index:5;}">
                    <Coords points="925,2565 925,2625 978,2625 978,2565"/>
                    <TextEquiv>
                        <Unicode>Es</Unicode>
                    </TextEquiv>
                </Word>
                <Word id="r_10_tl_47_w7" custom="readingOrder {index:6;}">
                    <Coords points="1006,2572 1006,2632 1114,2632 1114,2572"/>
                    <TextEquiv>
                        <Unicode>macht</Unicode>
                    </TextEquiv>
                </Word>
                <Word id="r_10_tl_47_w8" custom="readingOrder {index:7;}">
                    <Coords points="1135,2573 1135,2633 1250,2633 1250,2573"/>
                    <TextEquiv>
                        <Unicode>58254</Unicode>
                    </TextEquiv>
                </Word>
                <TextEquiv>
                    <Unicode>ben, die folgenden zu dupliren. Es macht 58254</Unicode>
                </TextEquiv>
            </TextLine>
            <TextLine id="r_10_tl_48" custom="readingOrder {index:47;}">
                <Coords points="255,2675 1267,2674 1267,2624 902,2602 255,2624"/>
                <Baseline points="262,2666 286,2663 331,2663 376,2663 420,2663 465,2663 510,2663 555,2660 600,2657 644,2660 689,2660 734,2654 779,2654 824,2654 868,2657 913,2654 958,2657 1003,2657 1047,2660 1092,2660 1137,2660 1182,2660 1227,2660 1271,2657"/>
                <Word id="r_10_tl_48_w1" custom="readingOrder {index:0;}">
                    <Coords points="264,2623 264,2683 388,2683 388,2623"/>
                    <TextEquiv>
                        <Unicode>Rthlr.</Unicode>
                    </TextEquiv>
                </Word>
                <Word id="r_10_tl_48_w2" custom="readingOrder {index:1;}">
                    <Coords points="402,2623 402,2683 414,2683 414,2623"/>
                    <TextEquiv>
                        <Unicode>5</Unicode>
                    </TextEquiv>
                </Word>
                <Word id="r_10_tl_48_w3" custom="readingOrder {index:2;}">
                    <Coords points="448,2623 448,2683 513,2683 513,2623"/>
                    <TextEquiv>
                        <Unicode>Gr.</Unicode>
                    </TextEquiv>
                </Word>
                <Word id="r_10_tl_48_w4" custom="readingOrder {index:3;}">
                    <Coords points="533,2621 533,2681 546,2681 546,2621"/>
                    <TextEquiv>
                        <Unicode>3</Unicode>
                    </TextEquiv>
                </Word>
                <Word id="r_10_tl_48_w5" custom="readingOrder {index:4;}">
                    <Coords points="573,2617 573,2677 637,2677 637,2617"/>
                    <TextEquiv>
                        <Unicode>Pf.</Unicode>
                    </TextEquiv>
                </Word>
                <Word id="r_10_tl_48_w6" custom="readingOrder {index:5;}">
                    <Coords points="691,2616 691,2676 736,2676 736,2616"/>
                    <TextEquiv>
                        <Unicode>2)</Unicode>
                    </TextEquiv>
                </Word>
                <Word id="r_10_tl_48_w7" custom="readingOrder {index:6;}">
                    <Coords points="764,2614 764,2674 835,2674 835,2614"/>
                    <TextEquiv>
                        <Unicode>Von</Unicode>
                    </TextEquiv>
                </Word>
                <Word id="r_10_tl_48_w8" custom="readingOrder {index:7;}">
                    <Coords points="869,2618 869,2678 1183,2678 1183,2618"/>
                    <TextEquiv>
                        <Unicode>Irrthümern,</Unicode>
                    </TextEquiv>
                </Word>
                <Word id="r_10_tl_48_w9" custom="readingOrder {index:8;}">
                    <Coords points="1210,2619 1210,2679 1255,2679 1255,2619"/>
                    <TextEquiv>
                        <Unicode>die</Unicode>
                    </TextEquiv>
                </Word>
                <TextEquiv>
                    <Unicode>Rthlr. 5 Gr. 3 Pf. 2) Von Irrthümern, die</Unicode>
                </TextEquiv>
            </TextLine>
            <TextLine id="r_10_tl_49" custom="readingOrder {index:48;}">
                <Coords points="261,2727 1267,2717 1267,2674 1192,2663 261,2695"/>
                <Baseline points="268,2713 286,2713 331,2713 376,2710 420,2707 465,2707 510,2707 555,2707 600,2707 644,2707 689,2707 734,2704 779,2704 824,2701 868,2701 913,2704 958,2701 1003,2707 1047,2707 1092,2707 1137,2707 1182,2707 1227,2707 1271,2704"/>
                <Word id="r_10_tl_49_w1" custom="readingOrder {index:0;}">
                    <Coords points="268,2673 268,2733 342,2733 342,2673"/>
                    <TextEquiv>
                        <Unicode>aus</Unicode>
                    </TextEquiv>
                </Word>
                <Word id="r_10_tl_49_w2" custom="readingOrder {index:1;}">
                    <Coords points="378,2667 378,2727 719,2727 719,2667"/>
                    <TextEquiv>
                        <Unicode>Leidenschaften</Unicode>
                    </TextEquiv>
                </Word>
                <Word id="r_10_tl_49_w3" custom="readingOrder {index:2;}">
                    <Coords points="754,2661 754,2721 939,2721 939,2661"/>
                    <TextEquiv>
                        <Unicode>entstehen,</Unicode>
                    </TextEquiv>
                </Word>
                <Word id="r_10_tl_49_w4" custom="readingOrder {index:3;}">
                    <Coords points="975,2667 975,2727 1032,2727 1032,2667"/>
                    <TextEquiv>
                        <Unicode>aus</Unicode>
                    </TextEquiv>
                </Word>
                <Word id="r_10_tl_49_w5" custom="readingOrder {index:4;}">
                    <Coords points="1061,2667 1061,2727 1113,2727 1113,2667"/>
                    <TextEquiv>
                        <Unicode>des</Unicode>
                    </TextEquiv>
                </Word>
                <Word id="r_10_tl_49_w6" custom="readingOrder {index:5;}">
                    <Coords points="1143,2667 1143,2727 1252,2727 1252,2667"/>
                    <TextEquiv>
                        <Unicode>Herrn</Unicode>
                    </TextEquiv>
                </Word>
                <TextEquiv>
                    <Unicode>aus Leidenschaften entstehen, aus des Herrn</Unicode>
                </TextEquiv>
            </TextLine>
            <TextLine id="r_10_tl_50" custom="readingOrder {index:49;}">
                <Coords points="259,2772 1258,2769 1258,2716 1140,2747 976,2711 259,2728"/>
                <Baseline points="265,2767 277,2764 322,2764 367,2761 412,2758 456,2755 501,2755 546,2755 591,2752 635,2755 680,2755 725,2755 770,2752 815,2752 859,2749 904,2749 949,2752 994,2755 1038,2755 1083,2755 1128,2758 1173,2758 1218,2758 1262,2755"/>
                <Word id="r_10_tl_50_w1" custom="readingOrder {index:0;}">
                    <Coords points="265,2719 265,2779 502,2779 502,2719"/>
                    <TextEquiv>
                        <Unicode>Helvetius</Unicode>
                    </TextEquiv>
                </Word>
                <Word id="r_10_tl_50_w2" custom="readingOrder {index:1;}">
                    <Coords points="543,2714 543,2774 553,2774 553,2714"/>
                    <TextEquiv>
                        <Unicode>"</Unicode>
                    </TextEquiv>
                </Word>
                <Word id="r_10_tl_50_w3" custom="readingOrder {index:2;}">
                    <Coords points="577,2715 577,2775 717,2775 717,2715"/>
                    <TextEquiv>
                        <Unicode>Discurs</Unicode>
                    </TextEquiv>
                </Word>
                <Word id="r_10_tl_50_w4" custom="readingOrder {index:3;}">
                    <Coords points="746,2712 746,2772 819,2772 819,2712"/>
                    <TextEquiv>
                        <Unicode>über</Unicode>
                    </TextEquiv>
                </Word>
                <Word id="r_10_tl_50_w5" custom="readingOrder {index:4;}">
                    <Coords points="854,2709 854,2769 904,2769 904,2709"/>
                    <TextEquiv>
                        <Unicode>den</Unicode>
                    </TextEquiv>
                </Word>
                <Word id="r_10_tl_50_w6" custom="readingOrder {index:5;}">
                    <Coords points="939,2715 939,2775 1113,2775 1113,2715"/>
                    <TextEquiv>
                        <Unicode>Menschen</Unicode>
                    </TextEquiv>
                </Word>
                <Word id="r_10_tl_50_w7" custom="readingOrder {index:6;}">
                    <Coords points="1176,2718 1176,2778 1249,2778 1249,2718"/>
                    <TextEquiv>
                        <Unicode>nach</Unicode>
                    </TextEquiv>
                </Word>
                <TextEquiv>
                    <Unicode>Helvetius " Discurs über den Menschen nach</Unicode>
                </TextEquiv>
            </TextLine>
            <TextLine id="r_10_tl_51" custom="readingOrder {index:50;}">
                <Coords points="257,2837 618,2814 785,2846 955,2809 1264,2844 1257,2764 259,2772"/>
                <Baseline points="265,2815 283,2818 328,2815 373,2815 417,2812 462,2812 507,2809 552,2812 597,2809 641,2809 686,2809 731,2812 776,2809 821,2806 865,2803 910,2803 955,2806 1000,2809 1044,2809 1089,2809 1134,2809 1179,2809 1224,2806 1268,2812"/>
                <Word id="r_10_tl_51_w1" custom="readingOrder {index:0;}">
                    <Coords points="266,2777 266,2837 318,2837 318,2777"/>
                    <TextEquiv>
                        <Unicode>der</Unicode>
                    </TextEquiv>
                </Word>
                <Word id="r_10_tl_51_w2" custom="readingOrder {index:1;}">
                    <Coords points="338,2771 338,2831 595,2831 595,2771"/>
                    <TextEquiv>
                        <Unicode>Uebersetzung,</Unicode>
                    </TextEquiv>
                </Word>
                <Word id="r_10_tl_51_w3" custom="readingOrder {index:2;}">
                    <Coords points="615,2769 615,2829 739,2829 739,2769"/>
                    <TextEquiv>
                        <Unicode>Leipzig</Unicode>
                    </TextEquiv>
                </Word>
                <Word id="r_10_tl_51_w4" custom="readingOrder {index:3;}">
                    <Coords points="767,2765 767,2825 878,2825 878,2765"/>
                    <TextEquiv>
                        <Unicode>1760,</Unicode>
                    </TextEquiv>
                </Word>
                <Word id="r_10_tl_51_w5" custom="readingOrder {index:4;}">
                    <Coords points="898,2764 898,2824 957,2824 957,2764"/>
                    <TextEquiv>
                        <Unicode>S.</Unicode>
                    </TextEquiv>
                </Word>
                <Word id="r_10_tl_51_w6" custom="readingOrder {index:5;}">
                    <Coords points="978,2769 978,2829 1043,2829 1043,2769"/>
                    <TextEquiv>
                        <Unicode>14.</Unicode>
                    </TextEquiv>
                </Word>
                <Word id="r_10_tl_51_w7" custom="readingOrder {index:6;}">
                    <Coords points="1096,2769 1096,2829 1188,2829 1188,2769"/>
                    <TextEquiv>
                        <Unicode>Dies</Unicode>
                    </TextEquiv>
                </Word>
                <Word id="r_10_tl_51_w8" custom="readingOrder {index:7;}">
                    <Coords points="1221,2768 1221,2828 1260,2828 1260,2768"/>
                    <TextEquiv>
                        <Unicode>ist</Unicode>
                    </TextEquiv>
                </Word>
                <TextEquiv>
                    <Unicode>der Uebersetzung, Leipzig 1760, S. 14. Dies ist</Unicode>
                </TextEquiv>
            </TextLine>
            <TextEquiv>
                <Unicode></Unicode>
            </TextEquiv>
        </TextRegion>
        <TextRegion id="r_11" custom="readingOrder {index:1;}">
            <Coords points="1288,374 2332,374 2332,2871 1288,2871"/>
            <TextLine id="r_11_tl_1" custom="readingOrder {index:0;}">
                <Coords points="1294,422 2307,429 2307,373 1480,355 1294,383"/>
                <Baseline points="1301,414 1346,414 1391,414 1436,414 1480,414 1525,414 1570,414 1615,414 1659,417 1704,417 1749,417 1794,417 1839,417 1883,414 1928,414 1973,414 2018,414 2063,414 2107,417 2152,417 2197,417 2242,417 2286,420 2310,423"/>
                <Word id="r_11_tl_1_w1" custom="readingOrder {index:0;}">
                    <Coords points="1300,374 1300,434 1351,434 1351,374"/>
                    <TextEquiv>
                        <Unicode>die</Unicode>
                    </TextEquiv>
                </Word>
                <Word id="r_11_tl_1_w2" custom="readingOrder {index:1;}">
                    <Coords points="1374,374 1374,434 1504,434 1504,374"/>
                    <TextEquiv>
                        <Unicode>Anzahl</Unicode>
                    </TextEquiv>
                </Word>
                <Word id="r_11_tl_1_w3" custom="readingOrder {index:2;}">
                    <Coords points="1527,374 1527,434 1583,434 1583,374"/>
                    <TextEquiv>
                        <Unicode>und</Unicode>
                    </TextEquiv>
                </Word>
                <Word id="r_11_tl_1_w4" custom="readingOrder {index:3;}">
                    <Coords points="1606,375 1606,435 1657,435 1657,375"/>
                    <TextEquiv>
                        <Unicode>der</Unicode>
                    </TextEquiv>
                </Word>
                <Word id="r_11_tl_1_w5" custom="readingOrder {index:4;}">
                    <Coords points="1686,377 1686,437 1935,437 1935,377"/>
                    <TextEquiv>
                        <Unicode>Haupthinhalt</Unicode>
                    </TextEquiv>
                </Word>
                <Word id="r_11_tl_1_w6" custom="readingOrder {index:5;}">
                    <Coords points="1958,374 1958,434 2009,434 2009,374"/>
                    <TextEquiv>
                        <Unicode>der</Unicode>
                    </TextEquiv>
                </Word>
                <Word id="r_11_tl_1_w7" custom="readingOrder {index:6;}">
                    <Coords points="2033,375 2033,435 2151,435 2151,375"/>
                    <TextEquiv>
                        <Unicode>Stücke</Unicode>
                    </TextEquiv>
                </Word>
                <Word id="r_11_tl_1_w8" custom="readingOrder {index:7;}">
                    <Coords points="2174,377 2174,437 2224,437 2224,377"/>
                    <TextEquiv>
                        <Unicode>des</Unicode>
                    </TextEquiv>
                </Word>
                <Word id="r_11_tl_1_w9" custom="readingOrder {index:8;}">
                    <Coords points="2259,379 2259,439 2304,439 2304,379"/>
                    <TextEquiv>
                        <Unicode>er=</Unicode>
                    </TextEquiv>
                </Word>
                <TextEquiv>
                    <Unicode>die Anzahl und der Haupthinhalt der Stücke des er=</Unicode>
                </TextEquiv>
            </TextLine>
            <TextLine id="r_11_tl_2" custom="readingOrder {index:1;}">
                <Coords points="1306,480 2307,498 2307,441 2253,428 1306,427"/>
                <Baseline points="1313,465 1358,465 1403,465 1447,462 1492,462 1537,462 1582,465 1627,465 1671,465 1716,468 1761,468 1806,465 1851,468 1895,468 1940,465 1985,465 2030,468 2074,465 2119,465 2164,468 2209,468 2254,471 2298,471 2310,477"/>
                <Word id="r_11_tl_2_w1" custom="readingOrder {index:0;}">
                    <Coords points="1301,425 1301,485 1353,485 1353,425"/>
                    <TextEquiv>
                        <Unicode>sten</Unicode>
                    </TextEquiv>
                </Word>
                <Word id="r_11_tl_2_w2" custom="readingOrder {index:1;}">
                    <Coords points="1386,422 1386,482 1539,482 1539,422"/>
                    <TextEquiv>
                        <Unicode>Jahres,</Unicode>
                    </TextEquiv>
                </Word>
                <Word id="r_11_tl_2_w3" custom="readingOrder {index:2;}">
                    <Coords points="1566,425 1566,485 1624,485 1624,425"/>
                    <TextEquiv>
                        <Unicode>das</Unicode>
                    </TextEquiv>
                </Word>
                <Word id="r_11_tl_2_w4" custom="readingOrder {index:3;}">
                    <Coords points="1651,425 1651,485 1677,485 1677,425"/>
                    <TextEquiv>
                        <Unicode>in</Unicode>
                    </TextEquiv>
                </Word>
                <Word id="r_11_tl_2_w5" custom="readingOrder {index:4;}">
                    <Coords points="1705,428 1705,488 1757,488 1757,428"/>
                    <TextEquiv>
                        <Unicode>der</Unicode>
                    </TextEquiv>
                </Word>
                <Word id="r_11_tl_2_w6" custom="readingOrder {index:5;}">
                    <Coords points="1779,426 1779,486 1885,486 1885,426"/>
                    <TextEquiv>
                        <Unicode>Miete</Unicode>
                    </TextEquiv>
                </Word>
                <Word id="r_11_tl_2_w7" custom="readingOrder {index:6;}">
                    <Coords points="1906,425 1906,485 2049,485 2049,425"/>
                    <TextEquiv>
                        <Unicode>anfieng.</Unicode>
                    </TextEquiv>
                </Word>
                <Word id="r_11_tl_2_w8" custom="readingOrder {index:7;}">
                    <Coords points="2108,427 2108,487 2193,487 2193,427"/>
                    <TextEquiv>
                        <Unicode>Eine</Unicode>
                    </TextEquiv>
                </Word>
                <Word id="r_11_tl_2_w9" custom="readingOrder {index:8;}">
                    <Coords points="2215,431 2215,491 2305,491 2305,431"/>
                    <TextEquiv>
                        <Unicode>nach¬</Unicode>
                    </TextEquiv>
                </Word>
                <TextEquiv>
                    <Unicode>sten Jahres, das in der Miete anfieng. Eine nach¬</Unicode>
                </TextEquiv>
            </TextLine>
            <TextLine id="r_11_tl_3" custom="readingOrder {index:2;}">
                <Coords points="1294,522 1523,548 1777,516 1875,543 1951,532 1951,487 1894,476 1294,483"/>
                <Baseline points="1301,513 1346,513 1391,513 1436,513 1480,513 1525,513 1570,516 1615,516 1659,516 1704,513 1749,516 1794,516 1839,516 1883,516 1928,519 1955,519"/>
                <Word id="r_11_tl_3_w1" custom="readingOrder {index:0;}">
                    <Coords points="1295,473 1295,533 1429,533 1429,473"/>
                    <TextEquiv>
                        <Unicode>barliche</Unicode>
                    </TextEquiv>
                </Word>
                <Word id="r_11_tl_3_w2" custom="readingOrder {index:1;}">
                    <Coords points="1453,474 1453,534 1649,534 1649,474"/>
                    <TextEquiv>
                        <Unicode>Fortsetzung</Unicode>
                    </TextEquiv>
                </Word>
                <Word id="r_11_tl_3_w3" custom="readingOrder {index:2;}">
                    <Coords points="1678,473 1678,533 1756,533 1756,473"/>
                    <TextEquiv>
                        <Unicode>wird</Unicode>
                    </TextEquiv>
                </Word>
                <Word id="r_11_tl_3_w4" custom="readingOrder {index:3;}">
                    <Coords points="1779,476 1779,536 1942,536 1942,476"/>
                    <TextEquiv>
                        <Unicode>erfolgen.</Unicode>
                    </TextEquiv>
                </Word>
                <TextEquiv>
                    <Unicode>barliche Fortsetzung wird erfolgen.</Unicode>
                </TextEquiv>
            </TextLine>
            <TextLine id="r_11_tl_4" custom="readingOrder {index:3;}">
                <Coords points="1703,618 1745,627 1763,615 1769,622 1805,620 1842,631 1856,623 1874,633 1900,622 1899,554 1884,552 1844,569 1818,560 1755,568 1702,559"/>
                <Baseline points="1710,612 1755,612 1800,615 1845,615 1889,615 1904,615"/>
                <Word id="r_11_tl_4_w1" custom="readingOrder {index:0;}">
                    <Coords points="1706,574 1706,634 1893,634 1893,574"/>
                    <TextEquiv>
                        <Unicode>Berlin.</Unicode>
                    </TextEquiv>
                </Word>
                <TextEquiv>
                    <Unicode>Berlin.</Unicode>
                </TextEquiv>
            </TextLine>
            <TextLine id="r_11_tl_5" custom="readingOrder {index:4;}">
                <Coords points="1345,674 2309,676 2294,611 1345,614"/>
                <Baseline points="1352,653 1397,656 1442,659 1486,659 1531,659 1576,662 1621,659 1665,659 1710,659 1755,662 1800,665 1845,665 1889,665 1934,665 1979,665 2024,665 2068,665 2113,665 2158,665 2203,665 2248,665 2292,662 2313,665"/>
                <Word id="r_11_tl_5_w1" custom="readingOrder {index:0;}">
                    <Coords points="1353,618 1353,678 1515,678 1515,618"/>
                    <TextEquiv>
                        <Unicode>Poetische</Unicode>
                    </TextEquiv>
                </Word>
                <Word id="r_11_tl_5_w2" custom="readingOrder {index:1;}">
                    <Coords points="1534,620 1534,680 1672,680 1672,620"/>
                    <TextEquiv>
                        <Unicode>Einfälle</Unicode>
                    </TextEquiv>
                </Word>
                <Word id="r_11_tl_5_w3" custom="readingOrder {index:2;}">
                    <Coords points="1696,619 1696,679 1750,679 1750,619"/>
                    <TextEquiv>
                        <Unicode>von</Unicode>
                    </TextEquiv>
                </Word>
                <Word id="r_11_tl_5_w4" custom="readingOrder {index:3;}">
                    <Coords points="1781,625 1781,685 1822,685 1822,625"/>
                    <TextEquiv>
                        <Unicode>A.</Unicode>
                    </TextEquiv>
                </Word>
                <Word id="r_11_tl_5_w5" custom="readingOrder {index:4;}">
                    <Coords points="1841,625 1841,685 1877,685 1877,625"/>
                    <TextEquiv>
                        <Unicode>L.</Unicode>
                    </TextEquiv>
                </Word>
                <Word id="r_11_tl_5_w6" custom="readingOrder {index:5;}">
                    <Coords points="1895,625 1895,685 2088,685 2088,625"/>
                    <TextEquiv>
                        <Unicode>Karschin</Unicode>
                    </TextEquiv>
                </Word>
                <Word id="r_11_tl_5_w7" custom="readingOrder {index:6;}">
                    <Coords points="2119,625 2119,685 2227,685 2227,625"/>
                    <TextEquiv>
                        <Unicode>1764,</Unicode>
                    </TextEquiv>
                </Word>
                <Word id="r_11_tl_5_w8" custom="readingOrder {index:7;}">
                    <Coords points="2239,623 2239,683 2299,683 2299,623"/>
                    <TextEquiv>
                        <Unicode>1ste</Unicode>
                    </TextEquiv>
                </Word>
                <TextEquiv>
                    <Unicode>Poetische Einfälle von A. L. Karschin 1764, 1ste</Unicode>
                </TextEquiv>
            </TextLine>
            <TextLine id="r_11_tl_6" custom="readingOrder {index:5;}">
                <Coords points="1303,725 2304,726 2304,685 2252,674 1303,671"/>
                <Baseline points="1310,710 1355,710 1400,710 1444,710 1489,710 1534,713 1579,713 1624,710 1668,710 1713,713 1758,713 1803,713 1848,713 1892,713 1937,710 1982,713 2027,713 2071,713 2116,713 2161,713 2206,713 2251,716 2295,713 2307,716"/>
                <Word id="r_11_tl_6_w1" custom="readingOrder {index:0;}">
                    <Coords points="1303,670 1303,730 1530,730 1530,670"/>
                    <TextEquiv>
                        <Unicode>Sammlung,</Unicode>
                    </TextEquiv>
                </Word>
                <Word id="r_11_tl_6_w2" custom="readingOrder {index:1;}">
                    <Coords points="1562,673 1562,733 1577,733 1577,673"/>
                    <TextEquiv>
                        <Unicode>4</Unicode>
                    </TextEquiv>
                </Word>
                <Word id="r_11_tl_6_w3" custom="readingOrder {index:2;}">
                    <Coords points="1608,670 1608,730 1727,730 1727,670"/>
                    <TextEquiv>
                        <Unicode>Bogen</Unicode>
                    </TextEquiv>
                </Word>
                <Word id="r_11_tl_6_w4" custom="readingOrder {index:3;}">
                    <Coords points="1764,673 1764,733 1789,733 1789,673"/>
                    <TextEquiv>
                        <Unicode>in</Unicode>
                    </TextEquiv>
                </Word>
                <Word id="r_11_tl_6_w5" custom="readingOrder {index:4;}">
                    <Coords points="1821,673 1821,733 1882,733 1882,673"/>
                    <TextEquiv>
                        <Unicode>32.</Unicode>
                    </TextEquiv>
                </Word>
                <Word id="r_11_tl_6_w6" custom="readingOrder {index:5;}">
                    <Coords points="1930,672 1930,732 2007,732 2007,672"/>
                    <TextEquiv>
                        <Unicode>Die</Unicode>
                    </TextEquiv>
                </Word>
                <Word id="r_11_tl_6_w7" custom="readingOrder {index:6;}">
                    <Coords points="2038,673 2038,733 2297,733 2297,673"/>
                    <TextEquiv>
                        <Unicode>Bewunderung</Unicode>
                    </TextEquiv>
                </Word>
                <TextEquiv>
                    <Unicode>Sammlung, 4 Bogen in 32. Die Bewunderung</Unicode>
                </TextEquiv>
            </TextLine>
            <TextLine id="r_11_tl_7" custom="readingOrder {index:6;}">
                <Coords points="1294,776 2307,774 2307,726 2249,720 1294,731"/>
                <Baseline points="1301,758 1346,758 1391,758 1436,758 1480,758 1525,758 1570,761 1615,758 1659,758 1704,761 1749,761 1794,761 1839,761 1883,758 1928,761 1973,761 2018,761 2063,761 2107,764 2152,764 2197,764 2242,764 2286,764 2310,761"/>
                <Word id="r_11_tl_7_w1" custom="readingOrder {index:0;}">
                    <Coords points="1299,718 1299,778 1357,778 1357,718"/>
                    <TextEquiv>
                        <Unicode>und</Unicode>
                    </TextEquiv>
                </Word>
                <Word id="r_11_tl_7_w2" custom="readingOrder {index:1;}">
                    <Coords points="1389,718 1389,778 1436,778 1436,718"/>
                    <TextEquiv>
                        <Unicode>der</Unicode>
                    </TextEquiv>
                </Word>
                <Word id="r_11_tl_7_w3" custom="readingOrder {index:2;}">
                    <Coords points="1458,718 1458,778 1595,778 1595,718"/>
                    <TextEquiv>
                        <Unicode>Beyfall</Unicode>
                    </TextEquiv>
                </Word>
                <Word id="r_11_tl_7_w4" custom="readingOrder {index:3;}">
                    <Coords points="1612,718 1612,778 1669,778 1669,718"/>
                    <TextEquiv>
                        <Unicode>sind</Unicode>
                    </TextEquiv>
                </Word>
                <Word id="r_11_tl_7_w5" custom="readingOrder {index:4;}">
                    <Coords points="1696,721 1696,781 1743,781 1743,721"/>
                    <TextEquiv>
                        <Unicode>oft</Unicode>
                    </TextEquiv>
                </Word>
                <Word id="r_11_tl_7_w6" custom="readingOrder {index:5;}">
                    <Coords points="1760,721 1760,781 1807,781 1807,721"/>
                    <TextEquiv>
                        <Unicode>die</Unicode>
                    </TextEquiv>
                </Word>
                <Word id="r_11_tl_7_w7" custom="readingOrder {index:6;}">
                    <Coords points="1829,719 1829,779 1902,779 1902,719"/>
                    <TextEquiv>
                        <Unicode>erste</Unicode>
                    </TextEquiv>
                </Word>
                <Word id="r_11_tl_7_w8" custom="readingOrder {index:7;}">
                    <Coords points="1919,721 1919,781 2045,781 2045,721"/>
                    <TextEquiv>
                        <Unicode>Ursache</Unicode>
                    </TextEquiv>
                </Word>
                <Word id="r_11_tl_7_w9" custom="readingOrder {index:8;}">
                    <Coords points="2073,723 2073,783 2125,783 2125,723"/>
                    <TextEquiv>
                        <Unicode>von</Unicode>
                    </TextEquiv>
                </Word>
                <Word id="r_11_tl_7_w10" custom="readingOrder {index:9;}">
                    <Coords points="2152,724 2152,784 2199,784 2199,724"/>
                    <TextEquiv>
                        <Unicode>dem</Unicode>
                    </TextEquiv>
                </Word>
                <Word id="r_11_tl_7_w11" custom="readingOrder {index:10;}">
                    <Coords points="2231,724 2231,784 2305,784 2305,724"/>
                    <TextEquiv>
                        <Unicode>Fall</Unicode>
                    </TextEquiv>
                </Word>
                <TextEquiv>
                    <Unicode>und der Beyfall sind oft die erste Ursache von dem Fall</Unicode>
                </TextEquiv>
            </TextLine>
            <TextLine id="r_11_tl_8" custom="readingOrder {index:7;}">
                <Coords points="1297,822 2309,816 2285,769 1297,774"/>
                <Baseline points="1304,812 1349,806 1394,806 1439,806 1483,806 1528,806 1573,806 1618,806 1662,809 1707,809 1752,809 1797,812 1842,812 1886,812 1931,809 1976,809 2021,809 2065,809 2110,812 2155,812 2200,812 2245,812 2289,812 2313,812"/>
                <Word id="r_11_tl_8_w1" custom="readingOrder {index:0;}">
                    <Coords points="1302,766 1302,826 1413,826 1413,766"/>
                    <TextEquiv>
                        <Unicode>großer</Unicode>
                    </TextEquiv>
                </Word>
                <Word id="r_11_tl_8_w2" custom="readingOrder {index:1;}">
                    <Coords points="1440,766 1440,826 1566,826 1566,766"/>
                    <TextEquiv>
                        <Unicode>Genies</Unicode>
                    </TextEquiv>
                </Word>
                <Word id="r_11_tl_8_w3" custom="readingOrder {index:2;}">
                    <Coords points="1593,769 1593,829 1746,829 1746,769"/>
                    <TextEquiv>
                        <Unicode>gewesen,</Unicode>
                    </TextEquiv>
                </Word>
                <Word id="r_11_tl_8_w4" custom="readingOrder {index:3;}">
                    <Coords points="1773,772 1773,832 1831,832 1831,772"/>
                    <TextEquiv>
                        <Unicode>und</Unicode>
                    </TextEquiv>
                </Word>
                <Word id="r_11_tl_8_w5" custom="readingOrder {index:4;}">
                    <Coords points="1858,769 1858,829 1989,829 1989,769"/>
                    <TextEquiv>
                        <Unicode>obgleich</Unicode>
                    </TextEquiv>
                </Word>
                <Word id="r_11_tl_8_w6" custom="readingOrder {index:5;}">
                    <Coords points="2022,769 2022,829 2095,829 2095,769"/>
                    <TextEquiv>
                        <Unicode>diese</Unicode>
                    </TextEquiv>
                </Word>
                <Word id="r_11_tl_8_w7" custom="readingOrder {index:6;}">
                    <Coords points="2122,772 2122,832 2301,832 2301,772"/>
                    <TextEquiv>
                        <Unicode>Wahrheit</Unicode>
                    </TextEquiv>
                </Word>
                <TextEquiv>
                    <Unicode>großer Genies gewesen, und obgleich diese Wahrheit</Unicode>
                </TextEquiv>
            </TextLine>
            <TextLine id="r_11_tl_9" custom="readingOrder {index:8;}">
                <Coords points="1300,862 2309,874 2299,819 1300,825"/>
                <Baseline points="1307,853 1352,853 1397,853 1442,853 1486,853 1531,856 1576,856 1621,856 1665,856 1710,856 1755,856 1800,856 1845,859 1889,856 1934,859 1979,859 2024,859 2068,859 2113,859 2158,859 2203,859 2248,859 2292,862 2313,859"/>
                <Word id="r_11_tl_9_w1" custom="readingOrder {index:0;}">
                    <Coords points="1300,813 1300,873 1372,873 1372,813"/>
                    <TextEquiv>
                        <Unicode>nach</Unicode>
                    </TextEquiv>
                </Word>
                <Word id="r_11_tl_9_w2" custom="readingOrder {index:1;}">
                    <Coords points="1404,813 1404,873 1486,873 1486,813"/>
                    <TextEquiv>
                        <Unicode>einer</Unicode>
                    </TextEquiv>
                </Word>
                <Word id="r_11_tl_9_w3" custom="readingOrder {index:2;}">
                    <Coords points="1513,816 1513,876 1668,876 1668,816"/>
                    <TextEquiv>
                        <Unicode>Sentenz</Unicode>
                    </TextEquiv>
                </Word>
                <Word id="r_11_tl_9_w4" custom="readingOrder {index:3;}">
                    <Coords points="1689,816 1689,876 1850,876 1850,816"/>
                    <TextEquiv>
                        <Unicode>schmeckt:</Unicode>
                    </TextEquiv>
                </Word>
                <Word id="r_11_tl_9_w5" custom="readingOrder {index:4;}">
                    <Coords points="1877,816 1877,876 1907,876 1907,816"/>
                    <TextEquiv>
                        <Unicode>so</Unicode>
                    </TextEquiv>
                </Word>
                <Word id="r_11_tl_9_w6" custom="readingOrder {index:5;}">
                    <Coords points="1934,819 1934,879 2037,879 2037,819"/>
                    <TextEquiv>
                        <Unicode>finden</Unicode>
                    </TextEquiv>
                </Word>
                <Word id="r_11_tl_9_w7" custom="readingOrder {index:6;}">
                    <Coords points="2074,819 2074,879 2130,879 2130,819"/>
                    <TextEquiv>
                        <Unicode>wir</Unicode>
                    </TextEquiv>
                </Word>
                <Word id="r_11_tl_9_w8" custom="readingOrder {index:7;}">
                    <Coords points="2162,819 2162,879 2198,879 2198,819"/>
                    <TextEquiv>
                        <Unicode>sie</Unicode>
                    </TextEquiv>
                </Word>
                <Word id="r_11_tl_9_w9" custom="readingOrder {index:8;}">
                    <Coords points="2230,820 2230,880 2296,880 2296,820"/>
                    <TextEquiv>
                        <Unicode>doch</Unicode>
                    </TextEquiv>
                </Word>
                <TextEquiv>
                    <Unicode>nach einer Sentenz schmeckt: so finden wir sie doch</Unicode>
                </TextEquiv>
            </TextLine>
            <TextLine id="r_11_tl_10" custom="readingOrder {index:9;}">
                <Coords points="1294,911 2263,925 2309,922 2309,875 2083,864 2021,897 1916,859 1293,856"/>
                <Baseline points="1301,901 1346,904 1391,904 1436,904 1480,904 1525,901 1570,904 1615,904 1659,907 1704,907 1749,907 1794,907 1839,907 1883,907 1928,907 1973,907 2018,907 2063,907 2107,907 2152,907 2197,907 2242,907 2286,907 2313,907"/>
                <Word id="r_11_tl_10_w1" custom="readingOrder {index:0;}">
                    <Coords points="1299,864 1299,924 1412,924 1412,864"/>
                    <TextEquiv>
                        <Unicode>täglich</Unicode>
                    </TextEquiv>
                </Word>
                <Word id="r_11_tl_10_w2" custom="readingOrder {index:1;}">
                    <Coords points="1441,863 1441,923 1525,923 1525,863"/>
                    <TextEquiv>
                        <Unicode>durch</Unicode>
                    </TextEquiv>
                </Word>
                <Word id="r_11_tl_10_w3" custom="readingOrder {index:2;}">
                    <Coords points="1554,864 1554,924 1598,924 1598,864"/>
                    <TextEquiv>
                        <Unicode>die</Unicode>
                    </TextEquiv>
                </Word>
                <Word id="r_11_tl_10_w4" custom="readingOrder {index:3;}">
                    <Coords points="1622,867 1622,927 1808,927 1808,867"/>
                    <TextEquiv>
                        <Unicode>Erfahrung</Unicode>
                    </TextEquiv>
                </Word>
                <Word id="r_11_tl_10_w5" custom="readingOrder {index:4;}">
                    <Coords points="1832,867 1832,927 1995,927 1995,867"/>
                    <TextEquiv>
                        <Unicode>bestätigt.</Unicode>
                    </TextEquiv>
                </Word>
                <Word id="r_11_tl_10_w6" custom="readingOrder {index:5;}">
                    <Coords points="2058,867 2058,927 2131,927 2131,867"/>
                    <TextEquiv>
                        <Unicode>Die</Unicode>
                    </TextEquiv>
                </Word>
                <Word id="r_11_tl_10_w7" custom="readingOrder {index:6;}">
                    <Coords points="2159,867 2159,927 2300,927 2300,867"/>
                    <TextEquiv>
                        <Unicode>Vergöt¬</Unicode>
                    </TextEquiv>
                </Word>
                <TextEquiv>
                    <Unicode>täglich durch die Erfahrung bestätigt. Die Vergöt¬</Unicode>
                </TextEquiv>
            </TextLine>
            <TextLine id="r_11_tl_11" custom="readingOrder {index:10;}">
                <Coords points="1303,959 2309,971 2309,917 1303,915"/>
                <Baseline points="1310,952 1355,952 1400,952 1444,949 1489,952 1534,952 1579,952 1624,952 1668,952 1713,955 1758,955 1803,955 1848,955 1892,955 1937,958 1982,955 2027,955 2071,955 2116,955 2161,955 2206,955 2251,955 2295,958 2313,955"/>
                <Word id="r_11_tl_11_w1" custom="readingOrder {index:0;}">
                    <Coords points="1298,912 1298,972 1430,972 1430,912"/>
                    <TextEquiv>
                        <Unicode>terung,</Unicode>
                    </TextEquiv>
                </Word>
                <Word id="r_11_tl_11_w2" custom="readingOrder {index:1;}">
                    <Coords points="1452,912 1452,972 1568,972 1568,912"/>
                    <TextEquiv>
                        <Unicode>womit</Unicode>
                    </TextEquiv>
                </Word>
                <Word id="r_11_tl_11_w3" custom="readingOrder {index:2;}">
                    <Coords points="1590,912 1590,972 1637,972 1637,912"/>
                    <TextEquiv>
                        <Unicode>die</Unicode>
                    </TextEquiv>
                </Word>
                <Word id="r_11_tl_11_w4" custom="readingOrder {index:3;}">
                    <Coords points="1659,913 1659,973 1722,973 1722,913"/>
                    <TextEquiv>
                        <Unicode>Fr.</Unicode>
                    </TextEquiv>
                </Word>
                <Word id="r_11_tl_11_w5" custom="readingOrder {index:4;}">
                    <Coords points="1739,915 1739,975 1935,975 1935,915"/>
                    <TextEquiv>
                        <Unicode>Karschin</Unicode>
                    </TextEquiv>
                </Word>
                <Word id="r_11_tl_11_w6" custom="readingOrder {index:5;}">
                    <Coords points="1962,915 1962,975 1994,975 1994,915"/>
                    <TextEquiv>
                        <Unicode>zu</Unicode>
                    </TextEquiv>
                </Word>
                <Word id="r_11_tl_11_w7" custom="readingOrder {index:6;}">
                    <Coords points="2026,915 2026,975 2111,975 2111,915"/>
                    <TextEquiv>
                        <Unicode>ihrem</Unicode>
                    </TextEquiv>
                </Word>
                <Word id="r_11_tl_11_w8" custom="readingOrder {index:7;}">
                    <Coords points="2148,915 2148,975 2302,975 2302,915"/>
                    <TextEquiv>
                        <Unicode>Vortheil</Unicode>
                    </TextEquiv>
                </Word>
                <TextEquiv>
                    <Unicode>terung, womit die Fr. Karschin zu ihrem Vortheil</Unicode>
                </TextEquiv>
            </TextLine>
            <TextLine id="r_11_tl_12" custom="readingOrder {index:11;}">
                <Coords points="1297,1008 2242,1030 2309,1014 2308,971 1295,954"/>
                <Baseline points="1304,1000 1349,1000 1394,1000 1439,997 1483,1000 1528,1000 1573,1000 1618,1000 1662,1000 1707,1000 1752,1000 1797,1000 1842,1000 1886,1000 1931,1003 1976,1003 2021,1003 2065,1003 2110,1006 2155,1003 2200,1006 2245,1006 2289,1006 2313,1003"/>
                <Word id="r_11_tl_12_w1" custom="readingOrder {index:0;}">
                    <Coords points="1300,960 1300,1020 1387,1020 1387,960"/>
                    <TextEquiv>
                        <Unicode>ihrer</Unicode>
                    </TextEquiv>
                </Word>
                <Word id="r_11_tl_12_w2" custom="readingOrder {index:1;}">
                    <Coords points="1408,959 1408,1019 1542,1019 1542,959"/>
                    <TextEquiv>
                        <Unicode>wirklich</Unicode>
                    </TextEquiv>
                </Word>
                <Word id="r_11_tl_12_w3" custom="readingOrder {index:2;}">
                    <Coords points="1573,960 1573,1020 1692,1020 1692,960"/>
                    <TextEquiv>
                        <Unicode>schönen</Unicode>
                    </TextEquiv>
                </Word>
                <Word id="r_11_tl_12_w4" custom="readingOrder {index:3;}">
                    <Coords points="1724,960 1724,1020 1971,1020 1971,960"/>
                    <TextEquiv>
                        <Unicode>Dichtungsart</Unicode>
                    </TextEquiv>
                </Word>
                <Word id="r_11_tl_12_w5" custom="readingOrder {index:4;}">
                    <Coords points="1988,963 1988,1023 2090,1023 2090,963"/>
                    <TextEquiv>
                        <Unicode>wegen</Unicode>
                    </TextEquiv>
                </Word>
                <Word id="r_11_tl_12_w6" custom="readingOrder {index:5;}">
                    <Coords points="2122,964 2122,1024 2152,1024 2152,964"/>
                    <TextEquiv>
                        <Unicode>ist</Unicode>
                    </TextEquiv>
                </Word>
                <Word id="r_11_tl_12_w7" custom="readingOrder {index:6;}">
                    <Coords points="2173,966 2173,1026 2302,1026 2302,966"/>
                    <TextEquiv>
                        <Unicode>beehret</Unicode>
                    </TextEquiv>
                </Word>
                <TextEquiv>
                    <Unicode>ihrer wirklich schönen Dichtungsart wegen ist beehret</Unicode>
                </TextEquiv>
            </TextLine>
            <TextLine id="r_11_tl_13" custom="readingOrder {index:12;}">
                <Coords points="1300,1053 2309,1070 2300,1013 1300,1010"/>
                <Baseline points="1307,1044 1352,1044 1397,1047 1442,1047 1486,1047 1531,1047 1576,1047 1621,1047 1665,1047 1710,1047 1755,1044 1800,1044 1845,1044 1889,1047 1934,1047 1979,1047 2024,1047 2068,1047 2113,1050 2158,1050 2203,1053 2248,1053 2292,1056 2313,1059"/>
                <Word id="r_11_tl_13_w1" custom="readingOrder {index:0;}">
                    <Coords points="1300,1005 1300,1065 1455,1065 1455,1005"/>
                    <TextEquiv>
                        <Unicode>worden,</Unicode>
                    </TextEquiv>
                </Word>
                <Word id="r_11_tl_13_w2" custom="readingOrder {index:1;}">
                    <Coords points="1481,1007 1481,1067 1540,1067 1540,1007"/>
                    <TextEquiv>
                        <Unicode>hat</Unicode>
                    </TextEquiv>
                </Word>
                <Word id="r_11_tl_13_w3" custom="readingOrder {index:2;}">
                    <Coords points="1562,1007 1562,1067 1586,1067 1586,1007"/>
                    <TextEquiv>
                        <Unicode>es</Unicode>
                    </TextEquiv>
                </Word>
                <Word id="r_11_tl_13_w4" custom="readingOrder {index:3;}">
                    <Coords points="1617,1007 1617,1067 1773,1067 1773,1007"/>
                    <TextEquiv>
                        <Unicode>vielleicht</Unicode>
                    </TextEquiv>
                </Word>
                <Word id="r_11_tl_13_w5" custom="readingOrder {index:4;}">
                    <Coords points="1788,1004 1788,1064 1849,1064 1849,1004"/>
                    <TextEquiv>
                        <Unicode>mit</Unicode>
                    </TextEquiv>
                </Word>
                <Word id="r_11_tl_13_w6" custom="readingOrder {index:5;}">
                    <Coords points="1869,1007 1869,1067 2071,1067 2071,1007"/>
                    <TextEquiv>
                        <Unicode>verursacht,</Unicode>
                    </TextEquiv>
                </Word>
                <Word id="r_11_tl_13_w7" custom="readingOrder {index:6;}">
                    <Coords points="2107,1010 2107,1070 2161,1070 2161,1010"/>
                    <TextEquiv>
                        <Unicode>daß</Unicode>
                    </TextEquiv>
                </Word>
                <Word id="r_11_tl_13_w8" custom="readingOrder {index:7;}">
                    <Coords points="2187,1013 2187,1073 2222,1073 2222,1013"/>
                    <TextEquiv>
                        <Unicode>sie</Unicode>
                    </TextEquiv>
                </Word>
                <Word id="r_11_tl_13_w9" custom="readingOrder {index:8;}">
                    <Coords points="2247,1014 2247,1074 2302,1074 2302,1014"/>
                    <TextEquiv>
                        <Unicode>auf</Unicode>
                    </TextEquiv>
                </Word>
                <TextEquiv>
                    <Unicode>worden, hat es vielleicht mit verursacht, daß sie auf</Unicode>
                </TextEquiv>
            </TextLine>
            <TextLine id="r_11_tl_14" custom="readingOrder {index:13;}">
                <Coords points="1303,1109 2260,1123 2309,1113 2309,1071 1302,1056"/>
                <Baseline points="1310,1095 1355,1092 1400,1092 1444,1095 1489,1095 1534,1092 1579,1092 1624,1092 1668,1092 1713,1092 1758,1092 1803,1092 1848,1092 1892,1092 1937,1092 1982,1092 2027,1092 2071,1095 2116,1098 2161,1101 2206,1101 2251,1101 2295,1107 2313,1107"/>
                <Word id="r_11_tl_14_w1" custom="readingOrder {index:0;}">
                    <Coords points="1302,1052 1302,1112 1476,1112 1476,1052"/>
                    <TextEquiv>
                        <Unicode>Rechnung</Unicode>
                    </TextEquiv>
                </Word>
                <Word id="r_11_tl_14_w2" custom="readingOrder {index:1;}">
                    <Coords points="1503,1052 1503,1112 1661,1112 1661,1052"/>
                    <TextEquiv>
                        <Unicode>schönerer</Unicode>
                    </TextEquiv>
                </Word>
                <Word id="r_11_tl_14_w3" custom="readingOrder {index:2;}">
                    <Coords points="1683,1052 1683,1112 1804,1112 1804,1052"/>
                    <TextEquiv>
                        <Unicode>Stücke</Unicode>
                    </TextEquiv>
                </Word>
                <Word id="r_11_tl_14_w4" custom="readingOrder {index:3;}">
                    <Coords points="1831,1052 1831,1112 1894,1112 1894,1052"/>
                    <TextEquiv>
                        <Unicode>auch</Unicode>
                    </TextEquiv>
                </Word>
                <Word id="r_11_tl_14_w5" custom="readingOrder {index:4;}">
                    <Coords points="1927,1052 1927,1112 2026,1112 2026,1052"/>
                    <TextEquiv>
                        <Unicode>einige</Unicode>
                    </TextEquiv>
                </Word>
                <Word id="r_11_tl_14_w6" custom="readingOrder {index:5;}">
                    <Coords points="2053,1061 2053,1121 2301,1121 2301,1061"/>
                    <TextEquiv>
                        <Unicode>mittelmäßige,</Unicode>
                    </TextEquiv>
                </Word>
                <TextEquiv>
                    <Unicode>Rechnung schönerer Stücke auch einige mittelmäßige,</Unicode>
                </TextEquiv>
            </TextLine>
            <TextLine id="r_11_tl_15" custom="readingOrder {index:14;}">
                <Coords points="1297,1148 2304,1158 2286,1113 1297,1108"/>
                <Baseline points="1304,1143 1349,1140 1394,1140 1439,1143 1483,1140 1528,1140 1573,1140 1618,1140 1662,1143 1707,1143 1752,1143 1797,1140 1842,1140 1886,1140 1931,1140 1976,1140 2021,1140 2065,1143 2110,1143 2155,1146 2200,1146 2245,1149 2289,1152 2307,1152"/>
                <Word id="r_11_tl_15_w1" custom="readingOrder {index:0;}">
                    <Coords points="1302,1101 1302,1161 1349,1161 1349,1101"/>
                    <TextEquiv>
                        <Unicode>als</Unicode>
                    </TextEquiv>
                </Word>
                <Word id="r_11_tl_15_w2" custom="readingOrder {index:1;}">
                    <Coords points="1376,1100 1376,1160 1592,1160 1592,1100"/>
                    <TextEquiv>
                        <Unicode>Parenthesen</Unicode>
                    </TextEquiv>
                </Word>
                <Word id="r_11_tl_15_w3" custom="readingOrder {index:2;}">
                    <Coords points="1625,1102 1625,1162 1682,1162 1682,1102"/>
                    <TextEquiv>
                        <Unicode>und</Unicode>
                    </TextEquiv>
                </Word>
                <Word id="r_11_tl_15_w4" custom="readingOrder {index:3;}">
                    <Coords points="1709,1100 1709,1160 1979,1160 1979,1100"/>
                    <TextEquiv>
                        <Unicode>Zwischenstände</Unicode>
                    </TextEquiv>
                </Word>
                <Word id="r_11_tl_15_w5" custom="readingOrder {index:4;}">
                    <Coords points="2006,1100 2006,1160 2058,1160 2058,1100"/>
                    <TextEquiv>
                        <Unicode>von</Unicode>
                    </TextEquiv>
                </Word>
                <Word id="r_11_tl_15_w6" custom="readingOrder {index:5;}">
                    <Coords points="2091,1103 2091,1163 2138,1163 2138,1103"/>
                    <TextEquiv>
                        <Unicode>dem</Unicode>
                    </TextEquiv>
                </Word>
                <Word id="r_11_tl_15_w7" custom="readingOrder {index:6;}">
                    <Coords points="2175,1108 2175,1168 2302,1168 2302,1108"/>
                    <TextEquiv>
                        <Unicode>horazi¬</Unicode>
                    </TextEquiv>
                </Word>
                <TextEquiv>
                    <Unicode>als Parenthesen und Zwischenstände von dem horazi¬</Unicode>
                </TextEquiv>
            </TextLine>
            <TextLine id="r_11_tl_16" custom="readingOrder {index:15;}">
                <Coords points="1309,1202 2308,1205 2308,1157 1309,1151"/>
                <Baseline points="1316,1191 1361,1188 1406,1188 1450,1188 1495,1188 1540,1188 1585,1188 1630,1188 1674,1191 1719,1191 1764,1188 1809,1188 1854,1188 1898,1191 1943,1191 1988,1188 2033,1188 2077,1191 2122,1188 2167,1191 2212,1194 2257,1197 2301,1197 2310,1197"/>
                <Word id="r_11_tl_16_w1" custom="readingOrder {index:0;}">
                    <Coords points="1304,1149 1304,1209 1380,1209 1380,1149"/>
                    <TextEquiv>
                        <Unicode>schen</Unicode>
                    </TextEquiv>
                </Word>
                <Word id="r_11_tl_16_w2" custom="readingOrder {index:1;}">
                    <Coords points="1412,1148 1412,1208 1587,1208 1587,1148"/>
                    <TextEquiv>
                        <Unicode>Odengeist</Unicode>
                    </TextEquiv>
                </Word>
                <Word id="r_11_tl_16_w3" custom="readingOrder {index:2;}">
                    <Coords points="1614,1148 1614,1208 1644,1208 1644,1148"/>
                    <TextEquiv>
                        <Unicode>zu</Unicode>
                    </TextEquiv>
                </Word>
                <Word id="r_11_tl_16_w4" custom="readingOrder {index:3;}">
                    <Coords points="1676,1151 1676,1211 1727,1211 1727,1151"/>
                    <TextEquiv>
                        <Unicode>dem</Unicode>
                    </TextEquiv>
                </Word>
                <Word id="r_11_tl_16_w5" custom="readingOrder {index:4;}">
                    <Coords points="1774,1148 1774,1208 1934,1208 1934,1148"/>
                    <TextEquiv>
                        <Unicode>gemeinen</Unicode>
                    </TextEquiv>
                </Word>
                <Word id="r_11_tl_16_w6" custom="readingOrder {index:5;}">
                    <Coords points="1966,1149 1966,1209 2151,1209 2151,1149"/>
                    <TextEquiv>
                        <Unicode>stachellosen</Unicode>
                    </TextEquiv>
                </Word>
                <Word id="r_11_tl_16_w7" custom="readingOrder {index:6;}">
                    <Coords points="2178,1155 2178,1215 2301,1215 2301,1155"/>
                    <TextEquiv>
                        <Unicode>Einfall</Unicode>
                    </TextEquiv>
                </Word>
                <TextEquiv>
                    <Unicode>schen Odengeist zu dem gemeinen stachellosen Einfall</Unicode>
                </TextEquiv>
            </TextLine>
            <TextLine id="r_11_tl_17" custom="readingOrder {index:16;}">
                <Coords points="1300,1239 2309,1250 2309,1206 1300,1200"/>
                <Baseline points="1307,1236 1352,1236 1397,1236 1442,1236 1486,1236 1531,1236 1576,1236 1621,1236 1665,1236 1710,1236 1755,1238 1800,1236 1845,1238 1889,1238 1934,1241 1979,1238 2024,1238 2068,1238 2113,1238 2158,1238 2203,1238 2248,1238 2292,1241 2313,1238"/>
                <Word id="r_11_tl_17_w1" custom="readingOrder {index:0;}">
                    <Coords points="1300,1196 1300,1256 1350,1256 1350,1196"/>
                    <TextEquiv>
                        <Unicode>der</Unicode>
                    </TextEquiv>
                </Word>
                <Word id="r_11_tl_17_w2" custom="readingOrder {index:1;}">
                    <Coords points="1371,1196 1371,1256 1461,1256 1461,1196"/>
                    <TextEquiv>
                        <Unicode>Welt</Unicode>
                    </TextEquiv>
                </Word>
                <Word id="r_11_tl_17_w3" custom="readingOrder {index:2;}">
                    <Coords points="1482,1196 1482,1256 1649,1256 1649,1196"/>
                    <TextEquiv>
                        <Unicode>mittheilt.</Unicode>
                    </TextEquiv>
                </Word>
                <Word id="r_11_tl_17_w4" custom="readingOrder {index:3;}">
                    <Coords points="1695,1197 1695,1257 1801,1257 1801,1197"/>
                    <TextEquiv>
                        <Unicode>Nicht</Unicode>
                    </TextEquiv>
                </Word>
                <Word id="r_11_tl_17_w5" custom="readingOrder {index:4;}">
                    <Coords points="1821,1198 1821,1258 1892,1258 1892,1198"/>
                    <TextEquiv>
                        <Unicode>dran</Unicode>
                    </TextEquiv>
                </Word>
                <Word id="r_11_tl_17_w6" custom="readingOrder {index:5;}">
                    <Coords points="1923,1200 1923,1260 1952,1260 1952,1200"/>
                    <TextEquiv>
                        <Unicode>zu</Unicode>
                    </TextEquiv>
                </Word>
                <Word id="r_11_tl_17_w7" custom="readingOrder {index:6;}">
                    <Coords points="1978,1198 1978,1258 2150,1258 2150,1198"/>
                    <TextEquiv>
                        <Unicode>gedenken,</Unicode>
                    </TextEquiv>
                </Word>
                <Word id="r_11_tl_17_w8" custom="readingOrder {index:7;}">
                    <Coords points="2171,1198 2171,1258 2221,1258 2221,1198"/>
                    <TextEquiv>
                        <Unicode>daß</Unicode>
                    </TextEquiv>
                </Word>
                <Word id="r_11_tl_17_w9" custom="readingOrder {index:8;}">
                    <Coords points="2252,1199 2252,1259 2297,1259 2297,1199"/>
                    <TextEquiv>
                        <Unicode>die</Unicode>
                    </TextEquiv>
                </Word>
                <TextEquiv>
                    <Unicode>der Welt mittheilt. Nicht dran zu gedenken, daß die</Unicode>
                </TextEquiv>
            </TextLine>
            <TextLine id="r_11_tl_18" custom="readingOrder {index:17;}">
                <Coords points="1306,1300 2311,1300 2290,1250 1306,1244"/>
                <Baseline points="1313,1286 1358,1283 1403,1283 1447,1283 1492,1286 1537,1283 1582,1283 1627,1283 1671,1286 1716,1286 1761,1286 1806,1286 1851,1289 1895,1286 1940,1289 1985,1286 2030,1286 2074,1286 2119,1286 2164,1286 2209,1286 2254,1289 2298,1289 2313,1286"/>
                <Word id="r_11_tl_18_w1" custom="readingOrder {index:0;}">
                    <Coords points="1305,1243 1305,1303 1541,1303 1541,1243"/>
                    <TextEquiv>
                        <Unicode>gegenwärtige</Unicode>
                    </TextEquiv>
                </Word>
                <Word id="r_11_tl_18_w2" custom="readingOrder {index:1;}">
                    <Coords points="1576,1246 1576,1306 1787,1306 1787,1246"/>
                    <TextEquiv>
                        <Unicode>Sammlung</Unicode>
                    </TextEquiv>
                </Word>
                <Word id="r_11_tl_18_w3" custom="readingOrder {index:2;}">
                    <Coords points="1823,1248 1823,1308 1901,1308 1901,1248"/>
                    <TextEquiv>
                        <Unicode>kaum</Unicode>
                    </TextEquiv>
                </Word>
                <Word id="r_11_tl_18_w4" custom="readingOrder {index:3;}">
                    <Coords points="1960,1246 1960,1306 2014,1306 2014,1246"/>
                    <TextEquiv>
                        <Unicode>den</Unicode>
                    </TextEquiv>
                </Word>
                <Word id="r_11_tl_18_w5" custom="readingOrder {index:4;}">
                    <Coords points="2054,1246 2054,1306 2187,1306 2187,1246"/>
                    <TextEquiv>
                        <Unicode>Namen</Unicode>
                    </TextEquiv>
                </Word>
                <Word id="r_11_tl_18_w6" custom="readingOrder {index:5;}">
                    <Coords points="2231,1249 2231,1309 2290,1309 2290,1249"/>
                    <TextEquiv>
                        <Unicode>von</Unicode>
                    </TextEquiv>
                </Word>
                <TextEquiv>
                    <Unicode>gegenwärtige Sammlung kaum den Namen von</Unicode>
                </TextEquiv>
            </TextLine>
            <TextLine id="r_11_tl_19" custom="readingOrder {index:18;}">
                <Coords points="1312,1346 2311,1345 2311,1299 1312,1299"/>
                <Baseline points="1319,1331 1364,1334 1409,1334 1453,1334 1498,1334 1543,1334 1588,1334 1633,1334 1677,1334 1722,1337 1767,1334 1812,1337 1857,1337 1901,1337 1946,1334 1991,1337 2036,1340 2057,1337 2101,1337 2146,1337 2191,1337 2236,1337 2280,1337 2313,1340"/>
                <Word id="r_11_tl_19_w1" custom="readingOrder {index:0;}">
                    <Coords points="1312,1294 1312,1354 1565,1354 1565,1294"/>
                    <TextEquiv>
                        <Unicode>Bon=Mots</Unicode>
                    </TextEquiv>
                </Word>
                <Word id="r_11_tl_19_w2" custom="readingOrder {index:1;}">
                    <Coords points="1602,1294 1602,1354 1734,1354 1734,1294"/>
                    <TextEquiv>
                        <Unicode>erfüllt;</Unicode>
                    </TextEquiv>
                </Word>
                <Word id="r_11_tl_19_w3" custom="readingOrder {index:2;}">
                    <Coords points="1761,1294 1761,1354 1792,1354 1792,1294"/>
                    <TextEquiv>
                        <Unicode>am</Unicode>
                    </TextEquiv>
                </Word>
                <Word id="r_11_tl_19_w4" custom="readingOrder {index:3;}">
                    <Coords points="1835,1294 1835,1354 2029,1354 2029,1294"/>
                    <TextEquiv>
                        <Unicode>wenigsten,</Unicode>
                    </TextEquiv>
                </Word>
                <Word id="r_11_tl_19_w5" custom="readingOrder {index:4;}">
                    <Coords points="2057,1297 2057,1357 2109,1357 2109,1297"/>
                    <TextEquiv>
                        <Unicode>daß</Unicode>
                    </TextEquiv>
                </Word>
                <Word id="r_11_tl_19_w6" custom="readingOrder {index:5;}">
                    <Coords points="2146,1297 2146,1357 2193,1357 2193,1297"/>
                    <TextEquiv>
                        <Unicode>die</Unicode>
                    </TextEquiv>
                </Word>
                <Word id="r_11_tl_19_w7" custom="readingOrder {index:6;}">
                    <Coords points="2220,1297 2220,1357 2304,1357 2304,1297"/>
                    <TextEquiv>
                        <Unicode>mei¬</Unicode>
                    </TextEquiv>
                </Word>
                <TextEquiv>
                    <Unicode>Bon=Mots erfüllt; am wenigsten, daß die mei¬</Unicode>
                </TextEquiv>
            </TextLine>
            <TextLine id="r_11_tl_20" custom="readingOrder {index:19;}">
                <Coords points="1315,1400 2313,1404 2313,1344 1315,1343"/>
                <Baseline points="1322,1388 1367,1385 1412,1385 1456,1385 1501,1385 1546,1385 1591,1385 1636,1382 1680,1382 1725,1385 1770,1388 1815,1385 1859,1385 1904,1388 1949,1388 1994,1388 2039,1388 2083,1388 2128,1388 2173,1388 2218,1388 2263,1388 2307,1388 2316,1388"/>
                <Word id="r_11_tl_20_w1" custom="readingOrder {index:0;}">
                    <Coords points="1310,1347 1310,1407 1362,1407 1362,1347"/>
                    <TextEquiv>
                        <Unicode>sten</Unicode>
                    </TextEquiv>
                </Word>
                <Word id="r_11_tl_20_w2" custom="readingOrder {index:1;}">
                    <Coords points="1394,1345 1394,1405 1446,1405 1446,1345"/>
                    <TextEquiv>
                        <Unicode>vor</Unicode>
                    </TextEquiv>
                </Word>
                <Word id="r_11_tl_20_w3" custom="readingOrder {index:2;}">
                    <Coords points="1468,1345 1468,1405 1657,1405 1657,1345"/>
                    <TextEquiv>
                        <Unicode>erträgliche</Unicode>
                    </TextEquiv>
                </Word>
                <Word id="r_11_tl_20_w4" custom="readingOrder {index:3;}">
                    <Coords points="1679,1346 1679,1406 1916,1406 1916,1346"/>
                    <TextEquiv>
                        <Unicode>Sinngedichte</Unicode>
                    </TextEquiv>
                </Word>
                <Word id="r_11_tl_20_w5" custom="readingOrder {index:4;}">
                    <Coords points="1937,1348 1937,1408 2032,1408 2032,1348"/>
                    <TextEquiv>
                        <Unicode>gelten</Unicode>
                    </TextEquiv>
                </Word>
                <Word id="r_11_tl_20_w6" custom="readingOrder {index:5;}">
                    <Coords points="2064,1348 2064,1408 2201,1408 2201,1348"/>
                    <TextEquiv>
                        <Unicode>können,</Unicode>
                    </TextEquiv>
                </Word>
                <Word id="r_11_tl_20_w7" custom="readingOrder {index:6;}">
                    <Coords points="2222,1348 2222,1408 2301,1408 2301,1348"/>
                    <TextEquiv>
                        <Unicode>weil</Unicode>
                    </TextEquiv>
                </Word>
                <TextEquiv>
                    <Unicode>sten vor erträgliche Sinngedichte gelten können, weil</Unicode>
                </TextEquiv>
            </TextLine>
            <TextLine id="r_11_tl_21" custom="readingOrder {index:20;}">
                <Coords points="1300,1455 2307,1451 2286,1401 1300,1402"/>
                <Baseline points="1307,1436 1352,1436 1397,1436 1442,1436 1486,1436 1531,1436 1576,1436 1621,1436 1665,1433 1710,1433 1755,1433 1800,1436 1845,1436 1889,1436 1934,1436 1979,1439 2024,1439 2068,1439 2113,1439 2158,1439 2203,1439 2248,1442 2292,1442 2310,1439"/>
                <Word id="r_11_tl_21_w1" custom="readingOrder {index:0;}">
                    <Coords points="1305,1396 1305,1456 1395,1456 1395,1396"/>
                    <TextEquiv>
                        <Unicode>ihnen</Unicode>
                    </TextEquiv>
                </Word>
                <Word id="r_11_tl_21_w2" custom="readingOrder {index:1;}">
                    <Coords points="1427,1396 1427,1456 1474,1456 1474,1396"/>
                    <TextEquiv>
                        <Unicode>der</Unicode>
                    </TextEquiv>
                </Word>
                <Word id="r_11_tl_21_w3" custom="readingOrder {index:2;}">
                    <Coords points="1501,1396 1501,1456 1696,1456 1696,1396"/>
                    <TextEquiv>
                        <Unicode>sogenannte</Unicode>
                    </TextEquiv>
                </Word>
                <Word id="r_11_tl_21_w4" custom="readingOrder {index:3;}">
                    <Coords points="1718,1396 1718,1456 2024,1456 2024,1396"/>
                    <TextEquiv>
                        <Unicode>Epigrammatische</Unicode>
                    </TextEquiv>
                </Word>
                <Word id="r_11_tl_21_w5" custom="readingOrder {index:4;}">
                    <Coords points="2051,1399 2051,1459 2194,1459 2194,1399"/>
                    <TextEquiv>
                        <Unicode>Point</Unicode>
                    </TextEquiv>
                </Word>
                <Word id="r_11_tl_21_w6" custom="readingOrder {index:5;}">
                    <Coords points="2215,1402 2215,1462 2305,1462 2305,1402"/>
                    <TextEquiv>
                        <Unicode>meh¬</Unicode>
                    </TextEquiv>
                </Word>
                <TextEquiv>
                    <Unicode>ihnen der sogenannte Epigrammatische Point meh¬</Unicode>
                </TextEquiv>
            </TextLine>
            <TextLine id="r_11_tl_22" custom="readingOrder {index:21;}">
                <Coords points="1300,1493 2305,1507 2305,1451 2205,1443 1300,1455"/>
                <Baseline points="1307,1486 1352,1486 1397,1486 1442,1486 1486,1483 1531,1483 1576,1483 1621,1483 1665,1483 1710,1483 1755,1486 1800,1486 1845,1486 1889,1486 1934,1486 1979,1486 2024,1486 2068,1486 2113,1483 2158,1483 2203,1486 2248,1489 2292,1492 2307,1492"/>
                <Word id="r_11_tl_22_w1" custom="readingOrder {index:0;}">
                    <Coords points="1295,1446 1295,1506 1448,1506 1448,1446"/>
                    <TextEquiv>
                        <Unicode>rentheils</Unicode>
                    </TextEquiv>
                </Word>
                <Word id="r_11_tl_22_w2" custom="readingOrder {index:1;}">
                    <Coords points="1476,1443 1476,1503 1577,1503 1577,1443"/>
                    <TextEquiv>
                        <Unicode>fehlt:</Unicode>
                    </TextEquiv>
                </Word>
                <Word id="r_11_tl_22_w3" custom="readingOrder {index:2;}">
                    <Coords points="1599,1443 1599,1503 1630,1503 1630,1443"/>
                    <TextEquiv>
                        <Unicode>so</Unicode>
                    </TextEquiv>
                </Word>
                <Word id="r_11_tl_22_w4" custom="readingOrder {index:3;}">
                    <Coords points="1652,1443 1652,1503 1753,1503 1753,1443"/>
                    <TextEquiv>
                        <Unicode>wissen</Unicode>
                    </TextEquiv>
                </Word>
                <Word id="r_11_tl_22_w5" custom="readingOrder {index:4;}">
                    <Coords points="1780,1446 1780,1506 1838,1506 1838,1446"/>
                    <TextEquiv>
                        <Unicode>wir</Unicode>
                    </TextEquiv>
                </Word>
                <Word id="r_11_tl_22_w6" custom="readingOrder {index:5;}">
                    <Coords points="1860,1446 1860,1506 1929,1506 1929,1446"/>
                    <TextEquiv>
                        <Unicode>auch</Unicode>
                    </TextEquiv>
                </Word>
                <Word id="r_11_tl_22_w7" custom="readingOrder {index:6;}">
                    <Coords points="1957,1446 1957,1506 2057,1506 2057,1446"/>
                    <TextEquiv>
                        <Unicode>nicht,</Unicode>
                    </TextEquiv>
                </Word>
                <Word id="r_11_tl_22_w8" custom="readingOrder {index:7;}">
                    <Coords points="2079,1444 2079,1504 2111,1504 2111,1444"/>
                    <TextEquiv>
                        <Unicode>ob</Unicode>
                    </TextEquiv>
                </Word>
                <Word id="r_11_tl_22_w9" custom="readingOrder {index:8;}">
                    <Coords points="2138,1447 2138,1507 2303,1507 2303,1447"/>
                    <TextEquiv>
                        <Unicode>Einfälle,</Unicode>
                    </TextEquiv>
                </Word>
                <TextEquiv>
                    <Unicode>rentheils fehlt: so wissen wir auch nicht, ob Einfälle,</Unicode>
                </TextEquiv>
            </TextLine>
            <TextLine id="r_11_tl_23" custom="readingOrder {index:22;}">
                <Coords points="1297,1545 2272,1557 2308,1508 1295,1495"/>
                <Baseline points="1304,1534 1349,1534 1394,1534 1439,1534 1483,1534 1528,1531 1573,1531 1618,1531 1662,1534 1707,1534 1752,1534 1797,1534 1842,1534 1886,1534 1931,1534 1976,1534 2021,1534 2065,1534 2110,1534 2155,1534 2200,1537 2245,1537 2289,1537 2313,1534"/>
                <Word id="r_11_tl_23_w1" custom="readingOrder {index:0;}">
                    <Coords points="1300,1494 1300,1554 1344,1554 1344,1494"/>
                    <TextEquiv>
                        <Unicode>die</Unicode>
                    </TextEquiv>
                </Word>
                <Word id="r_11_tl_23_w2" custom="readingOrder {index:1;}">
                    <Coords points="1370,1494 1370,1554 1435,1554 1435,1494"/>
                    <TextEquiv>
                        <Unicode>man</Unicode>
                    </TextEquiv>
                </Word>
                <Word id="r_11_tl_23_w3" custom="readingOrder {index:2;}">
                    <Coords points="1466,1493 1466,1553 1516,1553 1516,1493"/>
                    <TextEquiv>
                        <Unicode>bey</Unicode>
                    </TextEquiv>
                </Word>
                <Word id="r_11_tl_23_w4" custom="readingOrder {index:3;}">
                    <Coords points="1537,1492 1537,1552 1738,1552 1738,1492"/>
                    <TextEquiv>
                        <Unicode>Weglaßung</Unicode>
                    </TextEquiv>
                </Word>
                <Word id="r_11_tl_23_w5" custom="readingOrder {index:4;}">
                    <Coords points="1768,1494 1768,1554 1813,1554 1813,1494"/>
                    <TextEquiv>
                        <Unicode>der</Unicode>
                    </TextEquiv>
                </Word>
                <Word id="r_11_tl_23_w6" custom="readingOrder {index:5;}">
                    <Coords points="1839,1494 1839,1554 1954,1554 1954,1494"/>
                    <TextEquiv>
                        <Unicode>Reime</Unicode>
                    </TextEquiv>
                </Word>
                <Word id="r_11_tl_23_w7" custom="readingOrder {index:6;}">
                    <Coords points="1980,1494 1980,1554 2050,1554 2050,1494"/>
                    <TextEquiv>
                        <Unicode>kaum</Unicode>
                    </TextEquiv>
                </Word>
                <Word id="r_11_tl_23_w8" custom="readingOrder {index:7;}">
                    <Coords points="2091,1494 2091,1554 2116,1554 2116,1494"/>
                    <TextEquiv>
                        <Unicode>in</Unicode>
                    </TextEquiv>
                </Word>
                <Word id="r_11_tl_23_w9" custom="readingOrder {index:8;}">
                    <Coords points="2146,1495 2146,1555 2196,1555 2196,1495"/>
                    <TextEquiv>
                        <Unicode>der</Unicode>
                    </TextEquiv>
                </Word>
                <Word id="r_11_tl_23_w10" custom="readingOrder {index:9;}">
                    <Coords points="2212,1497 2212,1557 2302,1557 2302,1497"/>
                    <TextEquiv>
                        <Unicode>Poe¬</Unicode>
                    </TextEquiv>
                </Word>
                <TextEquiv>
                    <Unicode>die man bey Weglaßung der Reime kaum in der Poe¬</Unicode>
                </TextEquiv>
            </TextLine>
            <TextLine id="r_11_tl_24" custom="readingOrder {index:23;}">
                <Coords points="1312,1597 2311,1601 2295,1548 1312,1546"/>
                <Baseline points="1319,1585 1328,1582 1373,1582 1418,1582 1462,1582 1507,1582 1552,1582 1597,1579 1642,1582 1686,1582 1731,1582 1776,1582 1821,1585 1865,1582 1910,1582 1955,1582 2000,1582 2045,1582 2089,1582 2134,1582 2179,1585 2224,1585 2269,1585 2313,1582"/>
                <Word id="r_11_tl_24_w1" custom="readingOrder {index:0;}">
                    <Coords points="1307,1543 1307,1603 1341,1603 1341,1543"/>
                    <TextEquiv>
                        <Unicode>sie</Unicode>
                    </TextEquiv>
                </Word>
                <Word id="r_11_tl_24_w2" custom="readingOrder {index:1;}">
                    <Coords points="1362,1542 1362,1602 1472,1602 1472,1542"/>
                    <TextEquiv>
                        <Unicode>könnte</Unicode>
                    </TextEquiv>
                </Word>
                <Word id="r_11_tl_24_w3" custom="readingOrder {index:2;}">
                    <Coords points="1498,1542 1498,1602 1593,1602 1593,1542"/>
                    <TextEquiv>
                        <Unicode>gelten</Unicode>
                    </TextEquiv>
                </Word>
                <Word id="r_11_tl_24_w4" custom="readingOrder {index:3;}">
                    <Coords points="1629,1542 1629,1602 1744,1602 1744,1542"/>
                    <TextEquiv>
                        <Unicode>laßen,</Unicode>
                    </TextEquiv>
                </Word>
                <Word id="r_11_tl_24_w5" custom="readingOrder {index:4;}">
                    <Coords points="1770,1542 1770,1602 1795,1602 1795,1542"/>
                    <TextEquiv>
                        <Unicode>in</Unicode>
                    </TextEquiv>
                </Word>
                <Word id="r_11_tl_24_w6" custom="readingOrder {index:5;}">
                    <Coords points="1821,1543 1821,1603 1871,1603 1871,1543"/>
                    <TextEquiv>
                        <Unicode>der</Unicode>
                    </TextEquiv>
                </Word>
                <Word id="r_11_tl_24_w7" custom="readingOrder {index:6;}">
                    <Coords points="1896,1542 1896,1602 2168,1602 2168,1542"/>
                    <TextEquiv>
                        <Unicode>Verwandschaft</Unicode>
                    </TextEquiv>
                </Word>
                <Word id="r_11_tl_24_w8" custom="readingOrder {index:7;}">
                    <Coords points="2189,1545 2189,1605 2304,1605 2304,1545"/>
                    <TextEquiv>
                        <Unicode>Poeti¬</Unicode>
                    </TextEquiv>
                </Word>
                <TextEquiv>
                    <Unicode>sie könnte gelten laßen, in der Verwandschaft Poeti¬</Unicode>
                </TextEquiv>
            </TextLine>
            <TextLine id="r_11_tl_25" custom="readingOrder {index:24;}">
                <Coords points="1309,1646 2314,1646 2314,1600 2233,1592 1309,1597"/>
                <Baseline points="1316,1633 1361,1630 1406,1627 1450,1627 1495,1630 1540,1630 1585,1630 1630,1630 1674,1630 1719,1630 1764,1630 1809,1633 1854,1630 1898,1630 1943,1630 1988,1630 2033,1630 2077,1633 2122,1630 2167,1633 2212,1633 2257,1633 2301,1633 2316,1633"/>
                <Word id="r_11_tl_25_w1" custom="readingOrder {index:0;}">
                    <Coords points="1304,1591 1304,1651 1379,1651 1379,1591"/>
                    <TextEquiv>
                        <Unicode>scher</Unicode>
                    </TextEquiv>
                </Word>
                <Word id="r_11_tl_25_w2" custom="readingOrder {index:1;}">
                    <Coords points="1410,1588 1410,1648 1535,1648 1535,1588"/>
                    <TextEquiv>
                        <Unicode>Stücke</Unicode>
                    </TextEquiv>
                </Word>
                <Word id="r_11_tl_25_w3" custom="readingOrder {index:2;}">
                    <Coords points="1566,1590 1566,1650 1717,1650 1717,1590"/>
                    <TextEquiv>
                        <Unicode>geduldet</Unicode>
                    </TextEquiv>
                </Word>
                <Word id="r_11_tl_25_w4" custom="readingOrder {index:3;}">
                    <Coords points="1743,1592 1743,1652 1863,1652 1863,1592"/>
                    <TextEquiv>
                        <Unicode>werden</Unicode>
                    </TextEquiv>
                </Word>
                <Word id="r_11_tl_25_w5" custom="readingOrder {index:4;}">
                    <Coords points="1899,1590 1899,1650 2045,1650 2045,1590"/>
                    <TextEquiv>
                        <Unicode>dörfen..</Unicode>
                    </TextEquiv>
                </Word>
                <Word id="r_11_tl_25_w6" custom="readingOrder {index:5;}">
                    <Coords points="2076,1590 2076,1650 2156,1650 2156,1590"/>
                    <TextEquiv>
                        <Unicode>Wir</Unicode>
                    </TextEquiv>
                </Word>
                <Word id="r_11_tl_25_w7" custom="readingOrder {index:6;}">
                    <Coords points="2182,1593 2182,1653 2287,1653 2287,1593"/>
                    <TextEquiv>
                        <Unicode>fodern</Unicode>
                    </TextEquiv>
                </Word>
                <TextEquiv>
                    <Unicode>scher Stücke geduldet werden dörfen.. Wir fodern</Unicode>
                </TextEquiv>
            </TextLine>
            <TextLine id="r_11_tl_26" custom="readingOrder {index:25;}">
                <Coords points="1300,1688 2305,1690 2305,1648 2243,1638 1300,1652"/>
                <Baseline points="1307,1677 1352,1677 1397,1674 1442,1674 1486,1677 1531,1677 1576,1677 1621,1677 1665,1677 1710,1677 1755,1677 1800,1674 1845,1674 1889,1674 1934,1677 1979,1674 2024,1677 2068,1677 2113,1677 2158,1677 2203,1677 2248,1680 2292,1680 2307,1677"/>
                <Word id="r_11_tl_26_w1" custom="readingOrder {index:0;}">
                    <Coords points="1304,1637 1304,1697 1361,1697 1361,1637"/>
                    <TextEquiv>
                        <Unicode>nur</Unicode>
                    </TextEquiv>
                </Word>
                <Word id="r_11_tl_26_w2" custom="readingOrder {index:1;}">
                    <Coords points="1385,1634 1385,1694 1466,1694 1466,1634"/>
                    <TextEquiv>
                        <Unicode>einen</Unicode>
                    </TextEquiv>
                </Word>
                <Word id="r_11_tl_26_w3" custom="readingOrder {index:2;}">
                    <Coords points="1495,1637 1495,1697 1562,1697 1562,1637"/>
                    <TextEquiv>
                        <Unicode>sehr</Unicode>
                    </TextEquiv>
                </Word>
                <Word id="r_11_tl_26_w4" custom="readingOrder {index:3;}">
                    <Coords points="1586,1637 1586,1697 1835,1697 1835,1637"/>
                    <TextEquiv>
                        <Unicode>mittelmäßigen</Unicode>
                    </TextEquiv>
                </Word>
                <Word id="r_11_tl_26_w5" custom="readingOrder {index:4;}">
                    <Coords points="1859,1635 1859,1695 2060,1695 2060,1635"/>
                    <TextEquiv>
                        <Unicode>Geschmack,</Unicode>
                    </TextEquiv>
                </Word>
                <Word id="r_11_tl_26_w6" custom="readingOrder {index:5;}">
                    <Coords points="2080,1637 2080,1697 2136,1697 2136,1637"/>
                    <TextEquiv>
                        <Unicode>und</Unicode>
                    </TextEquiv>
                </Word>
                <Word id="r_11_tl_26_w7" custom="readingOrder {index:6;}">
                    <Coords points="2161,1637 2161,1697 2208,1697 2208,1637"/>
                    <TextEquiv>
                        <Unicode>die</Unicode>
                    </TextEquiv>
                </Word>
                <Word id="r_11_tl_26_w8" custom="readingOrder {index:7;}">
                    <Coords points="2233,1640 2233,1700 2299,1700 2299,1640"/>
                    <TextEquiv>
                        <Unicode>klei¬</Unicode>
                    </TextEquiv>
                </Word>
                <TextEquiv>
                    <Unicode>nur einen sehr mittelmäßigen Geschmack, und die klei¬</Unicode>
                </TextEquiv>
            </TextLine>
            <TextLine id="r_11_tl_27" custom="readingOrder {index:26;}">
                <Coords points="1302,1740 2057,1739 2134,1731 2134,1703 1300,1689"/>
                <Baseline points="1307,1719 1352,1719 1397,1719 1442,1719 1486,1719 1531,1716 1576,1719 1621,1719 1665,1722 1710,1722 1755,1719 1800,1719 1845,1719 1889,1719 1934,1722 1979,1719 2024,1722 2068,1722 2113,1722 2137,1725"/>
                <Word id="r_11_tl_27_w1" custom="readingOrder {index:0;}">
                    <Coords points="1299,1679 1299,1739 1337,1739 1337,1679"/>
                    <TextEquiv>
                        <Unicode>ne</Unicode>
                    </TextEquiv>
                </Word>
                <Word id="r_11_tl_27_w2" custom="readingOrder {index:1;}">
                    <Coords points="1366,1679 1366,1739 1528,1739 1528,1679"/>
                    <TextEquiv>
                        <Unicode>Geduld,</Unicode>
                    </TextEquiv>
                </Word>
                <Word id="r_11_tl_27_w3" custom="readingOrder {index:2;}">
                    <Coords points="1558,1679 1558,1739 1605,1739 1605,1679"/>
                    <TextEquiv>
                        <Unicode>die</Unicode>
                    </TextEquiv>
                </Word>
                <Word id="r_11_tl_27_w4" custom="readingOrder {index:3;}">
                    <Coords points="1635,1681 1635,1741 1677,1741 1677,1681"/>
                    <TextEquiv>
                        <Unicode>57</Unicode>
                    </TextEquiv>
                </Word>
                <Word id="r_11_tl_27_w5" custom="readingOrder {index:4;}">
                    <Coords points="1711,1679 1711,1739 1860,1739 1860,1679"/>
                    <TextEquiv>
                        <Unicode>Einfälle</Unicode>
                    </TextEquiv>
                </Word>
                <Word id="r_11_tl_27_w6" custom="readingOrder {index:5;}">
                    <Coords points="1889,1680 1889,1740 2128,1740 2128,1680"/>
                    <TextEquiv>
                        <Unicode>durchzulesen.</Unicode>
                    </TextEquiv>
                </Word>
                <TextEquiv>
                    <Unicode>ne Geduld, die 57 Einfälle durchzulesen.</Unicode>
                </TextEquiv>
            </TextLine>
            <TextLine id="r_11_tl_28" custom="readingOrder {index:27;}">
                <Coords points="2187,1735 2215,1739 2227,1731 2232,1734 2252,1728 2267,1731 2280,1742 2307,1745 2307,1698 2284,1697 2260,1686 2243,1686 2237,1692 2223,1683 2205,1692 2187,1688"/>
                <Baseline points="2194,1722 2239,1722 2283,1722 2310,1722"/>
                <Word id="r_11_tl_28_w1" custom="readingOrder {index:0;}">
                    <Coords points="2192,1682 2192,1742 2281,1742 2281,1682"/>
                    <TextEquiv>
                        <Unicode>Man</Unicode>
                    </TextEquiv>
                </Word>
                <TextEquiv>
                    <Unicode>Man</Unicode>
                </TextEquiv>
            </TextLine>
            <TextLine id="r_11_tl_29" custom="readingOrder {index:28;}">
                <Coords points="1300,1782 2309,1788 2309,1742 2149,1718 1300,1740"/>
                <Baseline points="1307,1764 1352,1764 1397,1764 1442,1764 1486,1764 1531,1764 1576,1764 1621,1764 1665,1764 1710,1764 1755,1764 1800,1764 1845,1767 1889,1767 1934,1767 1979,1764 2024,1767 2068,1764 2113,1767 2158,1767 2203,1767 2248,1767 2292,1770 2313,1764"/>
                <Word id="r_11_tl_29_w1" custom="readingOrder {index:0;}">
                    <Coords points="1303,1724 1303,1784 1382,1784 1382,1724"/>
                    <TextEquiv>
                        <Unicode>wird</Unicode>
                    </TextEquiv>
                </Word>
                <Word id="r_11_tl_29_w2" custom="readingOrder {index:1;}">
                    <Coords points="1406,1724 1406,1784 1535,1784 1535,1724"/>
                    <TextEquiv>
                        <Unicode>alsdenn</Unicode>
                    </TextEquiv>
                </Word>
                <Word id="r_11_tl_29_w3" custom="readingOrder {index:2;}">
                    <Coords points="1569,1724 1569,1784 1633,1784 1633,1724"/>
                    <TextEquiv>
                        <Unicode>noch</Unicode>
                    </TextEquiv>
                </Word>
                <Word id="r_11_tl_29_w4" custom="readingOrder {index:3;}">
                    <Coords points="1662,1724 1662,1784 1745,1784 1745,1724"/>
                    <TextEquiv>
                        <Unicode>nicht</Unicode>
                    </TextEquiv>
                </Word>
                <Word id="r_11_tl_29_w5" custom="readingOrder {index:4;}">
                    <Coords points="1769,1725 1769,1785 1889,1785 1889,1725"/>
                    <TextEquiv>
                        <Unicode>wissen,</Unicode>
                    </TextEquiv>
                </Word>
                <Word id="r_11_tl_29_w6" custom="readingOrder {index:5;}">
                    <Coords points="1913,1727 1913,1787 1950,1787 1950,1727"/>
                    <TextEquiv>
                        <Unicode>ob</Unicode>
                    </TextEquiv>
                </Word>
                <Word id="r_11_tl_29_w7" custom="readingOrder {index:6;}">
                    <Coords points="1974,1724 1974,1784 2010,1784 2010,1724"/>
                    <TextEquiv>
                        <Unicode>sie</Unicode>
                    </TextEquiv>
                </Word>
                <Word id="r_11_tl_29_w8" custom="readingOrder {index:7;}">
                    <Coords points="2034,1725 2034,1785 2066,1785 2066,1725"/>
                    <TextEquiv>
                        <Unicode>um</Unicode>
                    </TextEquiv>
                </Word>
                <Word id="r_11_tl_29_w9" custom="readingOrder {index:8;}">
                    <Coords points="2114,1727 2114,1787 2159,1787 2159,1727"/>
                    <TextEquiv>
                        <Unicode>der</Unicode>
                    </TextEquiv>
                </Word>
                <Word id="r_11_tl_29_w10" custom="readingOrder {index:9;}">
                    <Coords points="2183,1727 2183,1787 2299,1787 2299,1727"/>
                    <TextEquiv>
                        <Unicode>Ueber¬</Unicode>
                    </TextEquiv>
                </Word>
                <TextEquiv>
                    <Unicode>wird alsdenn noch nicht wissen, ob sie um der Ueber¬</Unicode>
                </TextEquiv>
            </TextLine>
            <TextLine id="r_11_tl_30" custom="readingOrder {index:29;}">
                <Coords points="1309,1830 2304,1834 2304,1790 2228,1776 1309,1777"/>
                <Baseline points="1316,1815 1361,1812 1406,1812 1450,1809 1495,1812 1540,1812 1585,1812 1630,1812 1674,1812 1719,1812 1764,1815 1809,1812 1854,1812 1898,1815 1943,1812 1988,1812 2033,1812 2077,1812 2122,1812 2167,1812 2212,1815 2257,1818 2301,1818 2307,1815"/>
                <Word id="r_11_tl_30_w1" custom="readingOrder {index:0;}">
                    <Coords points="1303,1772 1303,1832 1430,1832 1430,1772"/>
                    <TextEquiv>
                        <Unicode>schrift,</Unicode>
                    </TextEquiv>
                </Word>
                <Word id="r_11_tl_30_w2" custom="readingOrder {index:1;}">
                    <Coords points="1465,1772 1465,1832 1539,1832 1539,1772"/>
                    <TextEquiv>
                        <Unicode>oder</Unicode>
                    </TextEquiv>
                </Word>
                <Word id="r_11_tl_30_w3" custom="readingOrder {index:2;}">
                    <Coords points="1574,1772 1574,1832 1608,1832 1608,1772"/>
                    <TextEquiv>
                        <Unicode>um</Unicode>
                    </TextEquiv>
                </Word>
                <Word id="r_11_tl_30_w4" custom="readingOrder {index:3;}">
                    <Coords points="1658,1772 1658,1832 1707,1832 1707,1772"/>
                    <TextEquiv>
                        <Unicode>der</Unicode>
                    </TextEquiv>
                </Word>
                <Word id="r_11_tl_30_w5" custom="readingOrder {index:4;}">
                    <Coords points="1737,1772 1737,1832 1884,1832 1884,1772"/>
                    <TextEquiv>
                        <Unicode>Reime,</Unicode>
                    </TextEquiv>
                </Word>
                <Word id="r_11_tl_30_w6" custom="readingOrder {index:5;}">
                    <Coords points="1919,1772 1919,1832 1993,1832 1993,1772"/>
                    <TextEquiv>
                        <Unicode>oder</Unicode>
                    </TextEquiv>
                </Word>
                <Word id="r_11_tl_30_w7" custom="readingOrder {index:6;}">
                    <Coords points="2028,1772 2028,1832 2061,1832 2061,1772"/>
                    <TextEquiv>
                        <Unicode>um</Unicode>
                    </TextEquiv>
                </Word>
                <Word id="r_11_tl_30_w8" custom="readingOrder {index:7;}">
                    <Coords points="2106,1772 2106,1832 2155,1832 2155,1772"/>
                    <TextEquiv>
                        <Unicode>der</Unicode>
                    </TextEquiv>
                </Word>
                <Word id="r_11_tl_30_w9" custom="readingOrder {index:8;}">
                    <Coords points="2190,1776 2190,1836 2293,1836 2293,1776"/>
                    <TextEquiv>
                        <Unicode>Kürze</Unicode>
                    </TextEquiv>
                </Word>
                <TextEquiv>
                    <Unicode>schrift, oder um der Reime, oder um der Kürze</Unicode>
                </TextEquiv>
            </TextLine>
            <TextLine id="r_11_tl_31" custom="readingOrder {index:30;}">
                <Coords points="1294,1869 2299,1881 2299,1835 2191,1827 1294,1834"/>
                <Baseline points="1301,1859 1346,1862 1391,1862 1436,1862 1480,1862 1525,1862 1570,1862 1615,1862 1659,1862 1704,1862 1749,1862 1794,1862 1839,1862 1883,1865 1928,1862 1973,1865 2018,1862 2063,1862 2107,1862 2152,1865 2197,1865 2242,1868 2286,1868 2301,1868"/>
                <Word id="r_11_tl_31_w1" custom="readingOrder {index:0;}">
                    <Coords points="1301,1822 1301,1882 1402,1882 1402,1822"/>
                    <TextEquiv>
                        <Unicode>willen</Unicode>
                    </TextEquiv>
                </Word>
                <Word id="r_11_tl_31_w2" custom="readingOrder {index:1;}">
                    <Coords points="1431,1822 1431,1882 1596,1882 1596,1822"/>
                    <TextEquiv>
                        <Unicode>Poetische</Unicode>
                    </TextEquiv>
                </Word>
                <Word id="r_11_tl_31_w3" custom="readingOrder {index:2;}">
                    <Coords points="1619,1822 1619,1882 1761,1882 1761,1822"/>
                    <TextEquiv>
                        <Unicode>Einfälle</Unicode>
                    </TextEquiv>
                </Word>
                <Word id="r_11_tl_31_w4" custom="readingOrder {index:3;}">
                    <Coords points="1784,1822 1784,1882 1892,1882 1892,1822"/>
                    <TextEquiv>
                        <Unicode>heißen</Unicode>
                    </TextEquiv>
                </Word>
                <Word id="r_11_tl_31_w5" custom="readingOrder {index:4;}">
                    <Coords points="1927,1823 1927,1883 2074,1883 2074,1823"/>
                    <TextEquiv>
                        <Unicode>köͤnnen:</Unicode>
                    </TextEquiv>
                </Word>
                <Word id="r_11_tl_31_w6" custom="readingOrder {index:5;}">
                    <Coords points="2098,1825 2098,1885 2290,1885 2290,1825"/>
                    <TextEquiv>
                        <Unicode>wenigstens</Unicode>
                    </TextEquiv>
                </Word>
                <TextEquiv>
                    <Unicode>willen Poetische Einfälle heißen köͤnnen: wenigstens</Unicode>
                </TextEquiv>
            </TextLine>
            <TextLine id="r_11_tl_32" custom="readingOrder {index:31;}">
                <Coords points="1306,1928 2298,1934 2279,1874 1306,1869"/>
                <Baseline points="1313,1913 1358,1913 1403,1913 1447,1913 1492,1916 1537,1916 1582,1913 1627,1916 1671,1916 1716,1916 1761,1916 1806,1916 1851,1916 1895,1916 1940,1916 1985,1913 2030,1913 2074,1916 2119,1916 2164,1916 2209,1916 2254,1919 2298,1919 2301,1919"/>
                <Word id="r_11_tl_32_w1" custom="readingOrder {index:0;}">
                    <Coords points="1301,1873 1301,1933 1361,1933 1361,1873"/>
                    <TextEquiv>
                        <Unicode>sind</Unicode>
                    </TextEquiv>
                </Word>
                <Word id="r_11_tl_32_w2" custom="readingOrder {index:1;}">
                    <Coords points="1384,1873 1384,1933 1434,1933 1434,1873"/>
                    <TextEquiv>
                        <Unicode>die</Unicode>
                    </TextEquiv>
                </Word>
                <Word id="r_11_tl_32_w3" custom="readingOrder {index:2;}">
                    <Coords points="1456,1875 1456,1935 1622,1935 1622,1875"/>
                    <TextEquiv>
                        <Unicode>mehresten</Unicode>
                    </TextEquiv>
                </Word>
                <Word id="r_11_tl_32_w4" custom="readingOrder {index:3;}">
                    <Coords points="1657,1876 1657,1936 1828,1936 1828,1876"/>
                    <TextEquiv>
                        <Unicode>Gedanken</Unicode>
                    </TextEquiv>
                </Word>
                <Word id="r_11_tl_32_w5" custom="readingOrder {index:4;}">
                    <Coords points="1857,1875 1857,1935 2029,1935 2029,1875"/>
                    <TextEquiv>
                        <Unicode>prosaisch,</Unicode>
                    </TextEquiv>
                </Word>
                <Word id="r_11_tl_32_w6" custom="readingOrder {index:5;}">
                    <Coords points="2052,1876 2052,1936 2217,1936 2217,1876"/>
                    <TextEquiv>
                        <Unicode>altäglich,</Unicode>
                    </TextEquiv>
                </Word>
                <Word id="r_11_tl_32_w7" custom="readingOrder {index:6;}">
                    <Coords points="2229,1879 2229,1939 2289,1939 2289,1879"/>
                    <TextEquiv>
                        <Unicode>und</Unicode>
                    </TextEquiv>
                </Word>
                <TextEquiv>
                    <Unicode>sind die mehresten Gedanken prosaisch, altäglich, und</Unicode>
                </TextEquiv>
            </TextLine>
            <TextLine id="r_11_tl_33" custom="readingOrder {index:32;}">
                <Coords points="1309,1979 2304,1987 2281,1930 1309,1928"/>
                <Baseline points="1316,1967 1361,1964 1406,1964 1450,1964 1495,1967 1540,1967 1585,1967 1630,1964 1674,1964 1719,1967 1764,1967 1809,1967 1854,1967 1898,1967 1943,1964 1988,1967 2033,1967 2077,1964 2122,1964 2167,1964 2212,1964 2257,1967 2301,1967 2307,1967"/>
                <Word id="r_11_tl_33_w1" custom="readingOrder {index:0;}">
                    <Coords points="1304,1925 1304,1985 1380,1985 1380,1925"/>
                    <TextEquiv>
                        <Unicode>schon</Unicode>
                    </TextEquiv>
                </Word>
                <Word id="r_11_tl_33_w2" custom="readingOrder {index:1;}">
                    <Coords points="1422,1927 1422,1987 1576,1987 1576,1927"/>
                    <TextEquiv>
                        <Unicode>bekannt.</Unicode>
                    </TextEquiv>
                </Word>
                <Word id="r_11_tl_33_w3" custom="readingOrder {index:2;}">
                    <Coords points="1633,1924 1633,1984 1710,1984 1710,1924"/>
                    <TextEquiv>
                        <Unicode>Wir</Unicode>
                    </TextEquiv>
                </Word>
                <Word id="r_11_tl_33_w4" custom="readingOrder {index:3;}">
                    <Coords points="1742,1927 1742,1987 1849,1987 1849,1927"/>
                    <TextEquiv>
                        <Unicode>wollen</Unicode>
                    </TextEquiv>
                </Word>
                <Word id="r_11_tl_33_w5" custom="readingOrder {index:4;}">
                    <Coords points="1886,1924 1886,1984 1978,1984 1978,1924"/>
                    <TextEquiv>
                        <Unicode>diesem</Unicode>
                    </TextEquiv>
                </Word>
                <Word id="r_11_tl_33_w6" custom="readingOrder {index:5;}">
                    <Coords points="2030,1924 2030,1984 2127,1984 2127,1924"/>
                    <TextEquiv>
                        <Unicode>etwas</Unicode>
                    </TextEquiv>
                </Word>
                <Word id="r_11_tl_33_w7" custom="readingOrder {index:6;}">
                    <Coords points="2164,1925 2164,1985 2297,1985 2297,1925"/>
                    <TextEquiv>
                        <Unicode>altdeut¬</Unicode>
                    </TextEquiv>
                </Word>
                <TextEquiv>
                    <Unicode>schon bekannt. Wir wollen diesem etwas altdeut¬</Unicode>
                </TextEquiv>
            </TextLine>
            <TextLine id="r_11_tl_34" custom="readingOrder {index:33;}">
                <Coords points="1306,2030 2304,2037 2304,1985 2209,1973 1306,1981"/>
                <Baseline points="1313,2018 1358,2015 1403,2015 1447,2015 1492,2015 1537,2015 1582,2015 1627,2015 1671,2015 1716,2015 1761,2015 1806,2018 1851,2018 1895,2015 1940,2015 1985,2018 2030,2018 2074,2015 2119,2015 2164,2015 2209,2015 2254,2015 2298,2015 2307,2018"/>
                <Word id="r_11_tl_34_w1" custom="readingOrder {index:0;}">
                    <Coords points="1301,1976 1301,2036 1376,2036 1376,1976"/>
                    <TextEquiv>
                        <Unicode>schen</Unicode>
                    </TextEquiv>
                </Word>
                <Word id="r_11_tl_34_w2" custom="readingOrder {index:1;}">
                    <Coords points="1409,1975 1409,2035 1538,2035 1538,1975"/>
                    <TextEquiv>
                        <Unicode>Urtheil</Unicode>
                    </TextEquiv>
                </Word>
                <Word id="r_11_tl_34_w3" custom="readingOrder {index:2;}">
                    <Coords points="1566,1975 1566,2035 1696,2035 1696,1975"/>
                    <TextEquiv>
                        <Unicode>dadurch</Unicode>
                    </TextEquiv>
                </Word>
                <Word id="r_11_tl_34_w4" custom="readingOrder {index:3;}">
                    <Coords points="1740,1975 1740,2035 1809,2035 1809,1975"/>
                    <TextEquiv>
                        <Unicode>eine</Unicode>
                    </TextEquiv>
                </Word>
                <Word id="r_11_tl_34_w5" custom="readingOrder {index:4;}">
                    <Coords points="1842,1975 1842,2035 2037,2035 2037,1975"/>
                    <TextEquiv>
                        <Unicode>Milderung</Unicode>
                    </TextEquiv>
                </Word>
                <Word id="r_11_tl_34_w6" custom="readingOrder {index:5;}">
                    <Coords points="2075,1975 2075,2035 2297,2035 2297,1975"/>
                    <TextEquiv>
                        <Unicode>hinzufügen,</Unicode>
                    </TextEquiv>
                </Word>
                <TextEquiv>
                    <Unicode>schen Urtheil dadurch eine Milderung hinzufügen,</Unicode>
                </TextEquiv>
            </TextLine>
            <TextLine id="r_11_tl_35" custom="readingOrder {index:34;}">
                <Coords points="1303,2072 2308,2074 2272,2023 1303,2034"/>
                <Baseline points="1310,2065 1355,2065 1400,2063 1444,2063 1489,2063 1534,2063 1579,2063 1624,2065 1668,2065 1713,2065 1758,2065 1803,2065 1848,2063 1892,2065 1937,2065 1982,2065 2027,2065 2071,2065 2116,2065 2161,2063 2206,2063 2251,2063 2295,2063 2310,2065"/>
                <Word id="r_11_tl_35_w1" custom="readingOrder {index:0;}">
                    <Coords points="1298,2025 1298,2085 1383,2085 1383,2025"/>
                    <TextEquiv>
                        <Unicode>wenn</Unicode>
                    </TextEquiv>
                </Word>
                <Word id="r_11_tl_35_w2" custom="readingOrder {index:1;}">
                    <Coords points="1414,2023 1414,2083 1469,2083 1469,2023"/>
                    <TextEquiv>
                        <Unicode>wir</Unicode>
                    </TextEquiv>
                </Word>
                <Word id="r_11_tl_35_w3" custom="readingOrder {index:2;}">
                    <Coords points="1495,2023 1495,2083 1540,2083 1540,2023"/>
                    <TextEquiv>
                        <Unicode>ein</Unicode>
                    </TextEquiv>
                </Word>
                <Word id="r_11_tl_35_w4" custom="readingOrder {index:3;}">
                    <Coords points="1576,2025 1576,2085 1713,2085 1713,2025"/>
                    <TextEquiv>
                        <Unicode>einziges</Unicode>
                    </TextEquiv>
                </Word>
                <Word id="r_11_tl_35_w5" custom="readingOrder {index:4;}">
                    <Coords points="1749,2025 1749,2085 1820,2085 1820,2025"/>
                    <TextEquiv>
                        <Unicode>noch</Unicode>
                    </TextEquiv>
                </Word>
                <Word id="r_11_tl_35_w6" custom="readingOrder {index:5;}">
                    <Coords points="1851,2025 1851,2085 1987,2085 1987,2025"/>
                    <TextEquiv>
                        <Unicode>ziemlich</Unicode>
                    </TextEquiv>
                </Word>
                <Word id="r_11_tl_35_w7" custom="readingOrder {index:6;}">
                    <Coords points="2023,2025 2023,2085 2195,2085 2195,2025"/>
                    <TextEquiv>
                        <Unicode>gerathnes</Unicode>
                    </TextEquiv>
                </Word>
                <Word id="r_11_tl_35_w8" custom="readingOrder {index:7;}">
                    <Coords points="2221,2023 2221,2083 2301,2083 2301,2023"/>
                    <TextEquiv>
                        <Unicode>Ein¬</Unicode>
                    </TextEquiv>
                </Word>
                <TextEquiv>
                    <Unicode>wenn wir ein einziges noch ziemlich gerathnes Ein¬</Unicode>
                </TextEquiv>
            </TextLine>
            <TextLine id="r_11_tl_36" custom="readingOrder {index:35;}">
                <Coords points="1309,2127 2308,2128 2308,2077 2265,2072 1309,2075"/>
                <Baseline points="1316,2113 1361,2113 1406,2113 1450,2113 1495,2113 1540,2113 1585,2113 1630,2113 1674,2113 1719,2113 1764,2113 1809,2113 1854,2116 1898,2113 1943,2113 1988,2113 2033,2113 2077,2113 2122,2113 2167,2113 2212,2113 2257,2113 2301,2113 2310,2113"/>
                <Word id="r_11_tl_36_w1" custom="readingOrder {index:0;}">
                    <Coords points="1304,2073 1304,2133 1427,2133 1427,2073"/>
                    <TextEquiv>
                        <Unicode>fallchen</Unicode>
                    </TextEquiv>
                </Word>
                <Word id="r_11_tl_36_w2" custom="readingOrder {index:1;}">
                    <Coords points="1453,2073 1453,2133 1634,2133 1634,2073"/>
                    <TextEquiv>
                        <Unicode>hersetzen,</Unicode>
                    </TextEquiv>
                </Word>
                <Word id="r_11_tl_36_w3" custom="readingOrder {index:2;}">
                    <Coords points="1655,2073 1655,2133 1784,2133 1784,2073"/>
                    <TextEquiv>
                        <Unicode>welches</Unicode>
                    </TextEquiv>
                </Word>
                <Word id="r_11_tl_36_w4" custom="readingOrder {index:3;}">
                    <Coords points="1810,2075 1810,2135 1877,2135 1877,2075"/>
                    <TextEquiv>
                        <Unicode>doch</Unicode>
                    </TextEquiv>
                </Word>
                <Word id="r_11_tl_36_w5" custom="readingOrder {index:4;}">
                    <Coords points="1903,2073 1903,2133 1970,2133 1970,2073"/>
                    <TextEquiv>
                        <Unicode>auch</Unicode>
                    </TextEquiv>
                </Word>
                <Word id="r_11_tl_36_w6" custom="readingOrder {index:5;}">
                    <Coords points="2002,2073 2002,2133 2084,2133 2084,2073"/>
                    <TextEquiv>
                        <Unicode>nicht</Unicode>
                    </TextEquiv>
                </Word>
                <Word id="r_11_tl_36_w7" custom="readingOrder {index:6;}">
                    <Coords points="2110,2073 2110,2133 2234,2133 2234,2073"/>
                    <TextEquiv>
                        <Unicode>einmal</Unicode>
                    </TextEquiv>
                </Word>
                <Word id="r_11_tl_36_w8" custom="readingOrder {index:7;}">
                    <Coords points="2260,2073 2260,2133 2285,2133 2285,2073"/>
                    <TextEquiv>
                        <Unicode>in</Unicode>
                    </TextEquiv>
                </Word>
                <TextEquiv>
                    <Unicode>fallchen hersetzen, welches doch auch nicht einmal in</Unicode>
                </TextEquiv>
            </TextLine>
            <TextLine id="r_11_tl_37" custom="readingOrder {index:36;}">
                <Coords points="1294,2178 2299,2178 2299,2132 2183,2121 1294,2127"/>
                <Baseline points="1301,2161 1346,2161 1391,2158 1436,2161 1480,2161 1525,2161 1570,2161 1615,2161 1659,2161 1704,2161 1749,2161 1794,2164 1839,2164 1883,2161 1928,2161 1973,2164 2018,2161 2063,2164 2107,2164 2152,2164 2197,2164 2242,2164 2286,2164 2301,2164"/>
                <Word id="r_11_tl_37_w1" custom="readingOrder {index:0;}">
                    <Coords points="1299,2121 1299,2181 1350,2181 1350,2121"/>
                    <TextEquiv>
                        <Unicode>der</Unicode>
                    </TextEquiv>
                </Word>
                <Word id="r_11_tl_37_w2" custom="readingOrder {index:1;}">
                    <Coords points="1376,2121 1376,2181 1562,2181 1562,2121"/>
                    <TextEquiv>
                        <Unicode>Erfindung</Unicode>
                    </TextEquiv>
                </Word>
                <Word id="r_11_tl_37_w3" custom="readingOrder {index:2;}">
                    <Coords points="1594,2121 1594,2181 1645,2181 1645,2121"/>
                    <TextEquiv>
                        <Unicode>der</Unicode>
                    </TextEquiv>
                </Word>
                <Word id="r_11_tl_37_w4" custom="readingOrder {index:3;}">
                    <Coords points="1672,2121 1672,2181 1733,2181 1733,2121"/>
                    <TextEquiv>
                        <Unicode>Fr.</Unicode>
                    </TextEquiv>
                </Word>
                <Word id="r_11_tl_37_w5" custom="readingOrder {index:4;}">
                    <Coords points="1754,2121 1754,2181 1987,2181 1987,2121"/>
                    <TextEquiv>
                        <Unicode>Karschin,</Unicode>
                    </TextEquiv>
                </Word>
                <Word id="r_11_tl_37_w6" custom="readingOrder {index:5;}">
                    <Coords points="2018,2124 2018,2184 2147,2184 2147,2124"/>
                    <TextEquiv>
                        <Unicode>sondern</Unicode>
                    </TextEquiv>
                </Word>
                <Word id="r_11_tl_37_w7" custom="readingOrder {index:6;}">
                    <Coords points="2184,2124 2184,2184 2204,2184 2204,2124"/>
                    <TextEquiv>
                        <Unicode>in</Unicode>
                    </TextEquiv>
                </Word>
                <Word id="r_11_tl_37_w8" custom="readingOrder {index:7;}">
                    <Coords points="2241,2124 2241,2184 2292,2184 2292,2124"/>
                    <TextEquiv>
                        <Unicode>der</Unicode>
                    </TextEquiv>
                </Word>
                <TextEquiv>
                    <Unicode>der Erfindung der Fr. Karschin, sondern in der</Unicode>
                </TextEquiv>
            </TextLine>
            <TextLine id="r_11_tl_38" custom="readingOrder {index:37;}">
                <Coords points="1294,2219 2305,2233 2305,2177 2271,2172 1294,2178"/>
                <Baseline points="1301,2209 1346,2209 1391,2209 1436,2209 1480,2209 1525,2206 1570,2209 1615,2209 1659,2209 1704,2206 1749,2209 1794,2209 1839,2212 1883,2212 1928,2209 1973,2209 2018,2209 2063,2209 2107,2209 2152,2212 2197,2212 2242,2212 2286,2212 2307,2215"/>
                <Word id="r_11_tl_38_w1" custom="readingOrder {index:0;}">
                    <Coords points="1299,2169 1299,2229 1470,2229 1470,2169"/>
                    <TextEquiv>
                        <Unicode>wirklichen</Unicode>
                    </TextEquiv>
                </Word>
                <Word id="r_11_tl_38_w2" custom="readingOrder {index:1;}">
                    <Coords points="1511,2169 1511,2229 1702,2229 1702,2169"/>
                    <TextEquiv>
                        <Unicode>Gesinnung</Unicode>
                    </TextEquiv>
                </Word>
                <Word id="r_11_tl_38_w3" custom="readingOrder {index:2;}">
                    <Coords points="1738,2169 1738,2229 1858,2229 1858,2169"/>
                    <TextEquiv>
                        <Unicode>dessen,</Unicode>
                    </TextEquiv>
                </Word>
                <Word id="r_11_tl_38_w4" custom="readingOrder {index:3;}">
                    <Coords points="1890,2169 1890,2229 1950,2229 1950,2169"/>
                    <TextEquiv>
                        <Unicode>von</Unicode>
                    </TextEquiv>
                </Word>
                <Word id="r_11_tl_38_w5" custom="readingOrder {index:4;}">
                    <Coords points="1991,2169 1991,2229 2041,2229 2041,2169"/>
                    <TextEquiv>
                        <Unicode>dem</Unicode>
                    </TextEquiv>
                </Word>
                <Word id="r_11_tl_38_w6" custom="readingOrder {index:5;}">
                    <Coords points="2087,2169 2087,2229 2116,2229 2116,2169"/>
                    <TextEquiv>
                        <Unicode>es</Unicode>
                    </TextEquiv>
                </Word>
                <Word id="r_11_tl_38_w7" custom="readingOrder {index:6;}">
                    <Coords points="2152,2172 2152,2232 2197,2232 2197,2172"/>
                    <TextEquiv>
                        <Unicode>die</Unicode>
                    </TextEquiv>
                </Word>
                <Word id="r_11_tl_38_w8" custom="readingOrder {index:7;}">
                    <Coords points="2228,2172 2228,2232 2298,2232 2298,2172"/>
                    <TextEquiv>
                        <Unicode>Ge¬</Unicode>
                    </TextEquiv>
                </Word>
                <TextEquiv>
                    <Unicode>wirklichen Gesinnung dessen, von dem es die Ge¬</Unicode>
                </TextEquiv>
            </TextLine>
            <TextLine id="r_11_tl_39" custom="readingOrder {index:38;}">
                <Coords points="1294,2288 1443,2261 2239,2274 2201,2224 1923,2216 1883,2247 1827,2216 1294,2219"/>
                <Baseline points="1301,2263 1346,2260 1391,2260 1436,2260 1480,2257 1525,2260 1570,2260 1615,2257 1659,2257 1704,2257 1749,2254 1794,2257 1839,2257 1883,2257 1928,2257 1973,2257 2018,2257 2063,2260 2107,2260 2152,2260 2197,2263 2242,2263"/>
                <Word id="r_11_tl_39_w1" custom="readingOrder {index:0;}">
                    <Coords points="1301,2220 1301,2280 1421,2280 1421,2220"/>
                    <TextEquiv>
                        <Unicode>schichte</Unicode>
                    </TextEquiv>
                </Word>
                <Word id="r_11_tl_39_w2" custom="readingOrder {index:1;}">
                    <Coords points="1445,2219 1445,2279 1583,2279 1583,2219"/>
                    <TextEquiv>
                        <Unicode>erzählt,</Unicode>
                    </TextEquiv>
                </Word>
                <Word id="r_11_tl_39_w3" custom="readingOrder {index:2;}">
                    <Coords points="1607,2217 1607,2277 1791,2277 1791,2217"/>
                    <TextEquiv>
                        <Unicode>gegründet</Unicode>
                    </TextEquiv>
                </Word>
                <Word id="r_11_tl_39_w4" custom="readingOrder {index:3;}">
                    <Coords points="1809,2217 1809,2277 1860,2277 1860,2217"/>
                    <TextEquiv>
                        <Unicode>ist.</Unicode>
                    </TextEquiv>
                </Word>
                <Word id="r_11_tl_39_w5" custom="readingOrder {index:4;}">
                    <Coords points="1907,2217 1907,2277 1959,2277 1959,2217"/>
                    <TextEquiv>
                        <Unicode>Es</Unicode>
                    </TextEquiv>
                </Word>
                <Word id="r_11_tl_39_w6" custom="readingOrder {index:5;}">
                    <Coords points="1982,2217 1982,2277 2016,2277 2016,2217"/>
                    <TextEquiv>
                        <Unicode>ist</Unicode>
                    </TextEquiv>
                </Word>
                <Word id="r_11_tl_39_w7" custom="readingOrder {index:6;}">
                    <Coords points="2034,2220 2034,2280 2224,2280 2224,2220"/>
                    <TextEquiv>
                        <Unicode>folgendes:</Unicode>
                    </TextEquiv>
                </Word>
                <TextEquiv>
                    <Unicode>schichte erzählt, gegründet ist. Es ist folgendes:</Unicode>
                </TextEquiv>
            </TextLine>
            <TextLine id="r_11_tl_40" custom="readingOrder {index:39;}">
                <Coords points="1420,2356 1520,2326 1768,2358 1860,2328 2183,2349 2173,2286 1420,2280"/>
                <Baseline points="1427,2328 1471,2325 1516,2325 1561,2325 1606,2325 1650,2325 1695,2325 1740,2325 1785,2325 1830,2325 1874,2328 1919,2328 1964,2325 2009,2325 2054,2328 2098,2331 2143,2331 2185,2331"/>
                <Word id="r_11_tl_40_w1" custom="readingOrder {index:0;}">
                    <Coords points="1427,2285 1427,2345 1495,2345 1495,2285"/>
                    <TextEquiv>
                        <Unicode>Die</Unicode>
                    </TextEquiv>
                </Word>
                <Word id="r_11_tl_40_w2" custom="readingOrder {index:1;}">
                    <Coords points="1525,2285 1525,2345 1675,2345 1675,2285"/>
                    <TextEquiv>
                        <Unicode>Größe</Unicode>
                    </TextEquiv>
                </Word>
                <Word id="r_11_tl_40_w3" custom="readingOrder {index:2;}">
                    <Coords points="1705,2285 1705,2345 1757,2345 1757,2285"/>
                    <TextEquiv>
                        <Unicode>des</Unicode>
                    </TextEquiv>
                </Word>
                <Word id="r_11_tl_40_w4" custom="readingOrder {index:3;}">
                    <Coords points="1786,2287 1786,2347 1953,2347 1953,2287"/>
                    <TextEquiv>
                        <Unicode>Julius</Unicode>
                    </TextEquiv>
                </Word>
                <Word id="r_11_tl_40_w5" custom="readingOrder {index:4;}">
                    <Coords points="1984,2289 1984,2349 2168,2349 2168,2289"/>
                    <TextEquiv>
                        <Unicode>Cåsars.</Unicode>
                    </TextEquiv>
                </Word>
                <TextEquiv>
                    <Unicode>Die Größe des Julius Cåsars.</Unicode>
                </TextEquiv>
            </TextLine>
            <TextLine id="r_11_tl_41" custom="readingOrder {index:40;}">
                <Coords points="1390,2393 2184,2406 2184,2355 2089,2342 1390,2351"/>
                <Baseline points="1397,2388 1442,2391 1486,2388 1531,2388 1576,2385 1621,2385 1665,2388 1710,2385 1755,2388 1800,2388 1845,2388 1889,2388 1934,2388 1979,2388 2024,2385 2068,2388 2113,2388 2158,2388 2188,2388"/>
                <Word id="r_11_tl_41_w1" custom="readingOrder {index:0;}">
                    <Coords points="1395,2350 1395,2410 1469,2410 1469,2350"/>
                    <TextEquiv>
                        <Unicode>Daß</Unicode>
                    </TextEquiv>
                </Word>
                <Word id="r_11_tl_41_w2" custom="readingOrder {index:1;}">
                    <Coords points="1506,2347 1506,2407 1558,2407 1558,2347"/>
                    <TextEquiv>
                        <Unicode>den</Unicode>
                    </TextEquiv>
                </Word>
                <Word id="r_11_tl_41_w3" custom="readingOrder {index:2;}">
                    <Coords points="1591,2346 1591,2406 1780,2406 1780,2346"/>
                    <TextEquiv>
                        <Unicode>Pompejus</Unicode>
                    </TextEquiv>
                </Word>
                <Word id="r_11_tl_41_w4" custom="readingOrder {index:3;}">
                    <Coords points="1813,2348 1813,2408 1912,2408 1912,2348"/>
                    <TextEquiv>
                        <Unicode>Cåsar</Unicode>
                    </TextEquiv>
                </Word>
                <Word id="r_11_tl_41_w5" custom="readingOrder {index:4;}">
                    <Coords points="1945,2347 1945,2407 2182,2407 2182,2347"/>
                    <TextEquiv>
                        <Unicode>überwunden,</Unicode>
                    </TextEquiv>
                </Word>
                <TextEquiv>
                    <Unicode>Daß den Pompejus Cåsar überwunden,</Unicode>
                </TextEquiv>
            </TextLine>
            <TextLine id="r_11_tl_42" custom="readingOrder {index:41;}">
                <Coords points="1336,2457 1686,2469 2021,2430 2297,2466 2297,2411 2253,2395 1336,2402"/>
                <Baseline points="1343,2442 1388,2442 1433,2442 1477,2439 1522,2439 1567,2436 1612,2439 1656,2436 1701,2436 1746,2439 1791,2439 1836,2436 1880,2436 1925,2436 1970,2436 2015,2430 2060,2436 2104,2439 2149,2439 2194,2442 2239,2442 2283,2445 2298,2442"/>
                <Word id="r_11_tl_42_w1" custom="readingOrder {index:0;}">
                    <Coords points="1341,2402 1341,2462 1420,2462 1420,2402"/>
                    <TextEquiv>
                        <Unicode>Das</Unicode>
                    </TextEquiv>
                </Word>
                <Word id="r_11_tl_42_w2" custom="readingOrder {index:1;}">
                    <Coords points="1458,2399 1458,2459 1526,2459 1526,2399"/>
                    <TextEquiv>
                        <Unicode>war</Unicode>
                    </TextEquiv>
                </Word>
                <Word id="r_11_tl_42_w3" custom="readingOrder {index:2;}">
                    <Coords points="1569,2397 1569,2457 1611,2457 1611,2397"/>
                    <TextEquiv>
                        <Unicode>ein</Unicode>
                    </TextEquiv>
                </Word>
                <Word id="r_11_tl_42_w4" custom="readingOrder {index:3;}">
                    <Coords points="1649,2396 1649,2456 1743,2456 1743,2396"/>
                    <TextEquiv>
                        <Unicode>Werk</Unicode>
                    </TextEquiv>
                </Word>
                <Word id="r_11_tl_42_w5" custom="readingOrder {index:4;}">
                    <Coords points="1781,2397 1781,2457 1834,2457 1834,2397"/>
                    <TextEquiv>
                        <Unicode>des</Unicode>
                    </TextEquiv>
                </Word>
                <Word id="r_11_tl_42_w6" custom="readingOrder {index:5;}">
                    <Coords points="1866,2396 1866,2456 1987,2456 1987,2396"/>
                    <TextEquiv>
                        <Unicode>Glücks</Unicode>
                    </TextEquiv>
                </Word>
                <Word id="r_11_tl_42_w7" custom="readingOrder {index:6;}">
                    <Coords points="2030,2396 2030,2456 2093,2456 2093,2396"/>
                    <TextEquiv>
                        <Unicode>und</Unicode>
                    </TextEquiv>
                </Word>
                <Word id="r_11_tl_42_w8" custom="readingOrder {index:7;}">
                    <Coords points="2131,2400 2131,2460 2199,2460 2199,2400"/>
                    <TextEquiv>
                        <Unicode>war</Unicode>
                    </TextEquiv>
                </Word>
                <Word id="r_11_tl_42_w9" custom="readingOrder {index:8;}">
                    <Coords points="2232,2403 2232,2463 2284,2463 2284,2403"/>
                    <TextEquiv>
                        <Unicode>der</Unicode>
                    </TextEquiv>
                </Word>
                <TextEquiv>
                    <Unicode>Das war ein Werk des Glücks und war der</Unicode>
                </TextEquiv>
            </TextLine>
            <TextLine id="r_11_tl_43" custom="readingOrder {index:42;}">
                <Coords points="1820,2504 1894,2493 1941,2499 1958,2488 1995,2502 2016,2494 2093,2502 2093,2448 2070,2441 2038,2453 1978,2443 1960,2452 1948,2443 1927,2460 1881,2443 1820,2447"/>
                <Baseline points="1827,2483 1871,2483 1916,2483 1961,2483 2006,2483 2051,2483 2095,2486"/>
                <Word id="r_11_tl_43_w1" custom="readingOrder {index:0;}">
                    <Coords points="1827,2443 1827,2503 1946,2503 1946,2443"/>
                    <TextEquiv>
                        <Unicode>Götter</Unicode>
                    </TextEquiv>
                </Word>
                <Word id="r_11_tl_43_w2" custom="readingOrder {index:1;}">
                    <Coords points="1982,2443 1982,2503 2095,2503 2095,2443"/>
                    <TextEquiv>
                        <Unicode>Rath,</Unicode>
                    </TextEquiv>
                </Word>
                <TextEquiv>
                    <Unicode>Götter Rath,</Unicode>
                </TextEquiv>
            </TextLine>
            <TextLine id="r_11_tl_44" custom="readingOrder {index:43;}">
                <Coords points="1330,2541 2290,2565 2277,2491 1330,2491"/>
                <Baseline points="1337,2537 1382,2537 1427,2537 1471,2537 1516,2537 1561,2534 1606,2534 1650,2534 1695,2537 1740,2534 1785,2537 1830,2534 1874,2534 1919,2534 1964,2534 2009,2534 2054,2534 2098,2540 2143,2537 2188,2540 2233,2540 2277,2543 2292,2543"/>
                <Word id="r_11_tl_44_w1" custom="readingOrder {index:0;}">
                    <Coords points="1337,2497 1337,2557 1426,2557 1426,2497"/>
                    <TextEquiv>
                        <Unicode>Doch</Unicode>
                    </TextEquiv>
                </Word>
                <Word id="r_11_tl_44_w2" custom="readingOrder {index:1;}">
                    <Coords points="1462,2497 1462,2557 1516,2557 1516,2497"/>
                    <TextEquiv>
                        <Unicode>daß</Unicode>
                    </TextEquiv>
                </Word>
                <Word id="r_11_tl_44_w3" custom="readingOrder {index:2;}">
                    <Coords points="1552,2494 1552,2554 1581,2554 1581,2494"/>
                    <TextEquiv>
                        <Unicode>er</Unicode>
                    </TextEquiv>
                </Word>
                <Word id="r_11_tl_44_w4" custom="readingOrder {index:3;}">
                    <Coords points="1618,2494 1618,2554 1689,2554 1689,2494"/>
                    <TextEquiv>
                        <Unicode>nach</Unicode>
                    </TextEquiv>
                </Word>
                <Word id="r_11_tl_44_w5" custom="readingOrder {index:4;}">
                    <Coords points="1725,2494 1725,2554 1772,2554 1772,2494"/>
                    <TextEquiv>
                        <Unicode>dem</Unicode>
                    </TextEquiv>
                </Word>
                <Word id="r_11_tl_44_w6" custom="readingOrder {index:5;}">
                    <Coords points="1821,2494 1821,2554 1910,2554 1910,2494"/>
                    <TextEquiv>
                        <Unicode>Sieg</Unicode>
                    </TextEquiv>
                </Word>
                <Word id="r_11_tl_44_w7" custom="readingOrder {index:6;}">
                    <Coords points="1946,2494 1946,2554 1994,2554 1994,2494"/>
                    <TextEquiv>
                        <Unicode>die</Unicode>
                    </TextEquiv>
                </Word>
                <Word id="r_11_tl_44_w8" custom="readingOrder {index:7;}">
                    <Coords points="2024,2498 2024,2558 2292,2558 2292,2498"/>
                    <TextEquiv>
                        <Unicode>Menschlichkeit</Unicode>
                    </TextEquiv>
                </Word>
                <TextEquiv>
                    <Unicode>Doch daß er nach dem Sieg die Menschlichkeit</Unicode>
                </TextEquiv>
            </TextLine>
            <TextLine id="r_11_tl_45" custom="readingOrder {index:44;}">
                <Coords points="1816,2592 1878,2604 1895,2595 1909,2606 1927,2591 1996,2591 2025,2606 2044,2600 2044,2554 2030,2549 2021,2558 2013,2551 2001,2556 1968,2542 1946,2553 1927,2546 1884,2559 1858,2546 1816,2544"/>
                <Baseline points="1824,2585 1868,2585 1913,2585 1958,2582 2003,2585 2048,2585"/>
                <Word id="r_11_tl_45_w1" custom="readingOrder {index:0;}">
                    <Coords points="1821,2543 1821,2603 2037,2603 2037,2543"/>
                    <TextEquiv>
                        <Unicode>empfunden,</Unicode>
                    </TextEquiv>
                </Word>
                <TextEquiv>
                    <Unicode>empfunden,</Unicode>
                </TextEquiv>
            </TextLine>
            <TextLine id="r_11_tl_46" custom="readingOrder {index:45;}">
                <Coords points="1336,2643 2195,2638 2261,2667 2280,2600 1335,2579"/>
                <Baseline points="1343,2633 1388,2633 1433,2633 1477,2633 1522,2633 1567,2630 1612,2630 1656,2630 1701,2633 1746,2633 1791,2633 1836,2633 1880,2633 1925,2636 1970,2633 2015,2636 2060,2636 2104,2639 2149,2639 2194,2639 2239,2639 2283,2639"/>
                <Word id="r_11_tl_46_w1" custom="readingOrder {index:0;}">
                    <Coords points="1342,2593 1342,2653 1412,2653 1412,2593"/>
                    <TextEquiv>
                        <Unicode>Und</Unicode>
                    </TextEquiv>
                </Word>
                <Word id="r_11_tl_46_w2" custom="readingOrder {index:1;}">
                    <Coords points="1443,2593 1443,2653 1454,2653 1454,2593"/>
                    <TextEquiv>
                        <Unicode>„</Unicode>
                    </TextEquiv>
                </Word>
                <Word id="r_11_tl_46_w3" custom="readingOrder {index:2;}">
                    <Coords points="1478,2593 1478,2653 1560,2653 1560,2593"/>
                    <TextEquiv>
                        <Unicode>jeden</Unicode>
                    </TextEquiv>
                </Word>
                <Word id="r_11_tl_46_w4" custom="readingOrder {index:3;}">
                    <Coords points="1591,2590 1591,2650 1661,2650 1661,2590"/>
                    <TextEquiv>
                        <Unicode>Tag</Unicode>
                    </TextEquiv>
                </Word>
                <Word id="r_11_tl_46_w5" custom="readingOrder {index:4;}">
                    <Coords points="1685,2593 1685,2653 1732,2653 1732,2593"/>
                    <TextEquiv>
                        <Unicode>sich</Unicode>
                    </TextEquiv>
                </Word>
                <Word id="r_11_tl_46_w6" custom="readingOrder {index:5;}">
                    <Coords points="1768,2593 1768,2653 1856,2653 1856,2593"/>
                    <TextEquiv>
                        <Unicode>selbst</Unicode>
                    </TextEquiv>
                </Word>
                <Word id="r_11_tl_46_w7" custom="readingOrder {index:6;}">
                    <Coords points="1875,2593 1875,2653 1910,2653 1910,2593"/>
                    <TextEquiv>
                        <Unicode>um</Unicode>
                    </TextEquiv>
                </Word>
                <Word id="r_11_tl_46_w8" custom="readingOrder {index:7;}">
                    <Coords points="1958,2594 1958,2654 2039,2654 2039,2594"/>
                    <TextEquiv>
                        <Unicode>seine</Unicode>
                    </TextEquiv>
                </Word>
                <Word id="r_11_tl_46_w9" custom="readingOrder {index:8;}">
                    <Coords points="2059,2599 2059,2659 2176,2659 2176,2599"/>
                    <TextEquiv>
                        <Unicode>Feinde</Unicode>
                    </TextEquiv>
                </Word>
                <Word id="r_11_tl_46_w10" custom="readingOrder {index:9;}">
                    <Coords points="2200,2599 2200,2659 2253,2659 2253,2599"/>
                    <TextEquiv>
                        <Unicode>bat</Unicode>
                    </TextEquiv>
                </Word>
                <TextEquiv>
                    <Unicode>Und „ jeden Tag sich selbst um seine Feinde bat</Unicode>
                </TextEquiv>
            </TextLine>
            <TextLine id="r_11_tl_47" custom="readingOrder {index:46;}">
                <Coords points="1339,2709 1614,2683 1799,2716 2039,2709 2025,2646 1339,2638"/>
                <Baseline points="1346,2683 1391,2683 1436,2683 1480,2681 1525,2681 1570,2681 1615,2681 1659,2681 1704,2683 1749,2683 1794,2683 1839,2683 1883,2683 1928,2681 1973,2683 2018,2686 2042,2686"/>
                <Word id="r_11_tl_47_w1" custom="readingOrder {index:0;}">
                    <Coords points="1345,2643 1345,2703 1424,2703 1424,2643"/>
                    <TextEquiv>
                        <Unicode>Das</Unicode>
                    </TextEquiv>
                </Word>
                <Word id="r_11_tl_47_w2" custom="readingOrder {index:1;}">
                    <Coords points="1459,2641 1459,2701 1520,2701 1520,2641"/>
                    <TextEquiv>
                        <Unicode>war</Unicode>
                    </TextEquiv>
                </Word>
                <Word id="r_11_tl_47_w3" custom="readingOrder {index:2;}">
                    <Coords points="1555,2641 1555,2701 1605,2701 1605,2641"/>
                    <TextEquiv>
                        <Unicode>des</Unicode>
                    </TextEquiv>
                </Word>
                <Word id="r_11_tl_47_w4" custom="readingOrder {index:3;}">
                    <Coords points="1634,2642 1634,2702 1759,2702 1759,2642"/>
                    <TextEquiv>
                        <Unicode>Helden</Unicode>
                    </TextEquiv>
                </Word>
                <Word id="r_11_tl_47_w5" custom="readingOrder {index:4;}">
                    <Coords points="1793,2643 1793,2703 1889,2703 1889,2643"/>
                    <TextEquiv>
                        <Unicode>große</Unicode>
                    </TextEquiv>
                </Word>
                <Word id="r_11_tl_47_w6" custom="readingOrder {index:5;}">
                    <Coords points="1918,2643 1918,2703 2030,2703 2030,2643"/>
                    <TextEquiv>
                        <Unicode>That!</Unicode>
                    </TextEquiv>
                </Word>
                <TextEquiv>
                    <Unicode>Das war des Helden große That!</Unicode>
                </TextEquiv>
            </TextLine>
            <TextLine id="r_11_tl_48" custom="readingOrder {index:47;}">
                <Coords points="1281,2763 2293,2773 2293,2711 2084,2737 1281,2705"/>
                <Baseline points="1289,2755 1334,2755 1379,2755 1424,2755 1468,2752 1513,2752 1558,2749 1603,2749 1648,2752 1692,2752 1737,2752 1782,2755 1827,2755 1871,2758 1916,2755 1961,2758 2006,2758 2051,2761 2095,2761 2140,2761 2185,2761 2230,2761 2274,2758 2295,2758"/>
                <Word id="r_11_tl_48_w1" custom="readingOrder {index:0;}">
                    <Coords points="1287,2715 1287,2775 1398,2775 1398,2715"/>
                    <TextEquiv>
                        <Unicode>Kosten</Unicode>
                    </TextEquiv>
                </Word>
                <Word id="r_11_tl_48_w2" custom="readingOrder {index:1;}">
                    <Coords points="1432,2713 1432,2773 1454,2773 1454,2713"/>
                    <TextEquiv>
                        <Unicode>in</Unicode>
                    </TextEquiv>
                </Word>
                <Word id="r_11_tl_48_w3" custom="readingOrder {index:2;}">
                    <Coords points="1482,2712 1482,2772 1532,2772 1532,2712"/>
                    <TextEquiv>
                        <Unicode>der</Unicode>
                    </TextEquiv>
                </Word>
                <Word id="r_11_tl_48_w4" custom="readingOrder {index:3;}">
                    <Coords points="1555,2712 1555,2772 1766,2772 1766,2712"/>
                    <TextEquiv>
                        <Unicode>Kanterschen</Unicode>
                    </TextEquiv>
                </Word>
                <Word id="r_11_tl_48_w5" custom="readingOrder {index:4;}">
                    <Coords points="1795,2715 1795,2775 2056,2775 2056,2715"/>
                    <TextEquiv>
                        <Unicode>Buchhandlung</Unicode>
                    </TextEquiv>
                </Word>
                <Word id="r_11_tl_48_w6" custom="readingOrder {index:5;}">
                    <Coords points="2085,2721 2085,2781 2196,2781 2196,2721"/>
                    <TextEquiv>
                        <Unicode>allhier</Unicode>
                    </TextEquiv>
                </Word>
                <Word id="r_11_tl_48_w7" custom="readingOrder {index:6;}">
                    <Coords points="2224,2719 2224,2779 2285,2779 2285,2719"/>
                    <TextEquiv>
                        <Unicode>wie</Unicode>
                    </TextEquiv>
                </Word>
                <TextEquiv>
                    <Unicode>Kosten in der Kanterschen Buchhandlung allhier wie</Unicode>
                </TextEquiv>
            </TextLine>
            <TextLine id="r_11_tl_49" custom="readingOrder {index:48;}">
                <Coords points="1288,2828 1613,2810 1739,2837 1807,2816 1982,2835 1972,2764 1288,2779"/>
                <Baseline points="1295,2803 1340,2806 1385,2803 1430,2803 1474,2803 1519,2803 1564,2800 1609,2803 1653,2806 1698,2806 1743,2809 1788,2809 1833,2806 1877,2809 1922,2809 1967,2809 1985,2806"/>
                <Word id="r_11_tl_49_w1" custom="readingOrder {index:0;}">
                    <Coords points="1295,2765 1295,2825 1365,2825 1365,2765"/>
                    <TextEquiv>
                        <Unicode>auch</Unicode>
                    </TextEquiv>
                </Word>
                <Word id="r_11_tl_49_w2" custom="readingOrder {index:1;}">
                    <Coords points="1390,2763 1390,2823 1414,2823 1414,2763"/>
                    <TextEquiv>
                        <Unicode>in</Unicode>
                    </TextEquiv>
                </Word>
                <Word id="r_11_tl_49_w3" custom="readingOrder {index:2;}">
                    <Coords points="1444,2763 1444,2823 1556,2823 1556,2763"/>
                    <TextEquiv>
                        <Unicode>Elbing</Unicode>
                    </TextEquiv>
                </Word>
                <Word id="r_11_tl_49_w4" custom="readingOrder {index:3;}">
                    <Coords points="1586,2763 1586,2823 1640,2823 1640,2763"/>
                    <TextEquiv>
                        <Unicode>und</Unicode>
                    </TextEquiv>
                </Word>
                <Word id="r_11_tl_49_w5" custom="readingOrder {index:4;}">
                    <Coords points="1670,2767 1670,2827 1782,2827 1782,2767"/>
                    <TextEquiv>
                        <Unicode>Mitan</Unicode>
                    </TextEquiv>
                </Word>
                <Word id="r_11_tl_49_w6" custom="readingOrder {index:5;}">
                    <Coords points="1813,2766 1813,2826 1830,2826 1830,2766"/>
                    <TextEquiv>
                        <Unicode>3</Unicode>
                    </TextEquiv>
                </Word>
                <Word id="r_11_tl_49_w7" custom="readingOrder {index:6;}">
                    <Coords points="1860,2769 1860,2829 1972,2829 1972,2769"/>
                    <TextEquiv>
                        <Unicode>Achth.</Unicode>
                    </TextEquiv>
                </Word>
                <TextEquiv>
                    <Unicode>auch in Elbing und Mitan 3 Achth.</Unicode>
                </TextEquiv>
            </TextLine>
            <TextEquiv>
                <Unicode></Unicode>
            </TextEquiv>
        </TextRegion>
    </Page>
</PcGts>
