2479 3508
271 376 331 436 mit
354 375 403 435 der
426 376 657 436 Freundschaft
680 374 773 434 dieser
802 376 995 436 vornehmen
1034 374 1094 434 und
1128 374 1271 434 geistrei¬

267 425 337 485 chen
375 423 614 483 Briefstellerin
647 424 804 484 während
848 425 945 485 seines
984 424 1195 484 Aufenthalts
1234 423 1260 483 in

272 473 416 533 Venedig
453 470 566 530 beehrt
592 470 746 530 worden,
783 473 916 533 daselbst
943 473 1009 533 eine
1041 473 1169 533 getreue
1201 473 1273 533 Ab¬

276 521 378 581 schrift
400 518 456 578 von
482 518 570 578 ihrer
597 521 953 581 Originalhandschrift
974 521 1181 581 genommen,
1202 520 1264 580 und

276 569 351 629 diese
377 566 579 626 auserlesene
610 571 848 631 Sammlung,
884 572 949 632 (die
980 572 1040 632 aus
1076 570 1162 630 zwey
1203 569 1263 629 und

282 618 401 678 funfzig
434 616 569 676 Briefen
602 618 742 678 besteht)
770 619 856 679 ihrer
889 619 1116 679 Bestimmung
1155 619 1262 679 gemäß

274 664 335 724 ans
362 667 444 727 Licht
461 665 595 725 gestellt,
616 664 631 724 ”
653 666 699 726 als
730 667 771 727 ein
798 667 989 727 rühmliches
1016 667 1186 727 Denkmal
1208 665 1264 725 von

282 705 351 765 "dem
395 715 552 775 lebhaften
580 714 688 774 Witz,
710 715 763 775 der
792 718 997 778 grundlichen
1024 715 1273 775 Urtheilskraft,

276 754 350 814 „der
375 763 627 823 ausgebreiteten
657 763 884 823 Erkenntnis,
914 765 963 825 dem
1013 763 1170 823 zierlichen
1205 760 1274 820 Ge¬

284 808 434 868 „schmack
460 813 520 873 und
546 810 601 870 von
632 810 682 870 dem
722 813 934 873 vortreflichen
960 813 1131 873 Character
1157 810 1207 870 der
1227 807 1277 867 La¬

281 846 338 906 „dy
368 858 518 918 Marie
542 858 796 918 Worthley,
820 861 930 921 welche
954 858 1040 918 ihren
1069 861 1196 921 Gemal
1220 858 1271 918 auf

282 903 400 963 „seinen
434 909 787 969 Gesandschaftsreisen
821 909 1032 969 1716=1718
1065 906 1244 966 begleitete.

282 952 353 1012 Der
380 957 668 1017 Aufmerksamkeit
684 957 745 1017 und
772 957 823 1017 dem
870 954 998 1014 ersten
1030 957 1189 1017 Beyspiel
1215 952 1276 1012 die¬

285 1001 329 1061 ser
355 1004 546 1064 vornehmen
577 1004 844 1064 Schriftstellerin
885 1001 980 1061 haben
1015 999 1076 1059 wir
1107 1004 1156 1064 die
1187 998 1282 1058 Ein¬

282 1049 503 1109 propfung
538 1051 613 1111 der
649 1049 1021 1109 Kinderblattern
1067 1050 1097 1110 zu
1143 1048 1283 1108 danken,

287 1097 346 1157 und
377 1096 427 1156 der
458 1097 513 1157 ein
548 1097 624 1157 und
649 1095 890 1155 dreyßigste
916 1094 1021 1154 Brief
1042 1094 1133 1154 zeugt
1153 1097 1208 1157 von
1234 1094 1283 1154 ih¬

284 1145 333 1205 rem
378 1144 593 1204 patriotischen
624 1139 722 1199 Eyfer
747 1142 795 1202 den
825 1142 943 1202 Nutzen
973 1142 1066 1202 dieser
1096 1142 1273 1202 Erfindung

285 1187 312 1247 in
345 1193 491 1253 England
519 1193 724 1253 allgemeiner
747 1190 779 1250 zu
802 1190 947 1250 machen.
997 1190 1040 1250 Zu
1073 1187 1121 1247 den
1160 1187 1289 1247 "Quel¬

288 1239 376 1299 „len,
393 1242 443 1302 die
465 1243 576 1303 andern
605 1240 776 1300 Reisenden
805 1237 1037 1297 unzugänglich
1060 1237 1154 1297 sind,"
1193 1236 1286 1296 gehö¬

282 1291 334 1351 ren
367 1291 541 1351 vorzüglich
568 1294 615 1354 die
632 1291 837 1351 Nachrichten
865 1288 922 1348 vom
955 1288 1118 1348 türkischen
1145 1285 1288 1345 Frauen¬

287 1342 445 1402 zimmer,
467 1342 556 1402 ihren
588 1339 826 1399 Badstuben
874 1339 931 1399 und
970 1340 1027 1400 den
1070 1340 1281 1400 Harams.

287 1390 387 1450 Unter
409 1390 482 1450 allen
509 1390 932 1450 morgenländischen
964 1390 1281 1450 Schönheiten,

288 1440 336 1500 die
358 1440 423 1500 eine
451 1439 608 1499 Kennerin
641 1440 760 1500 mahlt,
777 1440 886 1500 behält
908 1439 951 1499 die
973 1440 1076 1500 schöne
1098 1437 1288 1497 Fatima,

291 1486 344 1546 des
372 1488 512 1548 Kahya
545 1488 750 1548 Gemahlin,
778 1488 827 1548 den
854 1487 978 1547 Preis.
1027 1488 1103 1548 Sie
1120 1486 1206 1546 hatte
1233 1485 1271 1545 ein

287 1536 456 1596 polnisches
484 1533 642 1593 Mädchen
670 1536 722 1596 zur
749 1534 903 1594 Mutter,
930 1536 977 1596 die
1010 1536 1062 1596 bey
1095 1535 1147 1595 der
1180 1535 1280 1595 Bela¬

286 1584 404 1644 gerung
434 1584 488 1644 von
513 1584 675 1644 Caminiec
696 1584 848 1644 gefangen
873 1584 996 1644 worden
1031 1583 1040 1643 —
1100 1581 1183 1641 Wer
1198 1584 1272 1644 kann

291 1629 338 1689 sich
365 1631 438 1691 aber
460 1631 656 1691 Mahomets
683 1631 847 1691 Paradies
879 1631 1069 1691 vorstellen,
1092 1628 1107 1688 "
1129 1631 1208 1691 ohne
1240 1630 1271 1690 an

286 1673 405 1733 etwas
433 1679 460 1739 zu
488 1676 625 1736 denken,
640 1676 754 1736 wovon
782 1674 850 1734 man
879 1676 961 1736 nicht
980 1676 1076 1736 gerne
1099 1673 1191 1733 redt?

291 1716 362 1776 Der
384 1718 393 1778 "
415 1721 580 1781 weibliche
601 1718 693 1778 Geist
715 1718 760 1778 des
782 1718 1051 1778 Widerspruchs"
1087 1717 1154 1777 hält
1175 1715 1221 1775 sich
1253 1713 1273 1773 in

289 1766 389 1826 diesen
421 1765 553 1825 Briefen
585 1763 643 1823 auf
664 1763 727 1823 eine
749 1761 818 1821 sehr
839 1763 902 1823 edle
929 1763 1013 1823 Art,
1045 1762 1119 1822 über
1156 1761 1282 1821 manche

293 1814 493 1874 herrschende
516 1811 727 1871 Vorurtheile
750 1814 833 1874 auf;
856 1812 883 1872 so
912 1813 967 1873 wie
1001 1813 1067 1873 eine
1095 1812 1179 1872 feine
1202 1811 1284 1871 Ader

293 1861 352 1921 von
380 1864 509 1924 Spleen
537 1863 596 1923 und
624 1864 780 1924 Humour
803 1864 851 1924 den
879 1864 1128 1924 Nationalgeist
1155 1864 1203 1924 der
1237 1862 1290 1922 lie=

292 1912 541 1972 benswürdigen
570 1912 837 1972 Schriftstellerin
866 1917 1014 1977 kenntlich
1043 1915 1156 1975 macht.
1185 1906 1196 1966 "
1214 1907 1287 1967 Die

292 1963 490 2023 "Wahrheit
502 1963 530 2023 zu
554 1963 658 2023 sagen,
712 1963 850 2023 schreibt
868 1966 903 2026 sie
927 1966 961 2026 an
991 1963 1107 2023 Pope
1131 1963 1189 2023 aus
1207 1963 1287 2023 Bel¬

286 2014 502 2074 gradsdorf,
541 2011 616 2071 "ich
650 2011 697 2071 bin
731 2014 893 2074 bisweilen
936 2014 990 2074 des
1024 2011 1180 2071 Singens
1219 2011 1277 2071 und

290 2057 470 2117 „Tanzens
492 2061 550 2121 und
577 2061 847 2121 Sonnenscheins
874 2061 959 2121 recht
975 2059 1086 2119 müde,
1102 2058 1161 2118 und
1188 2058 1293 2118 begie¬

286 2100 353 2160 2rig
382 2112 450 2172 nach
485 2111 536 2171 dem
582 2111 718 2171 Dampf
747 2109 804 2169 und
838 2109 889 2169 den
929 2109 1287 2169 Unverschamtheiten,

279 2157 394 2217 „unter
421 2160 509 2220 denen
547 2158 615 2218 Sie
636 2159 804 2219 arbeiten,
842 2160 1030 2220 ungeachtet
1057 2157 1178 2217 meiner
1204 2157 1288 2217 Ver¬

311 2205 395 2265 suche
421 2207 491 2267 mich
522 2205 612 2265 selbst
633 2205 658 2265 zu
688 2202 889 2262 überreden,
915 2205 970 2265 daß
996 2207 1036 2267 ich
1071 2208 1096 2268 in
1127 2207 1212 2267 einer
1233 2205 1287 2265 an¬

303 2252 499 2312 muthigern
541 2249 863 2309 Mannigfaltigkeit
902 2252 948 2312 als
997 2255 1070 2315 Sie
1108 2252 1192 2312 lebe.
1235 2246 1250 2306 —

292 2299 556 2359 „Montags,
575 2296 851 2356 Rebhünerjagd;
876 2303 1110 2363 Dienstag,
1129 2302 1276 2362 Englisch

294 2343 420 2403 lesen;
449 2342 753 2402 Mittwochen,
771 2345 914 2405 Türkisch
943 2352 1048 2412 lernen
1087 2351 1203 2411 (worin
1226 2353 1286 2413 ich,

294 2390 339 2450 "im
385 2393 641 2453 Vorbeygehen,
662 2390 746 2450 schon
786 2393 864 2453 recht
891 2399 1016 2459 gelehrt
1043 2402 1140 2462 bin);
1168 2402 1291 2462 Don¬

302 2446 502 2506 nerstag,
528 2441 577 2501 die
597 2437 759 2497 classischen
792 2442 961 2502 Autoren;
980 2452 1193 2512 Freytag,
1225 2451 1280 2511 mit

315 2497 497 2557 Schreiben
530 2490 740 2550 zugebracht;
774 2493 1083 2553 Sonnabend,
1117 2498 1172 2558 bey
1205 2500 1288 2560 mei¬

288 2537 373 2597 "ner
394 2545 534 2605 Nadel,
555 2541 615 2601 und
655 2536 903 2596 Sonntag,
930 2544 1076 2604 Besuche
1104 2548 1170 2608 und
1205 2548 1290 2608 Mu¬

287 2588 365 2648 "sic.
396 2591 408 2651 —

490 2589 611 2649 Dieser
630 2584 849 2644 Wochenlauf
874 2584 915 2644 ist
947 2590 1037 2650 besser
1069 2596 1287 2656 eingerichtet,

293 2640 372 2700 als:
397 2637 611 2697 Montag
643 2640 667 2700 im
710 2635 943 2695 Vorzimmer;
974 2641 1189 2701 Dienstag
1220 2643 1268 2703 bey

295 2685 396 2745 Lady
433 2688 595 2748 Mohun;
626 2682 848 2742 Mittwoch
878 2682 908 2742 in
939 2684 992 2744 der
1011 2688 1124 2748 Oper;
1161 2692 1281 2752 Don¬

289 2739 481 2799 knerstag
518 2735 548 2795 in
585 2735 638 2795 der
669 2734 850 2794 Comedie,
887 2733 1073 2793 Freytag
1110 2738 1164 2798 bey
1195 2741 1285 2801 Ma¬

292 2783 368 2843 dam
419 2787 429 2847 —
491 2787 523 2847 u.
540 2787 567 2847 s.
585 2784 628 2844 w.
645 2784 689 2844 ein
717 2784 833 2844 ewiger
856 2781 977 2841 Zirkel,
994 2781 1038 2841 wo
1066 2786 1132 2846 man
1160 2788 1276 2848 immer

297 2832 368 2892 "die
386 2836 510 2896 gleichen
541 2835 742 2895 Lästerungen
767 2833 849 2893 hört,
868 2834 914 2894 die
927 2830 1058 2890 gleichen
1082 2835 1271 2895 Narrheiten

301 2888 502 2948 "wiederholt
532 2885 626 2945 sieht.
656 2885 667 2945 —
745 2885 816 2945 Die
852 2882 1035 2942 Erwegung
1071 2883 1124 2943 der
1154 2885 1271 2945 großen

1310 375 1454 435 "Kluft,
1478 374 1530 434 die
1548 377 1692 437 zwischen
1722 380 1837 440 Ihnen
1867 376 1930 436 und
1959 377 2023 437 mir
2041 377 2104 437 ist,
2127 377 2220 437 kühlt
2249 380 2307 440 alle

1327 423 1573 483 Neuigkeiten,
1603 423 1648 483 die
1679 425 1744 485 hier
1775 427 1986 487 ankommen.
2037 428 2097 488 Ich
2137 428 2213 488 kann
2254 428 2313 488 we¬

1314 463 1382 523 "der
1409 470 1462 530 von
1489 470 1610 530 Freude
1632 473 1700 533 noch
1722 476 1933 536 Traurigkeit
1954 475 2150 535 empfindlich
2177 476 2308 536 gerührt

1335 520 1427 580 seyn,
1454 521 1541 581 wenn
1579 518 1620 578 ich
1651 523 1816 583 bedenke,
1849 524 1905 584 daß
1942 524 2149 584 vermuthlich
2186 524 2232 584 die
2253 523 2315 583 Ur¬

1308 566 1416 626 "sache
1437 569 1493 629 von
1530 569 1643 629 beyden
1680 572 1737 632 aus
1774 572 1819 632 dem
1861 570 1965 630 Wege
1991 572 2146 632 geräumt
2167 572 2233 632 ist,
2255 572 2306 632 ehe

1328 617 1394 677 'mir
1421 616 1472 676 der
1498 618 1596 678 Brief
1622 619 1647 679 zu
1679 619 1813 679 Händen
1839 619 1978 679 kommt.
2036 620 2123 680 Aber
2149 619 2226 679 diese
2247 618 2314 678 Un¬

1316 667 1599 727 "empfindlichkeit
1631 667 1770 727 erstreckt
1791 669 1838 729 sich
1864 670 1946 730 nicht
1973 669 2029 729 auf
2050 670 2153 730 meine
2184 670 2308 730 wenige

1311 715 1620 775 „Freundschaften.
1672 715 1734 775 Ich
1756 718 1899 778 erinnere
1921 715 1993 775 mich
2019 717 2133 777 immer
2154 718 2210 778 mit
2226 718 2308 778 Hitze

1311 752 1386 812 „der
1407 764 1542 824 Ihrigen
1573 764 1633 824 und
1659 765 1759 825 Herrn
1785 766 2012 826 Congreve
2038 766 2093 826 und
2119 766 2265 826 verlange
2280 766 2305 826 in

1312 801 1420 861 "ihrem
1462 813 1627 873 Andenken
1659 810 1685 870 zu
1716 813 1830 873 leben,
1851 813 1938 873 wenn
1965 810 2006 870 ich
2033 813 2125 873 gleich
2152 813 2307 873 übrigens

1345 859 1392 919 für
1414 858 1461 918 die
1483 860 1578 920 ganze
1600 859 1689 919 Welt
1711 860 1864 920 erstorben
1897 861 1965 921 bin.

2054 861 2126 921 Aus
2154 861 2316 921 Constan=

1311 906 1432 966 tinopel
1454 909 1586 969 schreibt
1608 906 1644 966 sie
1671 906 1702 966 an
1745 906 1797 966 den
1830 908 1893 968 Abt
1920 906 1978 966 von
2015 903 2084 963 —:
2121 900 2221 960 "Ich
2254 909 2300 969 bin

1318 953 1483 1013 "beynahe
1509 957 1559 1017 der
1585 954 1791 1014 Meynung,
1817 954 1866 1014 daß
1897 954 1972 1014 diese
1998 954 2088 1014 Leute
2109 957 2159 1017 den
2190 960 2300 1020 rechten

1316 998 1467 1058 „Begrif
1484 1001 1537 1061 vom
1581 1001 1672 1061 Leben
1700 998 1818 1058 haben.
1846 998 1916 1058 Sie
1938 1001 2078 1061 verleben
2111 1003 2137 1063 es
2165 1007 2191 1067 in
2219 1007 2316 1067 Gär¬

1316 1041 1411 1101 "ten,
1438 1046 1490 1106 bey
1523 1049 1661 1109 Music,
1688 1046 1809 1106 Weine
1842 1045 1899 1105 und
1927 1046 2176 1106 Leckerspeisen,
2203 1053 2292 1113 indem

1335 1088 1399 1148 wir
1425 1094 1516 1154 unser
1537 1094 1662 1154 Gehirn
1693 1094 1754 1154 mit
1774 1091 1879 1151 irgend
1911 1094 1991 1154 einem
2032 1095 2208 1155 politischen
2234 1102 2319 1162 Ent¬

1318 1136 1444 1196 "wurfe
1471 1142 1640 1202 martern,
1678 1142 1751 1202 oder
1783 1142 1867 1202 einer
1900 1142 2126 1202 Wissenschaft
2153 1145 2317 1205 obliegen,

1319 1180 1368 1240 „in
1394 1187 1439 1247 der
1455 1187 1515 1247 wir
1536 1190 1677 1250 niemals
1698 1190 1834 1250 Meister
1860 1190 1975 1250 werden
2001 1190 2072 1250 oder
2093 1190 2178 1250 wenn
2209 1193 2269 1253 wir
2285 1195 2309 1255 es

1337 1235 1484 1295 werden,
1500 1237 1612 1297 andere
1638 1237 1730 1297 Leute
1751 1237 1834 1297 nicht
1859 1238 2026 1298 überreden
2056 1240 2198 1300 können,
2213 1240 2321 1300 diesel¬

1334 1282 1373 1342 ’be
1396 1286 1425 1346 so
1448 1288 1516 1348 hoch
1539 1288 1573 1348 zu
1602 1288 1750 1348 schätzen,
1762 1288 1807 1348 als
1836 1288 1916 1348 wir.

2000 1288 2085 1348 Was
2114 1288 2172 1348 wir
2196 1291 2304 1351 fühlen

1319 1335 1401 1395 "und
1429 1339 1539 1399 sehen,
1562 1340 1678 1400 gehört
1701 1339 1855 1399 eigentlich
1884 1339 1983 1399 (wenn
2006 1341 2072 1401 man
2100 1339 2127 1399 es
2156 1341 2221 1401 noch
2250 1338 2304 1398 von

1338 1386 1438 1446 etwas
1473 1390 1558 1450 sagen
1594 1390 1699 1450 kann)
1725 1390 1790 1450 uns
1821 1390 1886 1450 zu;
1927 1390 2002 1450 aber
2033 1390 2083 1450 die
2108 1390 2224 1450 Güter
2254 1390 2309 1450 des

1336 1437 1475 1497 'Ruhms
1501 1440 1619 1500 werden
1651 1438 1805 1498 mühselig
1837 1440 1986 1500 erkauft,
2018 1440 2079 1500 und
2111 1440 2198 1500 wenn
2235 1440 2307 1500 man

1321 1477 1379 1537 "sie
1400 1487 1506 1547 erhält
1527 1488 1537 1548 —
1596 1486 1707 1546 welche
1735 1488 1903 1548 armselige
1936 1488 2137 1548 Belohnung
2174 1488 2221 1548 für
2254 1488 2306 1548 den

1325 1531 1474 1591 "Verlust
1500 1536 1546 1596 der
1573 1536 1639 1596 Zeit
1660 1536 1722 1596 und
1748 1536 1975 1596 Gesundheit!
2001 1536 2079 1596 Wir
2100 1538 2213 1598 sterben
2239 1536 2311 1596 oder

1324 1578 1463 1638 "werden
1490 1584 1562 1644 alt,
1588 1584 1639 1644 ehe
1666 1584 1722 1644 wir
1749 1584 1795 1644 die
1816 1584 1950 1644 Früchte
1972 1584 2095 1644 unserer
2122 1584 2235 1644 Arbeit
2257 1585 2318 1645 ein¬

1332 1628 1467 1688 'erndten
1495 1628 1630 1688 können.
1681 1628 1789 1688 Wenn
1826 1631 1893 1691 man
1930 1631 2120 1691 betrachtet,
2148 1631 2234 1691 welch
2266 1631 2306 1691 ein

1326 1670 1570 1730 "kurzlebendes
1604 1670 1772 1730 schwaches
1801 1671 1901 1731 Thier
1926 1672 1978 1732 der
2003 1674 2132 1734 Mensch
2156 1676 2209 1736 ist,
2233 1678 2309 1738 kann

1328 1706 1377 1766 "es
1403 1715 1473 1775 denn
1503 1715 1594 1775 wohl
1615 1715 1659 1775 für
1685 1715 1730 1775 ihn
1761 1717 1826 1777 eine
1852 1715 1876 1775 so
1897 1718 2078 1778 gutthätige
2094 1721 2314 1781 Wissenschaft

1343 1763 1472 1823 geben,
1496 1762 1540 1822 als
1569 1763 1614 1823 die
1631 1766 1858 1826 Wissenschaft
1881 1766 1925 1826 der
1949 1769 2208 1829 gegenwärtigen
2237 1771 2316 1831 Ver¬

1634 1814 1690 1874 Ich
1725 1817 1871 1877 verfolge
1906 1817 2002 1877 dieses
2042 1819 2166 1879 Thema
2206 1822 2313 1882 nicht;

1350 1814 1581 1874 gnügungen?

1342 1865 1502 1925 vielleicht
1520 1867 1575 1927 hab
1604 1867 1642 1927 ich
1670 1867 1753 1927 schon
1782 1870 1809 1930 zu
1838 1870 1904 1930 viel
1927 1870 2054 1930 gesagt:
2084 1870 2177 1930 allein
2195 1870 2233 1930 ich
2256 1870 2322 1930 ver¬

1342 1913 1416 1973 laße
1448 1917 1521 1977 mich
1559 1915 1617 1975 auf
1644 1918 1691 1978 die
1719 1918 1829 1978 sichere
1856 1918 2052 1978 Kenntnis,
2074 1918 2121 1978 die
2153 1917 2221 1977 Sie
2254 1917 2306 1977 von

1341 1963 1464 2023 meinem
1506 1965 1619 2025 Herzen
1650 1966 1769 2026 haben.
1821 1966 1883 2026 Ich
1909 1969 2043 2029 erwarte
2070 1963 2136 2023 auch
2163 1962 2219 2022 von
2245 1965 2317 2025 Ih¬

1336 2012 1399 2072 'nen
1431 2014 1473 2074 die
1500 2014 1626 2074 alberne
1643 2017 1859 2077 Spöttereyen
1891 2017 1986 2077 nicht,
1997 2016 2044 2076 die
2060 2014 2097 2074 ich
2124 2013 2182 2073 von
2209 2011 2293 2071 einem

1345 2061 1458 2121 andern
1501 2061 1552 2121 zur
1589 2061 1744 2121 Antwort
1776 2061 1832 2121 auf
1869 2064 1967 2124 diesen
2009 2063 2112 2123 Brief
2144 2062 2309 2122 ausstehen

1343 2109 1469 2169 müßte.
1519 2109 1591 2169 Sie
1614 2109 1713 2169 wissen
1741 2109 1818 2169 schon
1858 2109 1907 2169 die
1929 2112 2012 2172 Idee
2040 2112 2095 2172 des
2118 2112 2316 2172 Vergnü¬

1336 2160 1439 2220 gens
1462 2157 1515 2217 von
1549 2154 1597 2214 der
1619 2157 1706 2217 Idee
1734 2154 1782 2214 des
1810 2157 1973 2217 Lasters
2007 2160 2039 2220 zu
2072 2160 2235 2220 trennen,
2262 2162 2305 2222 die

1342 2206 1391 2266 sich
1418 2205 1478 2265 nur
1506 2205 1532 2265 in
1565 2203 1620 2263 dem
1658 2202 1750 2262 Kopf
1778 2202 1859 2262 eines
1887 2205 2012 2265 Narren
2051 2208 2225 2268 zusammen
2263 2210 2322 2270 fin¬

1338 2255 1416 2315 'den.
1449 2253 1459 2313 —
1523 2251 1628 2311 Allein
1666 2249 1702 2309 ich
1740 2249 1903 2309 vergönne
1941 2252 2057 2312 Ihnen
2095 2252 2174 2312 über
2206 2255 2311 2315 meine

1338 2303 1487 2363 sinnliche
1508 2300 1684 2360 Erklärung
1715 2298 1740 2358 zu
1772 2300 1900 2360 lachen:
1927 2298 1983 2358 daß
2010 2299 2046 2359 ich
2072 2297 2164 2357 lieber
2191 2300 2231 2360 ein
2258 2300 2314 2360 rei¬

1342 2351 1408 2411 cher
1435 2348 1625 2408 Effendi
1651 2348 1713 2408 mit
1750 2348 1826 2408 aller
1863 2348 1961 2408 seiner
1987 2345 2224 2405 Unwissenheit
2261 2350 2307 2410 als

1346 2399 1433 2459 Sir
1467 2396 1599 2456 Isaac
1633 2396 1815 2456 Newton
1855 2396 1916 2456 mit
1944 2396 2015 2456 aller
2049 2396 2148 2456 seiner
2176 2396 2314 2456 Wissen¬

1344 2449 1439 2509 schaft
1457 2446 1519 2506 seyn
1548 2443 1684 2503 möchte.
1764 2442 1837 2502 Bey
1860 2446 1944 2506 ihrer
1968 2446 2166 2506 Heimkunft
2184 2449 2313 2509 schreibt

1325 2497 1357 2557 sie
1379 2497 1411 2557 an
1438 2494 1508 2554 eben
1542 2491 1725 2551 denselben:
1747 2493 1850 2553 "Die
1872 2494 2126 2554 Parteylichkeit
2148 2498 2197 2558 für
2219 2500 2310 2560 unser

1334 2545 1522 2605 Vaterland
1550 2539 1583 2599 ist
1606 2541 1688 2601 ganz
1723 2545 1821 2605 gewiß
1855 2545 1893 2605 ein
1928 2545 2082 2605 Geschenk
2111 2547 2161 2607 der
2183 2548 2316 2608 Natur,

1343 2593 1403 2653 und
1431 2593 1486 2653 das
1514 2590 1829 2650 Herumschwarmen
1869 2593 1912 2653 die
1935 2595 2089 2655 Wirkung
2123 2598 2211 2658 eines
2239 2596 2311 2656 ehr¬

1345 2641 1480 2701 geizigen
1513 2635 1652 2695 Durstes
1680 2641 1750 2701 nach
1783 2641 2052 2701 Erkenntnissen,
2085 2644 2139 2704 für
2166 2643 2214 2703 die
2247 2643 2306 2703 wir

1338 2691 1425 2751 nicht
1447 2684 1586 2744 gemacht
1608 2684 1690 2744 sind,
1706 2688 1716 2748 —
1769 2691 1810 2751 ein
1836 2691 2017 2751 fruchtloses
2049 2691 2251 2751 Verlangen,
2267 2690 2313 2750 die

1338 2738 1554 2798 verschiednen
1586 2739 1916 2799 Bequemlichkeiten,
1942 2742 2055 2802 welche
2087 2736 2298 2796 verschiednen

1349 2783 1457 2843 Theile
1479 2781 1532 2841 der
1555 2781 1641 2841 Welt
1658 2787 1831 2847 zugetheilt
1853 2787 1939 2847 sind,
1967 2790 2026 2850 und
2048 2789 2107 2849 wir
2135 2786 2161 2846 in
2200 2784 2297 2844 keinen

1336 2835 1456 2895 einzeln
1481 2832 1657 2892 zusammen
1688 2837 1783 2897 finden
1813 2835 1949 2895 können.
1975 2835 2125 2895 Nachdem
2161 2832 2196 2892 ich
2216 2833 2306 2893 alles,

1337 2882 1408 2942 was
1437 2882 1475 2942 ist
1492 2882 1542 2942 den
1570 2882 1770 2942 Sprachen,
1799 2885 1842 2945 die
1871 2884 1915 2944 ich
1949 2885 2110 2945 verstehe,
2139 2882 2166 2942 zu
2200 2882 2304 2942 finden
