2479 3508
589 1219 717 1279 48tes
759 1219 921 1279 Stück.
987 1219 1206 1279 Montag,
1239 1219 1303 1279 den
1353 1218 1425 1278 16.
1450 1216 1604 1276 Julius
1637 1219 1782 1279 1764.

304 1288 463 1348 Beschluß
489 1288 537 1348 des
563 1288 623 1348 letzt
642 1285 876 1345 abgebrochnen
908 1282 1061 1342 Artikels.

188 1342 324 1402 Was
357 1342 429 1402 kann
456 1339 540 1399 einem
579 1339 658 1399 jeden
691 1333 854 1393 Menschen
887 1331 1090 1391 lehrreicher,
1097 1330 1181 1390 nütz¬

177 1381 414 1441 licher,
435 1384 672 1444 vergnügender
697 1381 756 1441 und
781 1378 989 1438 anständiger
1009 1372 1098 1432 seyn,
1123 1371 1167 1431 als

180 1433 225 1493 die
260 1431 459 1491 Erkänntniß
493 1428 546 1488 der
573 1426 686 1486 Erde?
720 1423 813 1483 Soll
834 1422 886 1482 der
914 1419 1046 1479 Mensch
1081 1416 1160 1476 seine
1195 1413 1301 1473 Wenn
1335 1413 1394 1473 wir
1422 1413 1481 1473 nur
1509 1415 1601 1475 durch
1629 1416 1735 1476 Hülfe
1762 1419 1942 1479 derselben,
1976 1422 2062 1482 jedes
2090 1426 2169 1486 Land

185 1479 270 1539 eigne
287 1476 464 1536 Wohnung
494 1476 579 1536 nicht
597 1473 740 1533 kennen,
769 1470 791 1530 in
826 1467 878 1527 die
907 1467 952 1527 ihn
987 1466 1038 1526 sein
1068 1463 1175 1523 Schö¬

181 1528 248 1588 pfer
272 1524 459 1584 eingeführt
477 1524 556 1584 hat?
585 1523 635 1583 In
664 1521 760 1581 seinem
806 1518 914 1578 eignen
937 1515 1045 1575 Hause
1074 1512 1170 1572 unbe¬

188 1578 311 1638 kannt,
333 1575 394 1635 und
422 1575 463 1635 ein
485 1575 663 1635 Fremdling
698 1569 794 1629 seyn,
823 1566 863 1626 ist
884 1566 939 1626 dem
974 1563 1166 1623 Hausvater
1202 1558 1318 1618 reiset?
1347 1557 1422 1617 Wie
1443 1557 1504 1617 viel
1526 1560 1725 1620 Unterricht,
1747 1563 1808 1623 wie
1829 1565 1897 1625 viel
1919 1566 2111 1626 Vergnügen
2146 1570 2173 1630 in

186 1628 269 1688 keine
295 1626 403 1686 Ehre,
430 1622 487 1682 und
514 1622 563 1682 die
582 1622 665 1682 Erde
691 1620 740 1680 den
766 1613 967 1673 Wohnplatz
985 1613 1043 1673 des
1069 1610 1169 1670 Men=
1195 1608 1354 1668 einsamen
1398 1609 1548 1669 Stunden
1591 1609 1665 1669 wird
1708 1613 1766 1673 uns
1810 1614 1893 1674 diese
1927 1616 2170 1676 mannigfaltige

186 1676 266 1736 schen
296 1675 376 1735 nicht
400 1673 538 1733 kennen,
556 1671 590 1731 ist
614 1672 665 1732 dem
706 1669 868 1729 Menschen
903 1664 1070 1724 Schande.
1094 1661 1162 1721 Die

187 1726 482 1786 Erdbeschreibung
507 1724 560 1784 hat
584 1721 648 1781 auch
672 1721 755 1781 einen
779 1718 891 1778 großen
922 1715 980 1775 und
1004 1712 1163 1772 nützlichen

191 1775 321 1835 Einfluß
350 1772 378 1832 in
412 1770 457 1830 die
486 1771 598 1831 andern
633 1766 922 1826 Wissenschaften,
951 1761 1075 1821 Künste
1104 1762 1160 1822 und

181 1814 502 1874 Handthierungen.
572 1811 656 1871 Eine
698 1808 884 1868 allgemeine
917 1805 1172 1865 Bekanntschaft

191 1867 248 1927 mit
275 1861 450 1921 derselben,
472 1858 508 1918 ist
525 1855 572 1915 dem
615 1852 826 1912 Kaufmanne
848 1846 911 1906 sehr
933 1844 1081 1904 nützlich,
1108 1845 1166 1905 und

200 1915 254 1975 dem
321 1910 374 1970 der
397 1908 451 1968 sich
474 1903 538 1963 mit
562 1898 682 1958 einigen
716 1894 879 1954 Verstande
913 1891 967 1951 auf
991 1888 1045 1948 den
1079 1888 1176 1948 Land,
1199 1885 1253 1945 die
1276 1884 1385 1944 Werke
1409 1889 1571 1949 GOtes,
1584 1891 1637 1951 die
1649 1892 1681 1952 in
1704 1894 1846 1954 endloser
1870 1901 2175 1961 Mannigfaltigkeit

189 1960 245 2020 bau
286 1957 364 2017 legen
405 1951 483 2011 soll,
512 1945 681 2005 ungemein
716 1939 908 1999 zuträglich.
971 1933 1044 1993 Für
1073 1933 1157 1993 jeden

198 2008 372 2068 oenschen
397 1998 477 2058 aber
490 1993 537 2053 ist
550 1992 584 2052 es
609 1990 759 2050 reizend,
784 1985 830 2045 die
856 1981 1065 2041 verschiednen
1090 1978 1170 2038 Län,
1197 1975 1277 2035 Luft
1290 1975 1347 2035 und
1372 1975 1406 2035 in
1419 1975 1476 2035 den
1501 1978 1618 2038 Tiefen
1643 1981 1700 2041 des
1724 1981 1853 2041 Meres
1878 1988 2064 2048 vorhanden
2100 1996 2169 2056 sind,

189 2057 248 2117 de
261 2052 320 2112 der
334 2045 453 2105 Erde,
467 2043 538 2103 nach
552 2040 647 2100 ihrer
674 2035 769 2095 Lage,
795 2031 878 2091 ihrem
928 2028 1096 2088 Iuresse,
1122 2023 1170 2083 ihr
1196 2021 1315 2081 kennen
1341 2020 1364 2080 zu
1389 2022 1521 2082 lenen?
1559 2023 1692 2083 Soller
1705 2025 1788 2085 nicht
1814 2028 1921 2088 wissen
1947 2032 2091 2092 wolln,
2104 2037 2163 2097 wie

187 2100 232 2160 rem
284 2091 501 2151 Verhältnisse
530 2090 592 2150 und
622 2088 782 2148 Zustande
817 2080 850 2140 zu
891 2078 1028 2138 kennen.

188 2145 344 2205 Mensch,
369 2142 423 2202 der
442 2139 527 2199 keine
546 2139 709 2199 Kenntniß
740 2134 843 2194 davon
874 2130 952 2190 hat,
983 2127 1018 2187 ist
1050 2124 1103 2184 wie
1134 2121 1158 2181 in

187 2199 273 2259 einer
297 2193 429 2253 Wüste;
453 2190 487 2250 am
528 2188 620 2248 Ende
638 2187 736 2247 seiner
754 2183 887 2243 Stadt,
910 2178 979 2238 oder
1003 2172 1159 2232 höchstens

194 2248 289 2308 seiner
313 2241 459 2301 Provinz
477 2239 533 2299 hat
557 2237 601 2297 die
619 2234 709 2294 Welt
726 2231 777 2291 für
800 2231 851 2291 ihn
880 2229 924 2289 ein
948 2223 1055 2283 Ende.
1089 2216 1168 2276 Wie

199 2297 304 2357 gering
335 2292 450 2352 müssen
472 2287 548 2347 seine
569 2280 773 2340 Gedanken,
803 2279 851 2339 von
881 2274 977 2334 diesem
1007 2266 1172 2326 erstaunlis
1203 2258 1318 2318 nenden
1350 2259 1543 2319 Wirkungen
1573 2266 1709 2326 desselben
1739 2270 1767 2330 zu
1788 2273 1953 2333 erfahren.
2012 2273 2070 2333 Es
2100 2279 2176 2339 falte=

188 2347 278 2407 lichen
316 2339 480 2399 Gebäude
507 2333 565 2393 und
597 2330 650 2390 der
678 2324 820 2384 endlosen
858 2318 1171 2378 Mannigfaltigkeit

181 2393 236 2453 der
265 2390 438 2450 Creaturen
473 2381 568 2441 seyn,
591 2376 641 2436 die
670 2372 697 2432 es
726 2372 933 2432 bewohnen;
973 2365 1034 2425 wie
1057 2361 1163 2421 gering

192 2437 268 2497 auch
298 2435 344 2495 von
384 2432 431 2492 dem
471 2424 633 2484 Schöpfer
663 2417 835 2477 desselben!
865 2418 951 2478 Wie
971 2411 1037 2471 viel
1058 2408 1172 2468 nützli,
1202 2402 1249 2462 der
1269 2402 1355 2462 nicht
1375 2402 1451 2462 Lust
1471 2407 1586 2467 hätte,
1616 2416 1663 2476 die
1683 2417 1807 2477 Werke
1837 2419 1884 2479 des
1914 2420 2038 2480 Ray.
2068 2421 2153 2481 Den

192 2482 261 2542 ches
297 2477 348 2537 und
384 2471 621 2531 vergnügendes
657 2464 779 2524 enthält
807 2464 849 2524 die
877 2461 1069 2521 Erkänntniß
1105 2455 1156 2515 von
1201 2449 1314 2509 hams
1351 2455 1692 2515 Physicotheologie,
1728 2464 2008 2524 Niewentyts
2053 2467 2175 2527 rechten

193 2530 241 2590 dem
283 2523 420 2583 Clima
456 2518 537 2578 eines
559 2512 642 2572 jeden
670 2511 814 2571 Landes,
843 2512 897 2572 von
926 2509 1015 2569 seiner
1044 2500 1167 2560 Größe,
1196 2497 1368 2557 Gebrauch
1397 2496 1437 2556 der
1459 2510 1783 2570 Weltbetrachtung,
1812 2510 1866 2570 und
1895 2511 1949 2571 den
1978 2514 2177 2574 Schauplatz

190 2662 514 2722 Regierungsform,
543 2652 600 2712 von
636 2649 733 2709 seiner
757 2653 936 2713 Religion,
966 2646 1023 2706 von
1058 2645 1157 2705 seinen
1198 2641 1284 2701 schen
1314 2641 1394 2701 seyn.

190 2719 338 2779 Sitten,
362 2707 415 2767 von
451 2702 498 2762 den
535 2698 700 2758 besondern
736 2701 938 2761 Gebräuchen
974 2697 1069 2757 seiner
1093 2694 1169 2754 Ein=

194 2818 350 2878 Handel,
377 2806 429 2866 von
456 2801 508 2861 dem
541 2796 724 2856 Fortgange
744 2796 790 2856 der
817 2799 934 2859 Künste
961 2800 1019 2860 und
1046 2793 1176 2853 Wissen=

1209 1284 1336 1344 schaften
1369 1282 1396 1342 in
1425 1282 1613 1342 demselben,
1636 1279 1691 1339 von
1725 1282 1818 1342 seiner
1841 1284 2095 1344 Kriegesmacht,
2118 1287 2173 1347 von

1206 1327 1306 1387 seiner
1326 1326 1532 1386 bürgerlichen
1563 1327 1779 1387 Verfassung,
1805 1327 1860 1387 von
1901 1330 1996 1390 seinen
2027 1332 2182 1392 Einkünf¬

1198 1369 1282 1429 ten?
1337 1369 1421 1429 Alles
1453 1369 1548 1429 dieses
1570 1369 1671 1429 lehret
1703 1372 1767 1432 uns
1805 1372 1846 1432 die
1874 1375 2187 1435 Erdbeschreibung.

1199 1461 1254 1521 auf
1277 1461 1370 1521 solche
1393 1461 1492 1521 Weise
1515 1464 1626 1524 kennen
1660 1466 1798 1526 gelernet
1827 1467 1954 1527 haben,
1977 1467 2015 1527 ist
2033 1467 2065 1527 es
2099 1475 2176 1535 nicht

1203 1509 1224 1569 so
1251 1509 1329 1569 viel,
1356 1510 1404 1570 als
1431 1509 1532 1569 wären
1564 1510 1621 1570 wir
1649 1512 1738 1572 selbst
1766 1514 1812 1574 die
1840 1517 1940 1577 ganze
1962 1513 2046 1573 Welt
2074 1521 2184 1581 durch¬

1195 1658 1363 1718 Kenntniß
1388 1658 1584 1718 gewähren!

1241 1706 1313 1766 Wir
1344 1710 1454 1770 dürfen
1491 1711 1539 1771 die
1564 1712 1765 1772 Naturlehre
1796 1715 1876 1775 nicht
1901 1715 2083 1775 vergessen,
2109 1718 2175 1778 eine

1199 1754 1430 1814 Erkanntniß,
1465 1760 1572 1820 welche
1601 1761 1686 1821 jedem
1737 1766 1907 1826 Menschen
1941 1766 2088 1826 nützlich,
2117 1768 2173 1828 und

1201 1804 1225 1864 in
1256 1802 1301 1862 der
1326 1802 1417 1862 That
1438 1802 1503 1862 eine
1524 1805 1675 1865 Schande
1700 1808 1761 1868 ist,
1791 1811 1881 1871 wenn
1918 1808 1947 1868 er
1973 1808 2003 1868 es
2038 1811 2164 1871 vernach

1196 1841 1334 1901 läßiget.
1381 1843 1473 1903 Soll
1494 1846 1576 1906 nicht
1608 1849 1653 1909 der
1680 1849 1807 1909 Mensch
1839 1852 2023 1912 Reizungen
2060 1858 2178 1918 haben,

1186 1928 1239 1988 auf
1261 1929 1314 1989 der
1330 1930 1533 1990 Oberfläche,
1560 1934 1581 1994 in
1613 1936 1661 1996 dem
1699 1941 1848 2001 Schooße
1875 1944 1922 2004 der
1945 1945 2046 2005 Erde,
2068 1947 2094 2007 in
2121 1950 2168 2010 der

1094 2070 1153 2130 Ein
1195 2067 1402 2127 wundervoll
1426 2067 1478 2127 das
1509 2069 1662 2129 geringste
1686 2072 1845 2132 Theilchen
1882 2073 1941 2133 und
1971 2076 2017 2136 die
2048 2083 2171 2143 kleinste

1200 2115 1333 2175 Creatur
1362 2114 1496 2174 gebildet
1525 2115 1588 2175 ist?
1618 2118 1711 2178 Soll
1735 2118 1763 2178 er
1793 2121 1873 2181 nicht
1897 2124 2059 2184 neugierig
2095 2132 2181 2192 seyn,

1199 2165 1248 2225 den
1277 2163 1348 2223 Bau
1376 2160 1425 2220 der
1448 2166 1630 2226 Pflanzen,
1658 2169 1708 2229 den
1737 2172 1963 2232 wunderbaren
1991 2176 2085 2236 Trieb
2118 2180 2168 2240 der

1200 2211 1338 2271 Thiere,
1362 2208 1413 2268 den
1443 2213 1593 2273 Instinkt
1611 2217 1657 2277 der
1680 2220 1860 2280 Insekten,
1901 2226 1958 2286 und
1988 2228 2034 2288 die
2057 2229 2172 2289 erstau¬

1203 2306 1271 2366 nach
1295 2306 1399 2366 unsrer
1423 2310 1596 2370 Meynung
1620 2314 1683 2374 kein
1707 2321 1840 2381 Mensch
1864 2321 1961 2381 seyn,
1991 2323 2025 2383 er
2055 2327 2095 2387 sey
2130 2329 2170 2389 ein

1196 2354 1366 2414 Künstler,
1398 2353 1439 2413 ein
1465 2363 1651 2423 Kaufmann
1688 2368 1760 2428 oder
1786 2370 1827 2430 ein
1853 2372 2179 2432 Handwerksmann,

200 2577 253 2637 von
281 2572 327 2632 der
348 2566 435 2626 Zahl
456 2564 557 2624 seiner
578 2557 793 2617 Einwohner,
828 2560 889 2620 von
923 2554 1017 2614 seiner
1045 2551 1173 2611 Frucht=
1200 2545 1254 2605 der
1275 2545 1382 2605 Natur
1410 2547 1436 2607 zu
1464 2551 1559 2611 lesen.
1613 2560 1687 2620 Die
1708 2558 1890 2618 Neugierde
1917 2559 1984 2619 nach
2012 2561 2058 2621 den
2086 2563 2180 2623 Wer¬

196 2622 337 2682 harkeit,
358 2612 418 2672 von
446 2608 499 2668 dem
541 2607 614 2667 was
642 2605 675 2665 es
703 2605 952 2665 hervorbringt,
980 2600 1033 2660 von
1068 2596 1162 2656 seiner
1196 2591 1243 2651 ken
1284 2594 1439 2654 GOttes,
1480 2604 1540 2664 soll
1575 2608 1621 2668 die
1656 2608 1804 2668 Neugier
1831 2605 1918 2665 eines
1953 2609 2033 2669 jeden
2075 2613 2182 2673 Men¬

1250 2694 1332 2754 Wie
1353 2694 1435 2754 gut,
1456 2700 1510 2760 wie
1532 2703 1655 2763 nützlich
1683 2700 1766 2760 wäre
1787 2700 1848 2760 es,
1870 2702 1951 2762 wenn
1987 2706 2068 2766 jeder
2090 2706 2185 2766 Bür¬

192 2768 345 2828 wohner,
372 2755 425 2815 von
452 2748 545 2808 seinen
580 2745 932 2805 Merkwürdigkeiten,
960 2748 1020 2808 von
1047 2742 1146 2802 seinem
1207 2742 1259 2802 ger
1280 2742 1366 2802 eines
1388 2747 1547 2807 Staats,
1568 2749 1600 2809 er
1621 2751 1660 2811 sey
1694 2745 1827 2805 vornehm
1875 2748 1947 2808 oder
1975 2753 2127 2813 geringe,
2148 2751 2181 2811 er

1208 2795 1258 2855 sey
1283 2793 1327 2853 ein
1353 2795 1522 2855 Gelehrter
1555 2799 1610 2859 von
1643 2796 1818 2856 Prösession
1856 2795 1925 2855 oder
1951 2799 2057 2859 nicht,
2083 2799 2108 2859 er
2140 2802 2183 2862 sey

2130 2848 2184 2908 ein
