2479 3508
1219 1207 1285 1267 den
1332 1208 1383 1268 8.
1415 1204 1587 1264 Junius
1626 1204 1776 1264 1764.

580 1214 708 1274 37tes
749 1215 909 1275 Stück.
983 1215 1159 1275 Freytag

546 1283 597 1343 An
638 1284 793 1344 Done,

500 1350 571 1410 auf
598 1348 657 1408 die
690 1348 834 1408 Frage:

375 1413 423 1473 Ob
457 1414 489 1474 er
522 1416 560 1476 sie
589 1413 648 1473 wie
681 1413 801 1473 Meta
835 1410 954 1470 liebte?

205 1506 281 1566 Du
317 1494 484 1554 zweifelst,
520 1491 547 1551 ob
583 1489 624 1549 ich
653 1489 744 1549 dich,
773 1485 835 1545 wie
864 1488 1010 1548 Meta,
1039 1488 1157 1548 liebte?

306 1545 387 1605 Wie
417 1545 568 1605 Meta,
592 1539 649 1599 lieb
678 1539 748 1599 ich,
772 1538 922 1598 Done,
946 1542 1009 1602 dich

173 1599 259 1659 Dies
295 1596 364 1656 sagt
388 1596 451 1656 mit
481 1593 602 1653 einiger
632 1590 852 1650 Empfindung

278 1649 370 1709 Mein
409 1646 525 1706 ganzes
558 1643 656 1703 Herz.

179 1748 275 1808 Mein
310 1747 427 1807 ganzes
462 1745 559 1805 Leben
594 1742 655 1802 soll
677 1742 725 1802 dir
753 1742 849 1802 dieses
885 1742 966 1802 sagen

225 1790 315 1850 Dies
346 1793 416 1853 hier
448 1790 472 1850 im
523 1790 665 1850 Staub,
696 1787 751 1847 und
782 1787 873 1847 jenes
904 1787 994 1847 dort,

182 1836 284 1896 Wenn
318 1836 357 1896 sie
387 1834 448 1894 und
482 1834 516 1894 du
551 1834 613 1894 und
641 1832 680 1892 ich
715 1829 890 1889 zusammen

281 1881 456 1941 Glückselig
492 1879 574 1939 sind.

176 1975 239 2035 Du
272 1972 393 2032 liebtest
420 1972 484 2032 sie,
504 1969 567 2029 und
599 1966 702 2026 weißt
728 1964 811 2024 nicht
837 1966 945 2026 welche
979 1969 1099 2029 Freude

234 2023 309 2083 Mir
337 2020 401 2080 dies
434 2020 460 2080 in
499 2017 601 2077 meine
629 2014 736 2074 Seele
764 2014 893 2074 strahlt,

179 2071 277 2131 Denn
312 2072 404 2132 leicht
427 2070 485 2130 ists
521 2067 624 2127 deinem
671 2064 792 2124 schönen
828 2064 971 2124 Herzen,

277 2121 358 2181 Daß
391 2121 427 2181 du
460 2118 502 2178 sie
529 2118 635 2178 liebst.

179 2223 198 2283 O
240 2224 334 2284 käme
362 2222 430 2282 sie,
457 2220 511 2280 die
539 2220 599 2280 wir
627 2217 721 2277 gleich
749 2214 877 2274 zärtlich
906 2211 1000 2271 lieben

234 2274 304 2334 Von
342 2270 412 2330 dort
440 2270 499 2330 aus
533 2267 619 2327 ihrer
646 2264 755 2324 Wonn
793 2262 906 2322 herab,

186 2327 290 2387 Herab
326 2324 356 2384 zu
396 2321 456 2381 mir
487 2318 547 2378 und
578 2315 698 2375 meiner
728 2312 853 2372 Done

282 2372 349 2432 Und
387 2371 460 2431 sahe
485 2369 583 2429 mich.

185 2470 254 2530 Sie
287 2467 395 2527 würde
422 2465 497 2525 dir,
520 2463 557 2523 sie
590 2458 698 2518 kennet
726 2458 801 2518 mich
834 2458 898 2518 viel
926 2452 1017 2512 besser

236 2518 291 2578 Als
325 2514 363 2574 du
396 2512 473 2572 mich
502 2511 567 2571 jetzt
596 2509 694 2569 noch,
717 2506 866 2566 Done,
889 2506 1010 2566 kennst,

184 2566 233 2626 Ja
267 2563 355 2623 sagen
389 2560 499 2620 würde
533 2560 576 2620 dir
610 2557 659 2617 des
693 2557 858 2617 Himmels

283 2611 510 2671 Bewohnerin

190 2712 261 2772 Mit
288 2710 404 2770 sanftem
450 2706 534 2766 Laut
561 2703 619 2763 und
652 2700 847 2760 Schimmer
887 2703 913 2763 in
946 2701 997 2761 den
1037 2697 1160 2757 Blicken

261 2758 432 2818 Gespielin
467 2754 546 2814 einst
569 2754 597 2814 in
632 2751 717 2811 jener
746 2751 854 2811 Welt,

186 2806 262 2866 "Er
293 2809 387 2869 liebet
411 2805 500 2865 dich,
524 2805 589 2865 wie
613 2802 643 2862 er
679 2802 749 2862 mich
780 2803 897 2863 liebte;

296 2856 364 2916 So
397 2858 479 2918 liebt
505 2855 535 2915 er
561 2852 655 2912 dich!

1194 1283 1267 1343 Ihr
1302 1276 1425 1336 Sohn,
1454 1275 1499 1335 ein
1534 1270 1668 1330 Genius
1703 1273 1770 1333 voll
1794 1273 2036 1333 Morgenröthe

1246 1321 1389 1381 Ergriffe
1415 1320 1498 1380 seine
1529 1318 1622 1378 Laute
1652 1315 1755 1375 dann,

1192 1369 1237 1429 Zu
1273 1366 1379 1426 lispeln
1416 1365 1441 1425 in
1482 1363 1528 1423 die
1559 1363 1711 1423 Saiten:
1737 1363 1859 1423 Meta

1289 1412 1361 1472 Und
1394 1409 1522 1469 Done
1556 1410 1650 1470 dich!

1241 1483 1304 1543 Zum
1351 1482 1461 1542 bessern
1490 1482 1734 1542 Verständnisse
1757 1480 1850 1540 dieses
1874 1485 2181 1545 Cabinetstückchens

1194 1534 1240 1594 des
1272 1533 1428 1593 deutschen
1459 1530 1636 1590 Homers,
1668 1530 1740 1590 muß
1771 1530 1839 1590 man
1876 1530 2026 1590 melden,
2063 1535 2115 1595 daß
2152 1537 2182 1597 es

1200 1584 1298 1644 seiner
1327 1583 1432 1643 Muse
1455 1581 1588 1641 gefallen
1624 1581 1699 1641 hat,
1734 1581 1815 1641 seine
1839 1579 1978 1639 geliebte
2002 1583 2123 1643 Done
2153 1584 2181 1644 zu

1194 1634 1341 1694 nennen,
1369 1634 1429 1694 und
1468 1631 1516 1691 daß
1550 1631 1582 1691 er
1604 1631 1702 1691 dieser
1735 1631 1833 1691 seiner
1861 1628 1981 1688 Done
2009 1634 2128 1694 jemals
2151 1635 2183 1695 zu

1202 1687 1348 1747 genießen
1383 1682 1484 1742 wenig
1513 1682 1671 1742 Hofnung
1700 1682 1778 1742 hat,
1807 1679 1886 1739 weil
1909 1682 1959 1742 ihr
1988 1682 2112 1742 Vater,
2141 1685 2180 1745 ein

1200 1736 1475 1796 wohlbehaltener
1502 1733 1642 1793 Mann,
1670 1733 1875 1793 gründlicher
1902 1733 1950 1793 als
1972 1733 2031 1793 alle
2054 1736 2183 1796 Dichter

1200 1787 1260 1847 und
1288 1784 1504 1844 Philosophen
1539 1784 1672 1844 denket,
1695 1782 1755 1842 und
1783 1784 1866 1844 ohne
1890 1784 2050 1844 Rücksicht
2073 1786 2128 1846 auf
2151 1784 2194 1844 die

1196 1828 1393 1888 Nachwelt,
1418 1828 1478 1888 mit
1499 1828 1550 1888 der
1576 1828 1838 1888 gegenwärtigen
1864 1831 1955 1891 Welt
1981 1834 2188 1894 vollkommen

1197 1873 1356 1933 zufrieden
1384 1875 1472 1935 mehr
1496 1875 1552 1935 auf
1571 1875 1622 1935 den
1646 1876 1753 1936 nervum
1791 1876 1880 1936 rerum
1913 1879 2108 1939 gerendarum
2146 1882 2192 1942 als

1200 1921 1254 1981 auf
1277 1918 1457 1978 Messiaden
1485 1919 1577 1979 sieht.

1506 1981 1658 2041 Fremde
1703 1984 1886 2044 Einfälle.

1219 2033 1256 2093 I.
1276 2029 1407 2089 Einfall
1426 2028 1476 2088 bey
1502 2028 1551 2088 der
1571 2031 1734 2091 Recension
1766 2031 1815 2091 der
1835 2037 2161 2097 Dithyramben

1520 2076 1548 2136 im
1599 2076 1701 2136 30sten
1741 2079 1866 2139 Stück.

1247 2126 1310 2186 Ist
1329 2123 1374 2183 der
1405 2125 1574 2185 Character
1598 2127 1650 2187 der
1674 2127 1995 2187 Dithyramben
2025 2133 2095 2193 nach
2124 2136 2176 2196 dem

1202 2175 1504 2235 tiefeindringenden
1531 2176 1658 2236 Urtheil
1675 2178 1723 2238 der
1745 2181 1951 2241 Recensenten
1978 2181 2031 2241 das
2053 2185 2196 2245 Sinn¬

1200 2223 1541 2283 lichthierische;
1588 2229 1646 2289 soll
1670 2231 1721 2291 der
1750 2231 1924 2291 Säufer
1954 2234 2040 2294 darin
2076 2237 2196 2297 erschei¬

1199 2273 1289 2333 nen,
1314 2273 1390 2333 oder
1426 2276 1617 2336 wenigstens
1653 2277 1703 2337 der
1734 2282 2001 2342 Taumelnde
2027 2284 2057 2344 in
2093 2287 2188 2347 seinen

1202 2321 1366 2381 Affecten:
1399 2322 1425 2382 so
1463 2330 1585 2390 möchte
1612 2330 1697 2390 jener
1729 2333 1862 2393 lallende
1894 2336 2027 2396 trunkne
2059 2337 2192 2397 Krieger

1207 2372 1279 2432 beym
1321 2375 1554 2435 Hagedorn
1585 2381 1611 2441 in
1638 2381 1735 2441 seiner
1762 2381 1844 2441 Ode
1871 2382 1927 2442 vom
1964 2381 2078 2441 Wein
2110 2387 2202 2447 ziem¬

1204 2423 1257 2483 lich
1280 2426 1420 2486 glücklich
1447 2426 1495 2486 den
1523 2432 1897 2492 Dithyrambisten
1925 2432 2114 2492 vorstellen,
2141 2436 2190 2496 der

1204 2473 1230 2533 im
1273 2476 1501 2536 vollkommnen
1528 2482 1866 2542 Parenthyrsus
1893 2479 2052 2539 jauchzet:

1301 2533 1399 2593 Kund
1434 2536 1492 2596 und
1527 2540 1556 2600 zu
1591 2542 1695 2602 wissen
1731 2539 1776 2599 sey
1806 2539 1922 2599 hiemit

1253 2586 1331 2646 Daß
1361 2586 1400 2646 ich
1434 2589 1502 2649 auch
1542 2593 1684 2653 Mohren
1724 2590 1957 2650 übermannte,

1255 2634 1321 2694 Und
1356 2635 1383 2695 zu
1423 2639 1574 2699 Morea
1608 2638 1664 2698 bey
1698 2635 1877 2695 Madrit

1261 2682 1335 2742 Den
1370 2688 1539 2748 Pontus
1574 2688 1601 2748 im
1649 2687 1785 2747 Euxin
1820 2685 2030 2745 verbrannte.

1203 2748 1276 2808 Und
1310 2747 1457 2807 vorher:

1307 2796 1379 2856 Der
1413 2801 1475 2861 alte
1503 2796 1598 2856 Wein
1632 2793 1777 2853 befeurte
1805 2790 1877 2850 mich

1261 2847 1319 2907 Als
1353 2851 1411 2911 mir
1445 2851 1496 2911 bey
1530 2845 1752 2905 Hochstädt
1779 2841 1857 2901 alles
1891 2838 1962 2898 wich

2131 2888 2202 2948 Wo
