2479 3508
251 401 308 461 und
331 399 353 459 zu
377 398 427 458 dem
468 392 558 452 Ende
577 389 656 449 Geld
674 389 804 449 nehmen
827 389 976 449 würden,
993 390 1044 450 für
1067 389 1181 449 Feinde
1198 389 1249 449 des

247 446 469 506 Vaterlandes
495 440 627 500 erkläret
653 440 708 500 und
739 440 804 500 ihre
836 440 941 500 Güter
973 437 1150 497 confisciret
1176 437 1256 497 wer¬

244 497 296 557 den
328 495 442 555 solten.
495 488 578 548 Eine
600 488 714 548 gleiche
735 489 861 549 Strafe
887 488 1002 548 wurde
1029 486 1102 546 auch
1134 486 1253 546 wieder

250 542 411 602 diejenige
445 536 602 596 Bischöfe
636 539 837 599 verhänget,
871 536 926 596 die
960 536 1010 596 sich
1050 536 1250 596 unterstehen

251 592 405 652 wurden,
430 586 519 646 einen
549 583 653 643 König
678 586 707 646 zu
733 586 946 646 proclamiren
986 583 1060 643 oder
1090 583 1263 643 Universa¬

252 643 314 703 lien
341 635 622 695 auszuschreiben,
639 634 779 694 zuwider
801 634 852 694 der
875 634 1156 694 Primatialischen
1183 631 1266 691 Vor¬

252 688 452 748 zugsrechte.
506 685 553 745 Am
601 682 833 742 Sonnabende
860 682 986 742 wurden
1024 681 1081 741 alle
1108 679 1160 739 von
1198 679 1250 739 der
1288 681 1473 741 Gesandten
1505 682 1541 742 ist
1558 682 1605 742 die
1632 682 1806 742 Nachricht
1833 682 1890 742 aus
1922 682 2197 742 Constantinopel
2224 679 2265 739 ein

257 737 514 797 Gegenparthey
555 733 711 793 errichtete
742 730 1005 790 Capturgerichte
1036 728 1172 788 caßiret,
1198 727 1253 787 und

250 786 452 846 beschlossen,
474 784 501 844 in
534 784 683 844 Zukunft
700 780 759 840 alle
781 778 941 838 Landtage
963 778 989 838 in
1023 778 1124 838 Polen
1151 775 1209 835 und
1231 773 1252 833 in

257 836 410 896 Lithauen
443 833 500 893 auf
522 830 606 890 einen
644 827 707 887 Tag
750 825 1035 885 auszuschreiben.
1105 825 1168 885 Als
1205 822 1252 882 sich

257 884 378 944 darauf
399 881 449 941 der
470 879 632 939 Landbote
658 876 714 936 von
755 873 948 933 Wilkomire
979 873 1172 933 Morgnoki
1193 872 1268 932 mel¬

260 933 345 993 dete,
372 931 425 991 daß
452 928 531 988 seine
559 924 739 984 Vorfahren
771 924 904 984 304000
942 921 1000 981 Fl.
1027 921 1074 981 der
1101 921 1266 981 Republik

245 981 503 1041 vorgeschossen,
537 975 635 1035 solche
670 972 741 1032 aber
774 972 829 1032 bis
857 969 973 1029 hieher
1006 969 1089 1029 nicht
1117 969 1265 1029 bezahlet

259 1028 408 1088 worden,
434 1025 548 1085 wurde
569 1022 773 1082 beschlossen,
798 1018 848 1078 die
873 1016 1027 1076 Summe
1053 1016 1107 1076 aus
1138 1014 1187 1074 dem
1227 1011 1271 1071 Li¬

265 1073 440 1133 thauischen
478 1070 599 1130 Schatz
626 1070 658 1130 zu
685 1067 859 1127 bezahlen.
918 1061 971 1121 Es
1003 1064 1114 1124 wurde
1147 1061 1268 1121 darauf

266 1121 378 1181 wegen
408 1118 633 1178 abzulegender
663 1112 840 1172 Rechnung
875 1109 962 1169 durch
992 1109 1041 1169 die
1071 1106 1271 1166 Schatzmei¬

270 1168 329 1228 ster
350 1166 491 1226 Gründe
517 1164 572 1224 und
598 1160 845 1220 Gegengründe
871 1157 1092 1217 beygebracht,
1119 1156 1179 1216 und
1204 1154 1274 1214 end¬

267 1219 324 1279 lich
354 1216 434 1276 weil
458 1213 486 1273 es
516 1213 545 1273 zu
580 1208 666 1268 späte
696 1207 800 1267 ward,
835 1204 887 1264 die
916 1204 1055 1264 Sitzung
1091 1201 1275 1261 geendiget.

271 1270 319 1330 Am
363 1264 526 1324 Montage
553 1258 662 1318 wurde
684 1252 732 1312 die
754 1255 847 1315 ganze
869 1253 939 1313 Zeit
962 1252 1021 1312 mit
1037 1252 1130 1312 dieser
1146 1249 1276 1309 Schatz¬

264 1318 553 1378 berathschlagung
582 1309 787 1369 zugebracht.
838 1303 941 1363 Viele
970 1301 1077 1361 trugen
1118 1298 1196 1358 vor,
1220 1298 1270 1358 die

252 1366 499 1426 Abgeordneten
543 1360 650 1420 wegen
693 1355 746 1415 der
785 1354 1080 1414 Schatzeinkünfte
1108 1351 1199 1411 solten
1237 1349 1263 1409 in

267 1416 494 1476 Eydespflicht
515 1410 700 1470 genommen
732 1404 871 1464 werden,
897 1403 959 1463 und
990 1404 1036 1464 die
1068 1400 1274 1460 Schatzmei=

263 1466 317 1526 ster
345 1464 475 1524 schuldig
504 1461 596 1521 seyn,
618 1458 672 1518 von
700 1455 809 1515 Heller
831 1452 863 1512 zu
891 1452 1060 1512 Pfenning
1088 1449 1262 1509 Rechnung

267 1512 468 1572 abzulegen.
500 1506 627 1566 Andere
654 1504 860 1564 behaupteten
892 1499 945 1559 das
972 1502 1189 1562 Gegentheil,
1205 1499 1263 1559 und

265 1563 339 1623 noch
366 1560 483 1620 andere
505 1554 712 1614 verlangten,
749 1551 802 1611 daß
830 1551 882 1611 von
920 1551 1260 1611 Schatzbedienungen

268 1612 329 1672 alle
357 1610 401 1670 die
435 1605 518 1665 nicht
541 1604 596 1664 von
625 1602 708 1662 Adel
736 1599 869 1659 wären,
908 1598 959 1658 die
987 1599 1175 1659 Ausländer
1204 1596 1264 1656 und

270 1655 499 1715 Protestanten
526 1646 772 1706 ausgeschlossen
799 1646 958 1706 würden,
991 1643 1102 1703 wobey
1135 1643 1183 1703 die
1205 1643 1279 1703 Zeit

269 1706 436 1766 verlaufen
471 1700 556 1760 war.
639 1696 686 1756 Am
744 1691 931 1751 Dienstage
955 1688 1065 1748 wurde
1099 1688 1185 1748 durch
1219 1685 1267 1745 die

278 1751 461 1811 Mehrheit
477 1745 525 1805 der
548 1742 720 1802 Stimmen
747 1736 946 1796 beschlossen,
958 1734 1011 1794 daß
1039 1733 1087 1793 die
1104 1733 1157 1793 zur
1174 1733 1270 1793 Rech¬

275 1799 362 1859 nung
394 1791 621 1851 Abgeordnete
652 1784 734 1844 nicht
755 1781 899 1841 schweren
936 1781 1085 1841 dürften,
1122 1778 1178 1838 und
1215 1778 1266 1838 daß

272 1843 409 1903 besagte
426 1837 597 1897 Rechnung
631 1834 718 1894 nicht
741 1828 1017 1888 Auszugsweise,
1039 1830 1166 1890 sondern
1200 1828 1265 1888 nach

278 1893 332 1953 der
365 1893 440 1953 alten
479 1885 712 1945 Gewohnheit
740 1882 909 1942 abgeleget
942 1879 1088 1939 werden,
1116 1881 1175 1941 und
1214 1879 1273 1939 alle

271 1942 500 2002 Dissidenten,
523 1937 657 1997 Fremde
680 1936 741 1996 und
764 1936 960 1996 bürgerliche
989 1930 1038 1990 von
1073 1933 1117 1993 den
1145 1930 1262 1990 Schatz

280 1993 496 2053 bedienungen
534 1987 777 2047 ausgeschlossen
809 1984 930 2044 werden
967 1981 1078 2041 solten.
1142 1981 1205 2041 Als
1226 1979 1279 2039 zu¬

281 2045 345 2105 letzt
367 2043 399 2103 an
427 2040 475 2100 die
498 2037 632 2097 Stande
665 2035 719 2095 der
753 2031 920 2091 Republik
953 2031 1077 2091 Briefe
1111 2028 1164 2088 von
1208 2028 1256 2088 dem

270 2096 398 2156 Herzog
425 2091 483 2151 und
510 2087 563 2147 dem
607 2085 686 2145 Adel
698 2082 756 2142 aus
778 2079 921 2139 Curland
938 2079 1178 2139 eingegangen,
1194 2076 1279 2136 wur¬

281 2146 313 2206 de
335 2144 383 2204 die
400 2138 579 2198 Verlesung
606 2133 763 2193 derselben
791 2130 845 2190 auf
872 2128 926 2188 den
964 2127 1105 2187 Morgen
1144 2125 1284 2185 verscho¬

272 2193 353 2253 ben.
403 2184 539 2244 Gestern
572 2184 604 2244 am
659 2181 805 2241 Mittage
839 2176 968 2236 wurden
1002 2175 1127 2235 besagte
1160 2175 1279 2235 Briefe

270 2236 434 2296 verlesen,
456 2231 571 2291 welche
594 2229 642 2289 zum
687 2224 851 2284 Vorwurf
873 2226 923 2286 die
945 2226 1043 2286 Bitte
1065 2224 1191 2284 hatten,
1219 2226 1273 2286 daß

285 2287 337 2347 der
359 2280 481 2340 Herzog
508 2278 560 2338 bey
587 2274 682 2334 seinen
709 2270 836 2330 Rechten
868 2275 1000 2335 erhalten
1032 2273 1159 2333 wurde.
1192 2273 1275 2333 Man

282 2330 421 2390 entwarf
451 2324 566 2384 darauf
596 2320 642 2380 ein
672 2318 823 2378 Project,
847 2323 899 2383 des
929 2324 1103 2384 Inhalts,
1144 2321 1196 2381 daß
1232 2321 1277 2381 die

282 2378 480 2438 Investitur
498 2371 550 2431 des
580 2366 720 2426 Königl.
738 2369 872 2429 Prinzen
907 2372 1012 2432 Carls
1042 2371 1181 2431 caßiret,
1217 2372 1280 2432 und

286 2431 329 2491 die
354 2425 534 2485 Bironsche
553 2417 702 2477 bestätigt
722 2419 839 2479 werden
871 2420 964 2480 solte,
983 2420 1188 2480 imgleichen,
1220 2417 1275 2477 das

286 2481 341 2541 der
366 2476 488 2536 Herzog
513 2469 568 2529 dem
605 2464 764 2524 künftigen
795 2468 917 2528 Könige
943 2467 966 2527 in
992 2469 1114 2529 Person
1139 2467 1181 2527 die
1200 2467 1279 2527 Hul=

286 2530 411 2590 digung
436 2525 465 2585 zu
490 2520 592 2580 leisten
617 2512 748 2572 schuldig
780 2513 845 2573 sey.
894 2515 966 2575 Die
990 2517 1273 2577 Unterschreibung

290 2578 382 2638 dieses
410 2573 582 2633 Projects,
603 2567 642 2627 ist
663 2563 776 2623 darauf
798 2560 897 2620 wegen
925 2566 1024 2626 später
1051 2567 1117 2627 Zeit
1138 2566 1191 2626 auf
1218 2565 1271 2625 den

289 2624 432 2684 Morgen
459 2620 668 2680 verschoben.
715 2611 760 2671 Am
807 2611 936 2671 vorigen
971 2614 1179 2674 Sonnabend
1213 2611 1271 2671 sind

292 2673 359 2733 hier
377 2672 421 2732 die
439 2667 631 2727 Woywoden
654 2662 704 2722 von
728 2658 840 2718 Kalisk
858 2658 908 2718 und
937 2661 1112 2721 Mirslaw,
1124 2661 1179 2721 wie
1203 2661 1270 2721 auch

285 2724 338 2784 der
369 2715 690 2775 Kronschatzmeister
720 2709 911 2769 angelangt,
935 2709 1048 2769 welche
1079 2709 1167 2769 ihren
1198 2709 1280 2769 Sitz

282 2772 305 2832 im
348 2769 466 2829 Senat
485 2765 692 2825 genommen.
740 2756 793 2816 Es
818 2756 853 2816 ist
871 2754 936 2814 hier
961 2757 1007 2817 die
1026 2760 1204 2820 Nachricht
1216 2757 1275 2817 ein¬

285 2821 450 2881 gelaufen,
487 2817 539 2877 daß
582 2814 628 2874 sich
664 2811 711 2871 der
741 2805 1108 2865 Kron=Großfeldherr
1138 2808 1203 2868 mit
1227 2805 1274 2865 der

282 2867 489 2927 Kronarmee
514 2864 566 2924 und
597 2861 644 2921 der
674 2855 940 2915 herrschaftlichen
978 2855 1095 2915 Militz
1114 2855 1184 2915 nach
1221 2854 1285 2914 Kar

289 2921 408 2981 miniee
433 2917 456 2977 in
490 2914 682 2974 Podolien,
715 2909 875 2969 begeben,
909 2906 964 2966 dem
1005 2903 1052 2963 die
1069 2903 1197 2963 Grafen
1222 2902 1285 2962 Po=

1282 389 1465 449 niatowski
1483 389 1543 449 mit
1566 389 1649 449 5000
1683 392 1794 452 Mann
1822 389 1905 449 ihrer
1939 389 2095 449 Truppen
2129 389 2189 449 auf
2212 392 2262 452 dem

1287 440 1353 500 Fuß
1382 440 1593 500 nachfolgen.
1633 440 1838 500 Jnzwischen
1866 440 1960 500 haben
1995 437 2061 497 drey
2084 437 2295 497 Panzerfah=

1286 488 1343 548 nen
1370 485 1529 545 gedachten
1556 488 1725 548 Feldherrn
1758 490 1927 550 verlassen,
1954 487 2012 547 und
2044 485 2091 545 die
2113 487 2287 547 Lithausche

1287 534 1425 594 Tartarn
1459 536 1558 596 stehen
1587 536 1608 596 im
1648 537 1798 597 Begriff,
1821 539 1864 599 ein
1893 536 2025 596 gleiches
2043 536 2070 596 zu
2092 536 2186 596 thun.
2209 536 2280 596 Der

1289 583 1470 643 Lithausche
1505 580 1753 640 Großfeldherr
1782 586 1838 646 hat
1873 586 1923 646 die
1952 586 2133 646 Lithausche
2168 581 2280 641 Armee

1289 631 1360 691 nach
1389 631 1527 691 Grodno
1549 632 1709 692 gezogen.
1754 634 1804 694 An
1833 634 1876 694 die
1899 634 2009 694 hiesige
2032 632 2131 692 Ruß.
2148 631 2292 691 Kaiserl.

1286 730 1472 790 gegangen,
1499 729 1555 789 daß
1581 729 1628 789 die
1655 731 1773 791 Pforte
1795 730 1846 790 dem
1888 730 2059 790 polnischen
2085 730 2292 790 Resideuten,

1286 776 1339 836 der
1361 775 1413 835 für
1436 777 1489 837 den
1516 778 1686 838 polnischen
1719 778 2129 838 Kron=Großfeldherrn,
2163 778 2295 838 Braui¬

1293 822 1339 882 ki,
1363 825 1420 885 und
1456 825 1502 885 die
1531 828 1682 888 sächsische
1712 827 1863 887 Parthey
1898 827 1944 887 sich
1980 828 2043 888 alle
2067 828 2183 888 Mühe
2207 825 2299 885 gege¬

1291 871 1370 931 ben,
1398 873 1456 933 und
1483 876 1648 936 deswegen
1675 875 1743 935 auch
1770 876 1823 936 von
1861 876 1908 936 der
1930 876 2154 936 vornehmsten
2181 873 2286 933 Wahl

1296 921 1431 981 parthey
1457 922 1567 982 zurück
1593 924 1728 984 geruffen
1764 924 1909 984 worden,
1935 924 2010 984 allen
2041 923 2207 983 Beystand
2242 919 2297 979 ab¬

1296 971 1497 1031 geschlagen,
1524 972 1583 1032 und
1610 972 1657 1032 den
1684 972 1902 1032 französischen
1934 972 2120 1032 Gesandten
2147 969 2284 1029 ersuchen

1295 1013 1421 1073 lassen,
1458 1019 1505 1079 sich
1536 1019 1620 1079 nicht
1646 1019 1754 1079 weiter
1785 1022 1808 1082 in
1845 1022 1893 1082 die
1923 1019 2099 1079 polnischen
2142 1019 2298 1079 Wahlges=

1300 1064 1414 1124 schäfte
1437 1065 1466 1125 zu
1495 1064 1650 1124 mischen.

1570 1121 1748 1181 Wilna,
1782 1127 1831 1187 den
1870 1127 1904 1187 1.
1932 1130 2026 1190 Jun.

1306 1167 1377 1227 Die
1399 1169 1558 1229 Landtäge
1580 1169 1677 1229 haben
1704 1169 1729 1229 in
1760 1172 1905 1232 Minsk,
1931 1175 2039 1235 Kauen
2080 1175 2137 1235 und
2169 1175 2286 1235 andern

1302 1213 1437 1273 Oertern
1481 1216 1535 1276 des
1568 1216 1900 1276 Großherzogthums
1938 1219 2090 1279 Lithauen
2128 1222 2215 1282 ihren
2254 1222 2302 1282 er¬

1306 1264 1485 1324 wünschten
1522 1264 1648 1324 Anfang
1680 1264 1891 1324 genommen.
1955 1261 2028 1321 Des
2055 1266 2160 1326 Herrn
2197 1267 2297 1327 Mar¬

1315 1315 1399 1375 schall
1428 1315 1552 1375 Grafen
1587 1315 1643 1375 von
1678 1315 1921 1375 Buzoslowsky
1956 1315 2142 1375 Excellenz,
2172 1315 2301 1375 welcher

1309 1369 1355 1429 sich
1385 1369 1413 1429 zu
1442 1366 1633 1426 Nowogrod
1657 1366 1819 1426 befindet,
1837 1367 1935 1427 haben
1965 1366 2016 1426 das
2040 1366 2173 1426 Urtheil
2197 1364 2289 1424 gegen

1306 1419 1356 1479 den
1391 1416 1538 1476 Obersten
1572 1417 1817 1477 Woladkowitz
1840 1418 2027 1478 bestätiget,
2062 1418 2089 1478 er
2118 1416 2174 1476 soll
2204 1416 2288 1476 durch

1305 1464 1354 1524 die
1377 1464 1471 1524 Hand
1499 1467 1548 1527 des
1571 1467 1830 1527 Scharfrichters
1859 1467 2091 1527 umkommen,
2119 1467 2179 1527 und
2213 1467 2296 1527 seine

1305 1515 1414 1575 Güter
1436 1517 1524 1577 sollen
1557 1518 1732 1578 confisciret
1750 1516 1897 1576 werden.

1612 1655 2001 1715 AVERTISSEMENT.

1357 1703 1428 1763 Den
1459 1706 1524 1766 7ten
1554 1706 1649 1766 dieses
1679 1706 1822 1766 Monats
1847 1706 2013 1766 Morgens
2050 1708 2085 1768 um
2127 1706 2144 1766 9
2175 1706 2240 1766 Uhr
2264 1706 2311 1766 ge=

1317 1751 1424 1811 schahe
1446 1751 1554 1811 allhier
1581 1751 1635 1811 auf
1657 1751 1705 1811 dem
1749 1754 2018 1814 Schloß=Balcon
2051 1754 2100 1814 die
2127 1754 2218 1814 dritte
2240 1753 2304 1813 Zie¬

1315 1799 1400 1859 hung
1434 1802 1484 1862 der
1513 1802 1654 1862 Königl.
1677 1802 1812 1862 Preuß.
1835 1805 1987 1865 Lotterie.
2033 1806 2106 1866 Die
2129 1805 2309 1865 herausge¬

1311 1851 1493 1911 kommenen
1527 1852 1710 1912 Nummern
1744 1854 1843 1914 waren
1872 1855 1932 1915 28.
1955 1858 2015 1918 63.
2032 1858 2093 1918 40.
2110 1859 2171 1919 47.
2193 1861 2254 1921 14.

1363 1957 1436 2017 Bey
1471 1957 1516 2017 dem
1562 1957 1720 2017 Verleger
1755 1961 1846 2021 dieser
1880 1963 2010 2023 Zeitung
2051 1958 2090 2018 ist
2119 1957 2147 2017 zu
2182 1957 2306 2017 haben;

1311 2009 1491 2069 Nachricht
1513 2006 1565 2066 von
1598 2008 1688 2068 denen
1720 2009 1794 2069 heut
1816 2010 1847 2070 zu
1880 2010 1964 2070 Tage
1991 2008 2150 2068 vielfältig
2189 2005 2315 2065 verder¬

1310 2055 1423 2115 benden
1463 2055 1655 2115 Kauflenten
1695 2057 1754 2117 und
1780 2058 2095 2118 Banquexotirern,
2126 2055 2184 2115 und
2214 2052 2302 2112 deren

1315 2103 1450 2163 Ursach,
1467 2103 1506 2163 8,
1530 2103 1659 2163 Hamb.
1682 2106 1738 2166 und
1767 2106 1868 2166 Leipz.
1891 2109 1975 2169 764,
2004 2106 2015 2166 1
2038 2109 2077 2169 fl.
2089 2109 2100 2169 9
2117 2106 2173 2166 gr.
2196 2103 2303 2163 Ellers

1317 2160 1361 2220 J.
1389 2154 1455 2214 Th.
1478 2152 1605 2212 physic.
1634 2154 1794 2214 chimisch=
1823 2154 1978 2214 anatom.
2001 2157 2217 2217 medicinische
2257 2153 2317 2213 Ab=

1315 2202 1547 2262 handlungen,
1570 2200 1585 2260 2
1614 2199 1741 2259 Theile,
1769 2200 1818 2260 gr.
1836 2202 1874 2262 8,
1896 2204 2001 2264 Berl.
2019 2205 2106 2265 763,
2130 2205 2146 2265 3
2163 2205 2201 2265 fl.
2235 2202 2306 2262 Der

1317 2249 1539 2309 Banquerot,
1567 2246 1609 2306 ein
1642 2246 1854 2306 bürgerliches
1881 2252 2103 2312 Trauerspiel,
2121 2252 2174 2312 von
2202 2252 2250 2312 J.
2267 2253 2310 2313 J.

1318 2300 1452 2360 Dusch,
1472 2298 1522 2358 8,
1542 2294 1676 2354 Hamb.
1702 2296 1791 2356 763,
1811 2297 1856 2357 21
1882 2302 1939 2362 gr.
1991 2300 2118 2360 Briese
2138 2297 2214 2357 über
2247 2294 2317 2354 ver¬

1319 2348 1475 2408 schiedene
1497 2342 1719 2402 Gegenstände
1747 2346 1800 2406 von
1828 2346 1876 2406 J.
1898 2348 1946 2408 A.
1968 2347 2146 2407 Philippi,
2169 2345 2206 2405 8,
2228 2345 2314 2405 764,

1312 2396 1323 2456 2
1351 2396 1390 2456 fl.
1435 2393 1558 2453 Kleine
1586 2393 1753 2453 Schriften
1781 2396 1837 2456 aus
1860 2396 1915 2456 den
1944 2396 2067 2456 schönen
2095 2392 2318 2452 Wissenschaf=

1315 2446 1359 2506 ten
1393 2445 1448 2505 und
1476 2440 1520 2500 der
1548 2442 1787 2502 Sitttenlehre,
1810 2444 1853 2504 8,
1871 2443 1987 2503 Danz.
2010 2446 2093 2506 764,
2127 2446 2137 2506 1
2165 2446 2204 2506 fl.
2221 2446 2231 2506 9
2260 2446 2315 2506 gr.

1320 2492 1574 2552 Regententafel
1592 2488 1647 2548 auf
1665 2491 1721 2551 das
1750 2492 1840 2552 Jahr
1863 2494 1947 2554 764,
1965 2494 2026 2554 fol.
2050 2497 2066 2557 4
2084 2495 2139 2555 gr.
2185 2494 2314 2554 Dusch,

1318 2548 1369 2608 J.
1387 2544 1433 2604 J.
1451 2539 1698 2599 Glückseligkeit
1728 2542 1774 2602 der
1803 2542 2086 2602 Tugendhaften,
2116 2545 2242 2605 Epistel
2272 2542 2300 2602 an

1321 2590 1424 2650 Herrn
1454 2587 1505 2647 von
1535 2590 1754 2650 Bernsdorff,
1778 2593 1819 2653 8,
1843 2593 1911 2653 Alt.
1941 2591 2027 2651 763,
2051 2594 2091 2654 15
2115 2593 2166 2653 gr.
2190 2591 2316 2651 Dusch,

1315 2640 1365 2700 der
1389 2637 1564 2697 Bankerot
1588 2636 1627 2696 ein
1661 2642 1871 2702 bürgerliches
1894 2643 2122 2703 Trauerspiel,
2151 2646 2190 2706 8,
2213 2643 2314 2703 Berl.

1312 2692 1401 2752 764,
1430 2688 1471 2748 21
1493 2684 1547 2744 gr.

1321 2821 1413 2881 Diese
1431 2817 1571 2877 Gelehrte
1589 2819 1640 2879 und
1664 2819 1827 2879 Politische
1845 2821 1972 2881 Zeitung
1996 2820 2065 2880 wird
2095 2817 2142 2877 des
2165 2820 2316 2880 Montags

1420 2861 1475 2921 und
1509 2864 1654 2924 Freytags
1678 2864 1699 2924 in
1722 2861 1766 2921 dem
1806 2861 2002 2921 Kanterschen
2030 2861 2209 2921 Buchladen

1706 2905 1923 2965 ausgegeben.
