2479 3508
343 374 402 434 Wo
436 380 475 440 ich
509 380 562 440 des
596 377 728 437 Bassa
762 380 967 440 Roßschweif
995 382 1113 442 kürzte,

339 425 416 485 Der
448 428 494 488 als
526 424 557 484 er
588 425 686 485 blutig
723 427 785 487 mir
817 428 941 488 entlief,

338 473 414 533 Den
448 473 688 533 Nepomuck
717 473 749 533 zu
782 478 886 538 Hülfe
914 477 979 537 rief

347 522 414 582 Und
451 524 525 584 dann
562 524 617 584 sich
649 524 673 584 in
710 524 759 584 die
784 527 937 587 Wolga
970 527 1086 587 stürzte
1118 527 1148 587 u.
1167 527 1197 587 s.
1216 528 1246 588 f.

306 594 361 654 II.
383 595 536 655 Beytrag
558 597 590 657 zu
613 597 837 657 unbekannten
876 600 1258 660 anakreontischen

526 646 694 706 Gesängen
728 648 792 708 noch
821 646 912 706 roher
940 646 1076 706 Völker.

338 692 410 752 Wie
433 694 516 754 artig
540 694 589 754 die
612 695 758 755 Schäfer
781 694 808 754 in
831 697 1026 757 Irrland
1049 697 1150 757 haben
1184 696 1284 756 singen

285 745 441 805 können,
468 745 566 805 davon
593 742 681 802 giebt
702 742 754 802 das
781 745 910 805 Hamb.
932 745 1088 805 Magazin
1114 745 1135 805 im
1172 745 1229 805 26.
1245 745 1291 805 B.

294 792 336 852 1.
358 792 466 852 Stück
493 792 563 852 eine
591 789 719 849 Probe.
769 792 850 852 Hier
872 792 909 852 ist
937 789 1006 849 eine
1034 792 1087 852 von
1126 794 1174 854 den
1207 792 1282 852 alten

296 842 609 902 Esthländern,
636 840 688 900 der
715 840 831 900 andern
869 840 1017 900 Provinz
1050 842 1075 902 in
1113 840 1166 900 dem
1209 840 1298 900 weit¬

297 939 392 999 dische
419 939 553 999 Kriegs=
567 936 631 996 und
658 939 998 999 Friedensgeschichte,
1018 939 1043 999 so
1070 941 1127 1001 gut
1147 939 1172 999 es
1199 939 1262 999 ist:

475 1010 591 1070 Jörru!
623 1010 740 1070 Jörru!
772 1009 870 1069 jooks
896 1007 957 1067 Ma
989 1007 1099 1067 Tullen

386 1055 464 1115 Erra
494 1057 573 1117 tulle
603 1054 731 1114 Ellaken

389 1102 507 1162 Micks
537 1101 566 1161 ep
602 1100 655 1160 ella
691 1100 750 1160 eile
780 1100 915 1160 tulnut?

395 1148 463 1208 Eile
494 1148 572 1208 ollin
605 1145 672 1205 Ella
704 1148 845 1208 uxinesse

386 1198 484 1258 Nüht
513 1198 594 1258 ollen
628 1193 743 1253 Wirbi
766 1196 914 1256 wiekesse

391 1249 488 1309 Tulle
521 1247 634 1307 Home
662 1243 867 1303 Homikulla

387 1300 452 1360 Kef
483 1297 566 1357 ollen
597 1297 680 1357 Jelle
711 1294 854 1354 üxinesse

387 1348 581 1408 Karkotella
613 1345 701 1405 Kaste
733 1345 796 1405 Ella

387 1399 489 1459 Siuka
516 1395 633 1455 Sittika
667 1392 805 1452 Willula

381 1446 461 1506 Siess
494 1443 575 1503 ollen
613 1440 759 1500 Walmis
786 1443 964 1503 Wainijull

395 1494 520 1554 Kaunis
544 1493 633 1553 karja
663 1491 853 1551 Satemalle.

475 1566 564 1626 Eine
593 1566 654 1626 alte
683 1566 823 1626 deutsche
852 1563 1110 1623 Uebersetzung:

470 1622 635 1682 Jerru!
669 1622 729 1682 soll
752 1622 796 1682 ich
830 1622 857 1682 zu
896 1619 940 1679 dir
974 1622 1145 1682 kommen!

393 1673 514 1733 Nein!
546 1673 631 1733 mein
663 1665 837 1725 Liebchen!
870 1667 965 1727 heute
997 1669 1076 1729 nicht

390 1718 520 1778 Warum
567 1714 635 1774 hast
661 1712 698 1772 du
735 1711 823 1771 deine
855 1706 980 1766 Pflicht

390 1763 529 1823 Gestern
567 1761 647 1821 nicht
674 1757 781 1817 inacht
808 1755 1027 1815 genommen;

395 1811 528 1871 Gestern
567 1810 636 1870 war
663 1806 705 1866 ich
738 1808 818 1868 ganz
850 1808 962 1868 allein,

390 1861 486 1921 Heut
511 1858 596 1918 werd
627 1858 669 1918 ich
700 1858 791 1918 selbst
816 1856 913 1916 fünfe
939 1861 1029 1921 seyn.

466 1936 612 1996 Morgen
647 1936 674 1996 in
717 1933 764 1993 der
794 1934 1078 1994 Morgenstunde,

388 1987 708 2047 Wohlgewachsnes
737 1984 967 2044 Zweigelein!

391 2035 477 2095 Will
500 2037 543 2097 ich
576 2034 696 2094 wieder
729 2031 794 2091 seyn
827 2032 941 2092 allein.

386 2084 489 2144 Drum
538 2083 566 2143 so
599 2083 691 2143 traue
719 2082 844 2142 meinem
894 2079 1046 2139 Munde,

396 2137 461 2197 Und
499 2135 586 2195 komm
631 2130 761 2190 morgen
800 2127 853 2187 ohn
892 2127 1066 2187 Beschwer

395 2187 434 2247 Zu
469 2187 536 2247 mir
564 2184 590 2244 in
625 2181 699 2241 voll
720 2177 902 2237 Sprüngen
937 2178 1011 2238 her.

469 2249 575 2309 Wenn
611 2246 663 2306 der
693 2243 787 2303 Thau
823 2247 958 2307 beginnt
983 2251 1012 2311 zu
1048 2252 1165 2312 fallen,

393 2302 466 2362 Und
499 2300 546 2360 die
574 2296 696 2356 trockne
728 2289 813 2349 Erde
846 2294 946 2354 kühlt,

388 2348 494 2408 Wenn
533 2345 650 2405 annoch
684 2339 734 2399 der
768 2342 868 2402 Käfer
897 2348 1002 2408 spielt,

388 2401 482 2461 Will
502 2396 545 2456 ich
577 2394 627 2454 dir
659 2390 740 2450 schon
773 2390 803 2450 zu
842 2395 1011 2455 Gefallen,

382 2449 554 2509 Liebster!
586 2442 643 2502 auf
676 2437 726 2497 dem
772 2437 873 2497 Rasen
906 2443 988 2503 stehn

398 2503 462 2563 Und
495 2497 560 2557 mit
587 2491 638 2551 dir
665 2488 717 2548 der
743 2485 854 2545 Heerd
880 2494 1056 2554 nachgehn,

345 2560 400 2620 Ein
436 2560 640 2620 Schäferlied
669 2551 732 2611 voll
754 2545 880 2605 Einfalt
902 2552 958 2612 und
987 2556 1191 2616 Zärtlichkeit
1199 2551 1212 2611 !

281 2635 344 2695 III.
372 2633 441 2693 Bey
470 2633 686 2693 Gelegenheit
708 2626 756 2686 der
786 2623 883 2683 Bitte
905 2620 953 2680 des
982 2625 1121 2685 Pabstes
1157 2628 1191 2688 an
1227 2630 1275 2690 den

340 2685 443 2745 König
468 2679 694 2739 Stanislaus,
706 2676 748 2736 die
774 2673 828 2733 aus
847 2670 1030 2730 Frankreich
1056 2675 1238 2735 vertriebne

398 2732 547 2792 Jesuiten
578 2730 601 2790 in
626 2727 816 2787 Lothringen
841 2721 1097 2781 aufzunehmen,
1110 2726 1169 2786 wie

509 2778 541 2838 es
568 2778 671 2838 einige
691 2776 859 2836 Zeitungen
886 2769 1061 2829 meldeten.

383 2849 543 2909 Tol,
569 2849 685 2909 Nestor
711 2848 766 2908 des
792 2846 952 2906 Princes!

334 2906 410 2966 Roi
436 2903 448 2963 &
493 2900 696 2960 Philosophe
729 2897 945 2957 bienfaisant,

1376 375 1415 435 La
1450 376 1563 436 France
1598 380 1665 440 met
1694 379 1773 439 dans
1802 380 1847 440 ses
1870 377 2046 437 Provinces

1378 423 1422 483 Le
1452 425 1600 485 Loyolite
1636 427 1670 487 au
1705 427 1759 487 ban

1374 473 1413 533 Le
1444 474 1525 534 Pape
1561 475 1626 535 trop
1663 476 1809 536 clement
1835 476 1920 536 pour
1951 476 1977 536 sa
2008 476 2260 536 Gendarmerie,

1376 524 1549 584 Demande
1584 523 1617 583 un
1652 524 1738 584 asyle
1768 525 1845 585 dans
1879 526 1942 586 Tes
1967 524 2130 584 contrées.

1372 573 1447 633 Ah!
1473 572 1559 632 pour
1585 572 1737 632 l'amour
1763 574 1798 634 de
1824 572 1904 632 Dicu
1941 575 1950 635 &
1997 575 2052 635 des
2073 575 2169 635 Têtes
2195 575 2336 635 facrées,

1371 619 1533 679 Renonce
1563 619 1576 679 à
1606 619 1639 679 ce
1668 619 1739 679 titre
1769 622 1830 682 que
1860 623 1931 683 l'on
1965 622 2123 682 T’euvie,

1372 670 1412 730 Et
1438 670 1468 730 en
1504 670 1534 730 ce
1565 670 1615 730 cas
1646 670 1681 730 ne
1712 670 1777 730 sois
1804 670 1859 730 pas
1885 673 2189 733 bienfaisant.

1702 769 1948 829 Hamburg.

1376 813 1503 873 Allhier
1538 813 1578 873 ist
1608 815 1677 875 noch
1718 816 1747 876 im
1794 816 1921 876 vorigen
1962 819 2055 879 Jahr
2090 817 2142 877 bey
2177 819 2322 879 Grunds

1326 861 1465 921 Wittwe
1486 864 1827 924 herausgekommen:
1860 860 1966 920 "Der
1993 867 2121 927 Arzt,
2148 869 2212 929 eine
2239 870 2334 930 medi¬

292 891 410 951 läuftig
440 891 646 951 sogenannten
669 891 883 951 Liefland,
906 890 964 950 und
995 890 1135 950 Kelchs
1158 891 1298 951 Lieflän=
1335 911 1490 971 „einische
1505 911 1778 971 Wochenschrift,
1802 912 1874 972 9ter
1898 912 1957 972 und
1987 915 2075 975 10ter
2098 915 2215 975 Theil,
2238 916 2252 976 2
2275 917 2333 977 Al=

1324 955 1468 1015 „phabet
1492 957 1503 1017 7
1531 958 1642 1018 Bogen
1671 960 1726 1020 gr.
1744 957 1838 1017 8vo."
1906 958 1950 1018 Es
1978 960 2012 1020 ist
2035 961 2112 1021 schon
2141 964 2185 1024 ein
2214 966 2336 1026 günsti¬

1329 1007 1384 1067 ges
1412 1004 1606 1064 Vorurtheil
1629 1004 1679 1064 bey
1707 1004 1789 1064 einer
1812 1004 2078 1064 Wochenschrift,
2101 1013 2189 1073 wenn
2218 1013 2250 1073 sie
2273 1014 2322 1074 sich

1323 1051 1418 1111 lange
1443 1052 1567 1112 erhält,
1598 1052 1627 1112 ob
1663 1052 1722 1112 wir
1753 1052 1842 1112 gleich
1878 1051 1925 1111 bey
1962 1055 2080 1115 einigen
2123 1059 2194 1119 auch
2224 1061 2319 1121 hinzu

1332 1097 1418 1157 setzen
1446 1100 1581 1160 müssen,
1598 1097 1653 1157 daß
1680 1097 1707 1157 es
1735 1097 1832 1157 nichts
1860 1097 1969 1157 weiter
1991 1100 2039 1160 als
2068 1103 2105 1163 ein
2133 1106 2334 1166 Vorurtheil

1323 1145 1383 1205 ist.
1429 1142 1550 1202 Dieses
1576 1145 1692 1205 letztere
1713 1145 1829 1205 können
1860 1145 1921 1205 wir
1941 1145 1996 1205 von
2032 1148 2082 1208 der
2114 1153 2336 1213 gegenwärti¬

1327 1195 1382 1255 gen
1410 1191 1493 1251 nicht
1516 1193 1720 1253 behaupten,
1743 1194 1853 1254 welche
1882 1196 1970 1256 durch
2004 1196 2069 1256 ihre
2098 1198 2247 1258 nützliche
2270 1201 2330 1261 Ab¬

1326 1240 1537 1300 handlungen
1568 1242 1625 1302 und
1651 1240 1846 1300 angenehme
1873 1243 2150 1303 Abwechselungen
2182 1246 2248 1306 noch
2275 1247 2326 1307 be¬

1334 1291 1455 1351 ständig
1489 1291 1555 1351 sehr
1583 1291 1809 1351 unterhaltend
1838 1294 1893 1354 ist.
1949 1294 2120 1354 Hamburg
2154 1297 2208 1357 hat
2231 1297 2330 1357 ohne¬

1335 1345 1386 1405 dem
1432 1342 1476 1402 die
1494 1342 1600 1402 Ehre,
1618 1344 1668 1404 daß
1697 1343 1742 1403 die
1765 1345 1839 1405 erste
1856 1345 2110 1405 Wochenschrift
2128 1347 2155 1407 in
2179 1348 2330 1408 Deutsch=

1326 1393 1400 1453 land
1427 1393 1453 1453 es
1480 1393 1527 1453 für
1555 1393 1650 1453 seinen
1677 1396 1884 1456 Geburtsort
1906 1396 2075 1456 erkennet,
2098 1399 2134 1459 da
2167 1399 2230 1459 der
2257 1399 2331 1459 Pa¬

1316 1443 1436 1503 triot
1464 1441 1524 1501 fast
1558 1441 1606 1501 der
1640 1442 1710 1502 erste
1739 1446 1952 1506 Nachahmer
1986 1446 2034 1506 des
2062 1446 2232 1506 englischen
2271 1449 2330 1509 Zu¬

1329 1491 1472 1551 schauers
1509 1491 1678 1551 gewesen,
1700 1492 1761 1552 und
1798 1493 1864 1553 wer
1896 1494 2009 1554 kennet
2040 1496 2065 1556 in
2107 1497 2318 1557 Deutschland

1332 1541 1416 1601 nicht
1437 1539 1505 1599 noch
1538 1539 1585 1599 die
1606 1542 1976 1602 verehrungswürdigen
2009 1545 2135 1605 Namen
2162 1545 2246 1605 eines
2273 1545 2331 1605 Fa¬

1331 1587 1478 1647 bricius,
1495 1587 1610 1647 Richey
1637 1587 1695 1647 und
1722 1587 1880 1647 Brockes,
1907 1592 2017 1652 welche
2039 1593 2107 1653 eben
2139 1593 2165 1653 so
2186 1593 2244 1653 wie
2266 1593 2307 1653 Ad

1320 1631 1423 1691 disson
1453 1631 1511 1691 und
1541 1630 1658 1690 Steele
1678 1631 1726 1691 sich
1752 1634 1932 1694 unsterblich
1957 1637 2114 1697 gemacht.
2149 1637 2222 1697 Der
2237 1637 2320 1697 Herr

1320 1672 1496 1732 Verfasser
1531 1673 1580 1733 der
1610 1673 1865 1733 gegenwärtigen
1900 1679 2150 1739 Wochenschrift
2180 1682 2327 1742 bedienet

1328 1718 1378 1778 sich
1409 1718 1459 1778 der
1490 1718 1626 1778 neuesten
1657 1723 1899 1783 Entdeckungen
1930 1724 1960 1784 in
1996 1724 2046 1784 der
2077 1727 2329 1787 Arzeneykunst,

1319 1763 1431 1823 welche
1460 1768 1487 1828 in
1527 1766 1577 1826 den
1617 1769 1784 1829 englischen
1824 1770 1880 1830 und
1914 1773 2138 1833 französischen
2166 1779 2328 1839 Wochen¬

1328 1818 1458 1878 blättern
1487 1821 1544 1881 zum
1584 1817 1755 1877 Vorschein
1778 1822 1948 1882 kommen,
1978 1825 2034 1885 mit
2063 1825 2148 1885 einer
2177 1829 2245 1889 sehr
2268 1832 2325 1892 gu¬

1327 1870 1375 1930 ten
1403 1870 1505 1930 Wahl
1528 1867 1603 1927 ohne
1631 1870 1652 1930 in
1685 1871 1733 1931 den
1766 1873 1924 1933 Verdacht
1946 1873 2027 1933 eines
2049 1876 2271 1936 Abschreibers
2288 1880 2314 1940 zu

1326 1921 1448 1981 fallen,
1475 1921 1555 1981 weil
1582 1921 1662 1981 seine
1689 1921 1779 1981 eigne
1812 1924 2073 1984 Abhandlungen
2111 1923 2174 1983 doch
2212 1926 2323 1986 immer

1331 1970 1384 2030 den
1411 1969 1537 2029 größten
1570 1969 1664 2029 Theil
1686 1972 1903 2032 ausmachen,
1930 1974 1987 2034 und
2014 1973 2131 2033 streuet
2152 1972 2210 2032 das
2237 1974 2321 2034 Salz

1326 2017 1379 2077 der
1406 2019 1554 2079 Satyre,
1576 2017 1644 2077 doch
1678 2017 1735 2077 nur
1757 2020 1996 2080 Körnerweise,
2023 2023 2102 2083 über
2124 2023 2204 2083 seine
2231 2025 2331 2085 Blät¬

1322 2067 1396 2127 ter,
1418 2064 1502 2124 ohne
1519 2064 1572 2124 den
1605 2067 1791 2127 Geschmack
1824 2069 1892 2129 auch
1931 2072 1978 2132 der
2011 2073 2245 2133 ernsthaftesten
2278 2073 2330 2133 Le¬

1329 2117 1373 2177 ser
1399 2115 1423 2175 zu
1459 2112 1635 2172 vereckeln.
1682 2112 1761 2172 Wir
1792 2118 1978 2178 bedauren,
2005 2121 2059 2181 daß
2095 2121 2125 2181 er
2155 2122 2190 2182 an
2226 2124 2321 2184 seiner

1327 2163 1505 2223 geschickten
1533 2159 1650 2219 Gattin
1679 2161 1762 2221 zwar
1785 2162 1867 2222 nicht
1885 2163 1907 2223 in
1941 2169 1990 2229 der
2013 2170 2231 2230 Hauptsache,
2253 2175 2319 2235 doch

1324 2217 1379 2277 zum
1425 2211 1591 2271 wenigsten
1631 2208 1658 2268 in
1698 2208 1747 2268 den
1787 2208 1926 2268 witzigen
1966 2219 2311 2279 Nebenverzierungen

1327 2261 1424 2321 seiner
1446 2255 1581 2315 Schrift
1603 2254 1668 2314 eine
1685 2258 1961 2318 liebenswürdige
1984 2261 2135 2321 Gehülfin
2163 2267 2325 2327 verloren.

1323 2307 1399 2367 Der
1426 2309 1557 2369 Neunte
1579 2303 1682 2363 Theil
1699 2306 1791 2366 fangt
1814 2306 1873 2366 mit
1895 2306 1944 2366 dem
1994 2309 2108 2369 209ten
2141 2312 2249 2372 Stück
2272 2313 2331 2373 an,

1322 2358 1381 2418 und
1404 2357 1512 2417 endigt
1529 2354 1572 2414 sich
1600 2354 1654 2414 mit
1671 2351 1714 2411 den
1742 2357 1889 2417 234sten.
1911 2354 2086 2414 Liebhaber
2108 2357 2156 2417 der
2173 2361 2325 2421 Arzeney=

1323 2408 1411 2468 kunst
1432 2407 1490 2467 und
1516 2403 1646 2463 Kranke
1668 2404 1787 2464 werden
1819 2408 1881 2468 hier
1907 2405 1959 2465 den
1991 2408 2246 2468 Mechanismus
2272 2414 2319 2474 der

1328 2455 1526 2515 Verdauung
1561 2450 1611 2510 der
1634 2452 1805 2512 Speisen,
1840 2455 1890 2515 die
1914 2455 2027 2515 Natur
2056 2457 2107 2517 der
2130 2460 2328 2520 Wechselsie¬

1322 2505 1403 2565 ber,
1425 2504 1474 2564 die
1502 2501 1572 2561 Cur
1605 2501 1653 2561 der
1681 2503 1806 2563 Gicht,
1828 2503 1882 2563 des
1916 2503 2013 2563 kalten
2052 2509 2231 2569 Brandes,
2264 2512 2312 2572 der

1327 2554 1504 2614 Fettigkeit
1526 2551 1587 2611 und
1620 2550 1670 2610 der
1703 2554 2062 2614 Blutentzündungen,
2096 2558 2145 2618 den
2174 2560 2312 2620 Zustand

1329 2602 1384 2662 der
1412 2599 1649 2659 Arzeneykunst
1678 2601 1699 2661 in
1728 2602 1860 2662 China,
1888 2604 1932 2664 die
1961 2605 2220 2665 Abhandlungen
2254 2608 2309 2668 von

1318 2649 1371 2709 den
1409 2646 1702 2706 zurückführenden
1746 2651 1890 2711 Adern,
1928 2651 1986 2711 vom
2040 2654 2211 2714 Gebrauch
2260 2658 2312 2718 des

1318 2698 1561 2758 Quecksilbers,
1587 2694 1642 2754 vom
1684 2700 1932 2760 Bandwurme,
1958 2700 2014 2760 vom
2055 2703 2237 2763 Zinnober,
2253 2703 2308 2763 von

1321 2748 1380 2808 den
1406 2743 1723 2803 Blutreinigungen,
1744 2747 1799 2807 von
1830 2748 1875 2808 den
1911 2748 2122 2808 Krankheiten
2153 2751 2202 2811 der
2218 2751 2323 2811 Haut,

1316 2794 1376 2854 von
1402 2796 1447 2856 den
1478 2793 1681 2853 periodischen
1707 2796 1991 2856 Verwandlungen
2022 2796 2072 2856 des
2093 2796 2311 2856 menschlichen

1318 2845 1463 2905 Körpers
1489 2844 1525 2904 u.
1546 2841 1577 2901 a.
1593 2842 1639 2902 m.
1655 2844 1971 2904 bemerkenswürdig
1998 2847 2122 2907 finden,
2138 2844 2184 2904 die
2201 2847 2319 2907 Freun¬

1318 2894 1350 2954 de
1382 2894 1429 2954 des
1457 2891 1578 2951 Witzes
1605 2891 1669 2951 und
1701 2896 1749 2956 der
1776 2894 1908 2954 Satyre
1935 2894 2052 2954 werden
2090 2894 2137 2954 die
2170 2894 2318 2954 Verglei¬

2201 2945 2306 3005 chung
