2479 3508
196 377 247 437 nes
276 377 400 437 Vaters
423 373 467 433 die
491 370 598 430 Augen
621 366 784 426 eröfnete.
830 372 982 432 Salomo
1006 369 1084 429 wird
1119 369 1186 429 hier

196 425 222 485 im
261 425 411 485 Anfange
434 419 476 479 als
504 418 541 478 ein
574 416 748 476 Freygeist,
770 418 883 478 sodann
911 419 953 479 als
986 422 1029 482 ein
1057 419 1191 479 Melan¬

198 473 365 533 cholikus,
387 468 435 528 der
462 464 559 524 seines
581 462 700 522 Lebens
727 467 921 527 überdrüßig
949 470 1008 530 ist,
1035 469 1094 529 und
1122 466 1191 526 end¬

199 521 247 581 lich
274 521 317 581 als
355 516 392 576 ein
420 512 673 572 rechtgläubiger
695 515 835 575 Israelit
863 515 1062 575 geschildert.
1111 515 1186 575 Der

195 569 358 629 Verfasser
380 563 432 623 hat
454 561 501 621 die
522 560 627 620 Chöre
649 562 696 622 der
723 565 807 625 Alten
839 566 923 626 durch
950 566 1091 626 Sänger
1124 563 1181 623 und

195 612 432 672 Sängerinnen
463 607 655 667 nachahmen
686 609 817 669 wollen.
868 613 944 673 Der
970 611 1035 671 Tod
1062 610 1111 670 des
1132 610 1197 670 He¬

198 661 295 721 man,
322 660 373 720 der
399 658 450 718 den
487 657 636 717 Salomo
668 655 724 715 vor
750 660 853 720 seinem
890 658 983 718 Ende
1009 658 1122 718 frägt,
1148 658 1179 718 ob

192 709 226 769 er
246 706 344 766 etwas
369 705 403 765 an
437 704 536 764 seinen
575 704 678 764 Vater
698 707 810 767 David
845 708 875 768 zu
909 707 1051 767 bestellen
1086 708 1188 768 hatte,

192 755 280 815 giebt
305 751 403 811 diesem
448 754 648 814 Schauspiel
673 756 727 816 den
762 757 889 817 Namen
929 757 1011 817 eines
1046 757 1188 817 Trauer¬

196 801 306 861 spiels.
352 798 427 858 Von
457 801 507 861 der
528 801 709 861 Reimlosen
734 804 905 864 Versart,
931 804 976 864 die
1006 804 1031 864 in
1067 804 1162 864 diesem

195 849 335 909 Gedicht
361 849 532 909 gebraucht
558 852 713 912 worden,
749 852 885 912 schreibt
911 850 960 910 der
991 852 1122 912 Dichter
1153 849 1177 909 in

190 897 237 957 der
259 897 403 957 Vorrede
425 900 510 960 also:
575 900 789 960 Fünffüßtge
816 900 912 960 Verse
945 900 1088 960 wechseln
1126 900 1190 960 mit

200 945 460 1005 "Sechssüßigen
494 951 552 1011 ab,
575 951 645 1011 doch
667 951 721 1011 so,
748 953 802 1013 daß
835 951 905 1011 jene
933 948 987 1008 die
1014 948 1193 1008 herrschen¬

201 992 267 1052 "den
299 998 438 1058 bleiben.
486 998 563 1058 Den
589 999 776 1059 jambischen
802 998 889 1058 Vers
910 998 1107 1058 unterbricht
1128 995 1190 1055 bis¬

201 1043 327 1103 "weilen
365 1048 406 1108 ein
439 1047 660 1107 trochäischer,
692 1049 888 1109 derjenige,
920 1047 967 1107 den
1010 1046 1057 1106 die
1089 1046 1173 1106 Alten

193 1097 517 1157 „Hendekasyllabus
538 1100 698 1160 nannten.
745 1099 821 1159 Der
837 1094 981 1154 Anapäst
997 1097 1120 1157 nimmt
1136 1095 1182 1155 die

207 1145 330 1205 Stelle
357 1148 403 1208 des
429 1148 583 1208 Jambus
605 1148 640 1208 da
667 1150 739 1210 ein,
766 1148 812 1208 wo
833 1148 863 1208 es
890 1148 936 1208 die
957 1148 1184 1208 nothwendige

1234 369 1488 429 "Abwechselung
1526 369 1596 429 oder
1618 369 1666 429 der
1694 372 1829 432 Inhalt
1857 372 1883 432 zu
1916 369 2077 429 erfordern
2111 369 2229 429 schien.

1249 418 1318 478 Und
1344 419 1404 479 aus
1430 419 1495 479 eben
1526 416 1621 476 diesen
1652 417 1798 477 Ursachen
1829 419 1904 479 wird
1935 419 1980 479 der
2001 419 2081 479 Vers
2102 419 2227 479 manch¬

1249 464 1318 524 mal
1349 467 1439 527 durch
1475 464 1524 524 den
1560 464 1730 524 Jonicus,
1761 467 1810 527 den
1846 467 1956 527 dritten
1992 467 2117 527 Påon,
2142 467 2212 527 oder

1247 515 1324 575 auch
1359 515 1447 575 durch
1482 512 1537 572 den
1566 509 1772 569 Pyrhichius
1806 515 2013 575 geschlossen.

2078 515 2115 575 In
2147 515 2195 575 dem

1225 562 1315 622 ersten
1345 562 1486 622 Auftritt
1506 560 1551 620 der
1572 560 1687 620 zwoten
1718 563 1894 623 Handlung
1925 565 2045 625 kommt
2071 566 2115 626 ein
2141 563 2221 623 Feh¬

1223 610 1267 670 ler
1292 610 1390 670 wider
1420 610 1463 670 die
1488 607 1674 667 Reinigkeit
1704 606 1753 666 der
1783 610 1940 670 deutschen
1970 610 2116 670 Sprache
2146 610 2219 670 vor,

1225 660 1274 720 zum
1319 655 1481 715 Beweis,
1506 655 1560 715 daß
1590 656 1638 716 der
1659 654 1717 714 alte
1738 654 1895 714 Gedanke
1925 655 1978 715 des
2013 655 2121 715 weisen
2151 658 2224 718 Sa¬

1219 706 1299 766 lomo
1325 706 1436 766 (große
1457 703 1547 763 Leute
1573 706 1669 766 fehlen
1695 703 1790 763 auch)
1811 703 1877 763 auch
1903 703 1922 763 in
1948 706 2039 766 seinem
2080 707 2216 767 Trauer¬

1228 757 1301 817 spiel
1322 755 1470 815 erneuret
1490 754 1608 814 werde.
1657 751 1785 811 Heman
1815 754 1947 814 spricht:

1471 801 1578 861 Mich
1611 801 1773 861 gebuhret
1800 798 1859 858 nur

1500 846 1504 906 —
1588 846 1680 906 Doch
1707 849 1763 909 wir
1785 849 1893 909 wollen
1919 849 1997 909 diese
2018 849 2214 909 Kleinigkeit

1225 852 1253 912 zu
1283 849 1409 909 hören.

1221 898 1289 958 eher
1316 897 1364 957 für
1396 897 1481 957 einen
1514 897 1763 957 Schreibfehler
1790 899 1923 959 halten,
1950 900 2024 960 oder
2051 897 2088 957 sie
2115 897 2210 957 lieber

1225 946 1279 1006 auf
1300 948 1345 1008 die
1365 948 1541 1008 Rechnung
1571 948 1621 1008 des
1652 946 1837 1006 Correctors
1868 947 1913 1007 als
1948 945 1998 1005 des
2024 948 2204 1008 Verfassers

1226 995 1395 1055 schreiben.
1447 997 1544 1057 Denn
1576 996 1658 1056 sollte
1679 995 1838 1055 Klopstock
1864 997 1946 1057 nicht
1973 998 2019 1058 ein
2050 997 2204 1057 deutscher

1224 1046 1329 1106 Autor
1357 1046 1516 1106 Classicus
1554 1046 1655 1106 seyn?
1703 1046 1820 1106 Kostet
1847 1046 1878 1106 in
1921 1046 1969 1106 der
2001 1047 2208 1107 Kanterschen

1219 1095 1485 1155 Buchhandiung
1508 1095 1643 1155 allhier,
1671 1097 1725 1157 wie
1758 1097 1823 1157 auch
1851 1097 1878 1157 in
1906 1097 2025 1157 Elbing
2053 1099 2112 1159 und
2145 1093 2221 1153 Mi¬

1222 1145 1268 1205 tau
1310 1148 1320 1208 3
1346 1148 1382 1208 fl.
1398 1148 1423 1208 in
1455 1148 1548 1208 neuem
1590 1148 1703 1208 preuß.
1719 1148 1827 1208 Cour.

392 1299 685 1359 Strasburg,
722 1300 778 1360 den
810 1300 850 1360 9.
877 1300 984 1360 May.

240 1345 314 1405 Die
335 1345 477 1405 Königl.
494 1342 710 1402 französischen
743 1342 895 1402 Truppen
928 1342 1048 1402 werden
1081 1342 1170 1402 diesen

192 1391 351 1451 Sommer
379 1390 444 1450 vier
468 1387 674 1447 Hauptläger
698 1387 871 1447 formiren,
895 1387 979 1447 wozu
1012 1387 1082 1447 Se.
1101 1387 1185 1447 Ma¬

188 1437 263 1497 jest.
283 1439 293 1499 4
324 1434 521 1494 Marschälle
547 1434 607 1494 und
638 1433 677 1493 60
714 1434 880 1494 Generals
911 1434 951 1494 um
1002 1434 1047 1494 die
1083 1433 1178 1493 dabey

189 1485 365 1545 bestimmte
396 1484 456 1544 und
492 1485 516 1545 in
552 1482 602 1542 den
638 1479 824 1539 Provinzen
866 1484 931 1544 noch
962 1482 1112 1542 vertheilt
1133 1480 1183 1540 lie¬

193 1536 292 1596 gende
323 1534 474 1594 Truppen
504 1533 535 1593 zu
565 1533 821 1593 commandiren,
842 1533 993 1593 ernennt.
1039 1533 1119 1593 Das
1145 1531 1189 1591 ei¬

193 1585 231 1645 ne
254 1584 375 1644 Lager,
398 1584 524 1644 welches
552 1584 579 1644 in
613 1584 767 1644 Guienne
790 1586 933 1646 formiret
956 1584 1060 1644 wird,
1083 1584 1182 1644 stehet

196 1636 288 1696 unter
321 1634 369 1694 den
408 1634 570 1694 Befehlen
608 1634 662 1694 des
701 1636 879 1696 Marschall
919 1635 972 1695 von
1005 1634 1189 1694 Richelieu.

195 1688 272 1748 Das
298 1688 349 1748 2te
370 1688 395 1748 in
422 1686 576 1746 Flandern
607 1685 695 1745 unter
716 1685 762 1745 dem
799 1688 994 1748 Commando
1015 1686 1061 1746 des
1082 1685 1190 1745 Prin¬

193 1739 244 1799 zen
270 1739 326 1799 von
363 1736 533 1796 Soubise.
580 1736 663 1796 Das
689 1736 781 1796 dritte
803 1739 823 1799 in
855 1739 973 1799 Poitou
1005 1737 1092 1797 unter
1118 1736 1164 1796 dem

194 1787 380 1847 Marschall
400 1786 453 1846 von
483 1784 694 1844 Senecterre,
719 1784 777 1844 und
802 1787 861 1847 das
886 1784 935 1844 4te
960 1787 984 1847 in
1014 1786 1101 1846 Elsas
1131 1784 1184 1844 un¬

192 1832 236 1892 ter
261 1836 310 1896 dem
354 1834 536 1894 Marschall
556 1831 610 1891 von
645 1828 831 1888 Contades.
881 1830 950 1890 Zur
980 1831 1176 1891 Musterung

192 1882 245 1942 der
266 1884 440 1944 sämtlichen
473 1877 620 1937 Truppen
653 1875 689 1935 ist
706 1875 774 1935 eine
795 1873 864 1933 Zeit
885 1873 943 1933 von
970 1873 980 1933 6
1012 1876 1170 1936 Monaten

188 1930 375 1990 bestimmt,
406 1924 564 1984 während
595 1921 706 1981 solcher
737 1918 824 1978 jeder
855 1921 1190 1981 Generallientenant

196 1978 265 2038 eine
293 1974 503 2034 monathliche
526 1969 644 2029 Zulage
672 1966 726 2026 von
765 1966 850 2026 3000
884 1967 1013 2027 Livres,
1051 1969 1110 2029 und
1132 1968 1181 2028 der

198 2023 384 2083 Marechall
400 2020 430 2080 de
457 2018 555 2078 Camp
587 2017 649 2077 eine
675 2014 861 2074 dergleichen
893 2014 944 2074 von
976 2017 1058 2077 2000
1090 2017 1120 2077 zu
1142 2016 1188 2076 ge¬

195 2071 303 2131 nießen
334 2067 437 2127 haben
469 2067 535 2127 soll.

447 2138 611 2198 Paris,
641 2136 699 2196 vom
747 2136 811 2196 16.
835 2138 945 2198 May.

245 2187 316 2247 Die
335 2188 364 2248 zu
389 2187 437 2247 den
468 2187 655 2247 Domainen
680 2187 733 2247 des
758 2187 903 2247 Königes
922 2187 1097 2247 geschlagne
1115 2184 1187 2244 Gü=

183 2237 230 2297 ter
258 2239 305 2299 der
332 2240 501 2300 Jesuiten,
529 2239 587 2299 sind
614 2237 651 2297 um
694 2237 826 2297 200000
859 2231 959 2291 Livres
992 2234 1092 2294 höher
1114 2234 1183 2294 ver¬

193 2291 330 2351 pachtet,
362 2290 409 2350 als
437 2288 489 2348 der
521 2286 632 2346 Werth
669 2285 770 2345 davon
802 2286 891 2346 durch
924 2285 1003 2345 diese
1030 2282 1183 2342 geistliche

188 2339 293 2399 Väter
327 2339 505 2399 angegeben
549 2336 693 2396 worden,
717 2335 822 2395 damit
852 2333 890 2393 sie
915 2334 1025 2394 ehedem
1074 2333 1169 2393 davon

193 2386 275 2446 desto
306 2387 444 2447 weniger
476 2387 625 2447 Abgaben
661 2384 759 2444 haben
791 2384 888 2444 geben
919 2384 1047 2444 dürfen.
1099 2381 1181 2441 Mr.

193 2432 223 2492 de
249 2435 350 2495 Lande
371 2435 427 2495 von
463 2436 509 2496 der
535 2432 708 2492 Academie
729 2432 780 2492 der
806 2435 1086 2495 Wissenschaften,
1102 2429 1188 2489 hatte

193 2481 237 2541 die
258 2482 338 2542 Ehre
359 2482 404 2542 den
425 2482 495 2542 6ten
521 2482 551 2542 d.
572 2479 652 2539 Jhro
673 2479 769 2539 Maj.
784 2480 844 2540 eine
865 2484 956 2544 Carte
972 2482 1027 2542 vom
1063 2479 1188 2539 Durch¬

192 2530 292 2590 gange
318 2530 368 2590 der
394 2530 510 2590 Venus
536 2530 621 2590 durch
652 2528 697 2588 die
718 2530 859 2590 Sonne,
885 2532 935 2592 der
961 2533 1011 2593 den
1032 2530 1097 2590 3ten
1123 2529 1188 2589 Ju¬

193 2578 266 2638 nius
299 2577 383 2637 1769
420 2578 558 2638 erfolgen
590 2578 690 2638 wird,
712 2578 743 2638 zu
775 2581 997 2641 überreichen.
1067 2578 1119 2638 Er
1146 2576 1182 2636 ist

189 2628 264 2688 weit
295 2629 477 2689 merklicher
513 2626 558 2686 als
594 2626 644 2686 der
680 2626 796 2686 letztere
832 2628 887 2688 von
933 2632 1044 2692 1761.
1106 2623 1181 2683 Der

198 2676 388 2736 Erzbischoff
410 2673 462 2733 von
489 2673 653 2733 Cambray
680 2674 759 2734 starb
786 2677 839 2737 den
876 2681 950 2741 9ten
977 2679 1008 2739 d.
1030 2676 1051 2736 in
1083 2676 1161 2736 einem

190 2730 276 2790 Alter
304 2727 357 2787 von
396 2724 460 2784 66.
493 2724 645 2784 Jahren.
722 2718 764 2778 Er
803 2724 868 2784 war
907 2727 949 2787 ein
988 2728 1177 2788 natürlicher

196 2778 292 2838 Sohn
325 2775 481 2835 Philipps
515 2772 660 2832 Herzogs
694 2772 747 2832 von
780 2777 947 2837 Orleans,
969 2781 1023 2841 des
1056 2778 1185 2838 Regen¬

191 2829 239 2889 ten
268 2829 322 2889 von
356 2826 538 2886 Frankreich
577 2823 732 2883 wahrend
776 2827 832 2887 der
865 2829 1185 2889 Minderjährigkeit

191 2879 243 2939 des
273 2879 426 2939 Königs.

1471 1297 1669 1357 London,
1704 1299 1756 1359 den
1796 1300 1854 1360 11.
1888 1300 1994 1360 May.

1268 1339 1372 1399 Heute
1402 1342 1588 1402 beurlaubte
1613 1344 1655 1404 sich
1684 1342 1731 1402 der
1756 1343 1827 1403 Lord
1856 1342 1947 1402 Clive
1972 1345 2024 1405 von
2058 1345 2105 1405 dem
2148 1345 2210 1405 Kö¬

1219 1387 1307 1447 nige,
1332 1387 1391 1447 und
1421 1387 1494 1447 wird
1519 1390 1681 1450 künftigen
1706 1390 1863 1450 Sonntag
1888 1393 1956 1453 nach
1982 1393 2202 1453 Portsmouth

1219 1432 1381 1492 abgehen,
1416 1434 1454 1494 um
1502 1436 1559 1496 von
1598 1437 1670 1497 dort
1704 1437 1737 1497 am
1785 1440 1876 1500 Bord
1910 1437 1962 1497 des
1996 1440 2217 1500 Compagnie¬

1219 1482 1332 1542 schiffes
1359 1482 1446 1542 Kent
1467 1482 1514 1542 die
1540 1485 1633 1545 Reise
1655 1485 1721 1545 nach
1758 1488 1882 1548 Indien
1919 1488 2121 1548 anzutreten,
2148 1488 2204 1548 und

1220 1530 1280 1590 mit
1297 1533 1345 1593 ihm
1390 1533 1482 1593 gehen
1516 1536 1592 1596 über
1619 1536 1679 1596 150
1707 1538 1800 1598 junge
1822 1536 1969 1596 Officiers
1997 1536 2040 1596 als
2063 1536 2221 1596 Freywil¬

1223 1584 1298 1644 lige,
1326 1584 1434 1644 welche
1461 1587 1504 1647 sich
1532 1587 1722 1647 schmeicheln
1755 1587 1846 1647 unter
1874 1587 1971 1647 seinen
2004 1587 2134 1647 Fahnen
2162 1588 2210 1648 ihr

1224 1631 1322 1691 Glück
1348 1634 1374 1694 zu
1405 1637 1545 1697 machen.
1592 1637 1742 1697 Zugleich
1774 1637 1893 1697 werden
1924 1634 1991 1694 auch
2023 1637 2209 1697 verschiede¬

1219 1682 1254 1742 ne
1281 1686 1410 1746 Schiffe
1447 1688 1498 1748 der
1530 1688 1732 1748 Compagnie
1763 1688 1825 1748 mit
1852 1688 2012 1748 Recruten
2049 1688 2079 1748 an
2111 1688 2204 1748 Bord

1221 1734 1291 1794 nach
1319 1739 1443 1799 Indien
1476 1739 1562 1799 unter
1595 1739 1725 1799 Seegel
1742 1741 1866 1801 gehen,
1899 1739 1964 1799 und
1997 1739 2045 1799 die
2073 1740 2213 1800 Königl.

1221 1787 1362 1847 Escadre
1388 1787 1499 1847 welche
1525 1787 1575 1847 des
1611 1790 1778 1850 Admirals
1809 1787 1940 1847 Cornich
1976 1790 2057 1850 seine
2088 1790 2209 1850 ablösen

1231 1831 1297 1891 soll,
1318 1832 1396 1892 wird
1422 1834 1478 1894 mit
1504 1832 1566 1892 Eil
1587 1833 1613 1893 in
1655 1837 1887 1897 seegelfertigen
1924 1838 2042 1898 Stand
2079 1840 2218 1900 gesetzet.

1226 1876 1300 1936 Das
1321 1876 1471 1936 Project,
1492 1879 1537 1939 die
1558 1882 1723 1942 Asiatische
1749 1885 1924 1945 Handlung
1950 1885 2000 1945 für
2026 1887 2080 1947 alle
2101 1888 2216 1948 Unter¬

1219 1921 1329 1981 thanen
1364 1922 1411 1982 des
1436 1924 1565 1984 Königs
1595 1927 1681 1987 unter
1710 1930 1758 1990 dem
1801 1930 1921 1990 Schutz
1941 1933 1993 1993 der
2018 1934 2205 1994 Regierung

1216 1969 1275 2029 frey
1305 1969 1359 2029 und
1384 1971 1458 2031 offen
1488 1972 1517 2032 zu
1543 1973 1690 2033 machen,
1716 1975 1750 2035 ist
1775 1975 1838 2035 noch
1869 1977 1918 2037 zur
1943 1977 2016 2037 Zeit
2037 1981 2214 2041 aufgescho¬

1218 2015 1294 2075 ben,
1319 2017 1377 2077 und
1406 2016 1482 2076 wird
1512 2017 1564 2077 für
1593 2019 1661 2079 jetzo
1695 2020 1858 2080 deswegen
1892 2023 2064 2083 schwerlich
2099 2027 2214 2087 ausge¬

1220 2064 1330 2124 führet
1350 2064 1466 2124 werden
1492 2064 1632 2124 können,
1654 2064 1729 2124 weil
1749 2065 1925 2125 zuförderst
1952 2067 1996 2127 die
2017 2072 2203 2132 Regierung

1222 2112 1271 2172 der
1297 2112 1498 2172 Compagnie
1518 2112 1533 2172 4
1564 2115 1735 2175 Millionen
1770 2115 1830 2175 und
1856 2115 1986 2175 200000
2017 2116 2081 2176 Pf.
2092 2121 2207 2181 Sterl.

1222 2160 1332 2220 welche
1349 2160 1388 2220 sie
1411 2160 1560 2220 derselben
1588 2164 1715 2224 schuldig
1738 2166 1792 2226 ist,
1815 2169 1964 2229 bezahlen
1993 2169 2103 2229 müste.
2137 2172 2208 2232 Die

1222 2208 1394 2268 Handlung
1422 2208 1443 2268 in
1470 2211 1568 2271 diesem
1606 2218 1795 2278 Königreich
1812 2217 1849 2277 ist
1866 2220 2028 2280 dermassen
2056 2223 2206 2283 blühend,

1217 2256 1266 2316 daß
1294 2258 1347 2318 seit
1370 2258 1419 2318 dem
1458 2260 1588 2320 Frieden
1616 2267 1664 2327 die
1687 2270 1921 2330 Zolleinkünfte
1943 2270 1997 2330 bey
2026 2272 2107 2332 einer
2124 2273 2210 2333 Mil¬

1218 2306 1272 2366 lion
1306 2306 1411 2366 Psund
1434 2310 1589 2370 Sterling
1607 2321 1834 2381 zugenommen
1862 2321 1984 2381 haben,
2007 2324 2067 2384 und
2090 2324 2200 2384 täglich

1217 2356 1347 2416 wächset
1370 2357 1415 2417 die
1438 2363 1568 2423 Anzahl
1580 2367 1704 2427 unserer
1733 2372 2045 2432 Kauffarteyschiffe.

1420 2439 1670 2499 Warschau,
1704 2445 1760 2505 vom
1807 2446 1869 2506 24.
1899 2446 2006 2506 May.

1271 2477 1309 2537 Am
1362 2484 1524 2544 Montage
1551 2491 1649 2551 begab
1682 2493 1734 2553 sich
1760 2495 1812 2555 der
1846 2491 1982 2551 Bischof
2015 2494 2067 2554 von
2101 2492 2184 2552 Kiow

1217 2526 1311 2586 Graf
1329 2533 1482 2593 Zaluski,
1506 2541 1635 2601 welcher
1659 2544 1765 2604 bisher
1790 2542 1848 2602 von
1878 2541 1924 2601 der
1949 2542 2195 2602 Gegenparthey

1215 2578 1379 2638 gewesen,
1408 2582 1436 2642 in
1465 2587 1516 2647 den
1551 2592 1687 2652 Senat,
1716 2593 1772 2653 und
1802 2593 1864 2653 trat
1893 2590 1944 2650 den
1973 2593 2200 2653 conföderirten

1222 2627 1372 2687 Standen
1397 2632 1475 2692 bey,
1493 2637 1529 2697 da
1554 2641 1583 2701 er
1602 2643 1692 2703 sahe,
1717 2641 1771 2701 daß
1802 2638 1855 2698 der
1880 2641 2139 2701 Religionseifer
2164 2638 2194 2698 in

1211 2675 1308 2735 ihnen
1336 2679 1416 2739 nicht
1438 2685 1605 2745 erloschen.
1654 2688 1741 2748 Man
1774 2688 1876 2748 verlas
1904 2688 2017 2748 darauf
2039 2687 2092 2747 das
2120 2685 2200 2745 Pro¬

1215 2725 1274 2785 jeet
1296 2729 1398 2789 wegen
1437 2733 1485 2793 der
1512 2738 1674 2798 künftigen
1707 2735 2063 2795 Relationslandtäge,
2086 2734 2193 2794 welche

1217 2774 1301 2834 nebst
1330 2778 1380 2838 den
1415 2784 1499 2844 Ante
1522 2784 1860 2844 Electionslandtägen
1895 2783 1951 2843 und
1985 2781 2035 2841 dem
2076 2782 2205 2842 preußi¬

1212 2827 1291 2887 schen
1326 2833 1609 2893 Generallandtag
1638 2835 1700 2895 auf
1723 2832 1774 2892 den
1809 2831 1876 2891 9ten
1911 2830 2007 2890 Julii
2036 2829 2200 2889 festgesetzt

1215 2880 1365 2940 worden.
1412 2884 1458 2944 Am
1505 2885 1684 2945 Dienstage
1714 2882 1748 2942 ist
1784 2882 1835 2942 der
1859 2882 1986 2942 Schluß
2016 2879 2206 2939 bestanden,

2130 2933 2197 2993 daß
