2479 3508
611 1216 736 1276 36tes
782 1220 943 1280 Stück.
1005 1222 1226 1282 Montag,
1256 1219 1322 1279 den
1367 1222 1419 1282 4.
1457 1219 1619 1279 Junius
1657 1219 1804 1279 1764.

588 1288 809 1348 Fortsetzung.

266 1345 323 1405 Jer
345 1342 593 1402 Fossilienschatz
615 1339 688 1399 kann
715 1339 794 1399 zwar
821 1337 900 1397 nicht
927 1335 953 1395 in
991 1335 1038 1395 der
1065 1336 1185 1396 Menge

274 1384 278 1444 /
320 1387 380 1447 und
404 1387 548 1447 Anzahl,
568 1384 679 1444 andern
707 1384 819 1444 großen
847 1381 1094 1441 Sammlungen
1127 1380 1182 1440 und

199 1434 587 1494 Mineraliencabinetten
616 1430 668 1490 zur
693 1428 788 1488 Seite
812 1428 946 1488 gestellet
966 1428 1114 1488 werden;
1138 1425 1191 1485 in¬

200 1488 295 1548 dessen
325 1482 421 1542 findet
447 1482 512 1542 man
543 1480 568 1540 in
593 1479 759 1539 demselben
796 1476 871 1536 viele
892 1479 1033 1539 Stücke,
1048 1478 1094 1538 die
1119 1475 1194 1535 viel¬

200 1539 296 1599 leicht
313 1534 339 1594 in
368 1533 502 1593 wenigen
536 1530 703 1590 Händen,
725 1529 795 1589 auch
833 1527 920 1587 wohl
942 1527 1022 1587 sonst
1051 1527 1185 1587 nirgend

197 1586 419 1646 anzutreffen.
463 1579 696 1639 Vornehmlich
724 1578 848 1638 enthalt
870 1581 978 1641 solcher
1001 1578 1092 1638 alles,
1120 1575 1184 1635 was

204 1640 264 1700 aus
298 1637 391 1697 diesem
436 1629 563 1689 Gebiet
580 1629 701 1689 Gottes
729 1631 778 1691 dem
829 1628 1038 1688 Preußischen
1067 1628 1176 1688 Boden

203 1688 399 1748 zugetheilet
415 1682 563 1742 worden,
590 1681 648 1741 und
675 1681 722 1741 die
738 1679 834 1739 große
861 1681 982 1741 Menge
1009 1681 1056 1741 der
1078 1679 1104 1739 in
1136 1676 1199 1736 vie¬

200 1736 246 1796 ken
277 1733 447 1793 Gegenden
478 1730 653 1790 Preußens
674 1730 865 1790 gefundenen
901 1730 1081 1790 versteinten
1113 1727 1195 1787 Kör¬

199 1782 273 1842 per,
289 1781 517 1841 unterscheidet
537 1775 691 1835 denselben
721 1775 775 1835 von
806 1775 944 1835 andern.
994 1778 1044 1838 In
1074 1776 1197 1836 Anord¬

200 1828 285 1888 nung
317 1826 407 1886 dieser
440 1822 584 1882 sowohl,
611 1818 653 1878 als
680 1818 734 1878 der
756 1818 958 1878 Mineralien
996 1819 1054 1879 und
1087 1822 1198 1882 Berg¬

204 1876 336 1936 stuffen,
359 1869 420 1929 hat
448 1867 514 1927 man
554 1863 598 1923 sich
643 1861 698 1921 des
732 1861 1181 1921 Woltersdorffischen

207 1917 520 1977 Mineralsystems,
561 1907 618 1967 wie
654 1906 722 1966 auch
758 1906 810 1966 der
845 1907 1060 1967 Anleitungen
1095 1909 1193 1969 Leh¬

199 1967 371 2027 manns,
388 1957 633 2017 Wallerius
662 1953 717 2013 und
745 1953 906 2013 Vogels
935 1957 1096 2017 bedienet,
1119 1954 1179 2014 und

203 2011 333 2071 deshalb
355 2006 382 2066 so
404 2002 496 2062 wohl
513 1999 555 2059 die
578 2002 718 2062 Steize,
740 2002 848 2062 welche
871 2004 897 2064 in
925 2002 1092 2062 Menschen
1120 2002 1179 2062 und

197 2055 342 2115 Thieren
368 2049 513 2109 erzeuget
534 2049 674 2109 werden,
690 2049 734 2109 als
760 2052 825 2112 auch
856 2051 905 2111 die
926 2050 951 2110 in
982 2049 1092 2109 großer
1122 2049 1187 2109 An¬

200 2104 281 2164 zahl
297 2100 497 2160 gesammlete
520 2100 638 2160 Körper
661 2100 773 2160 hieher
790 2100 941 2160 gezogen,
964 2100 1012 2160 die
1034 2099 1115 2159 zwax
1137 2099 1190 2159 ur¬

203 2151 376 2211 sprünglich
403 2148 461 2208 aus
488 2148 534 2208 dem
577 2151 693 2211 Thier=
709 2150 767 2210 und
788 2149 1024 2209 Pflanzenreich
1051 2148 1188 2208 entstan=

201 2202 272 2262 den,
290 2200 361 2260 aber
384 2202 451 2262 nach
485 2199 574 2259 ihrer
597 2202 835 2262 Veränderung
865 2201 1014 2261 gleichsam
1065 2199 1087 2259 in
1126 2198 1176 2258 das

205 2252 432 2312 Fossilienreich
462 2249 724 2309 übergegangen.

252 2301 307 2361 Ein
341 2300 525 2360 besonderer
553 2297 681 2357 Vorzug
715 2297 754 2357 ist
782 2297 877 2357 diesem
922 2295 1061 2355 Cabinet
1096 2291 1184 2351 durch

194 2351 240 2411 die
262 2349 544 2409 unvergleichliche
566 2344 775 2404 Sammlung
807 2345 863 2405 von
890 2344 1063 2404 Börnstein
1100 2342 1193 2402 zuge¬

198 2402 325 2462 wandt,
341 2396 430 2456 dessen
464 2393 659 2453 eigentliches
681 2393 856 2453 Vaterland
877 2394 1026 2454 Preußen
1048 2390 1100 2450 ist,
1111 2390 1190 2450 wes¬

198 2449 274 2509 halb
296 2446 366 2506 man
395 2443 514 2503 darauf
531 2443 656 2503 bedacht
678 2440 841 2500 gewesen,
869 2443 961 2503 dessen
989 2440 1130 2500 Vorrath
1163 2438 1184 2498 so

200 2497 276 2557 groß
303 2494 359 2554 und
385 2491 591 2551 auserlesen,
617 2488 663 2548 als
689 2488 746 2548 nur
772 2491 885 2551 immer
906 2491 1034 2551 möglich
1066 2488 1189 2548 zusam¬

194 2543 264 2603 men
292 2542 319 2602 zu
346 2539 498 2599 bringen.
548 2536 624 2596 Der
646 2536 858 2596 Augenschein
886 2539 1049 2599 erweiset,
1071 2536 1130 2596 wie
1152 2536 1179 2596 es

200 2594 248 2654 sich
276 2590 373 2650 hierin
401 2587 557 2647 vielleicht
574 2584 628 2644 von
661 2584 731 2644 allen
765 2587 1002 2647 unterscheidet,
1025 2587 1057 2647 da
1084 2587 1181 2647 einige

198 2642 328 2702 tausend
350 2635 469 2695 Stücke
492 2635 518 2695 in
546 2635 643 2695 zween
665 2635 774 2695 großen
802 2639 1002 2699 allenthalben
1030 2635 1084 2695 mit
1101 2634 1187 2694 Glas

190 2688 389 2748 eingefaßten
419 2684 629 2744 Schranken,
647 2682 801 2742 darinnen
825 2688 972 2748 siebenzig
1002 2682 1184 2742 bewegliche

196 2740 345 2800 Rahmen
380 2731 441 2791 und
464 2730 597 2790 Leisten,
615 2730 720 2790 woran
755 2730 798 2790 die
821 2736 1100 2796 Börnsteinstücke
1129 2732 1190 2792 mit

198 2792 322 2852 allerley
347 2784 506 2844 gefirbten
536 2781 666 2841 seidenen
703 2784 904 2844 Schnüren,
935 2786 1005 2846 nach
1036 2784 1082 2844 dem
1125 2781 1189 2841 Un=

192 2841 359 2901 terscheide
386 2835 439 2895 der
474 2832 567 2892 dabey
601 2835 775 2895 gemachten
823 2839 990 2899 besondern
1024 2835 1184 2895 Ordnung

1227 1291 1460 1351 angebunden,
1476 1288 1677 1348 aufbehalten
1704 1288 1847 1348 werden.
1895 1288 1942 1348 Es
1975 1292 2059 1352 läßet
2086 1294 2133 1354 sich
2165 1295 2212 1355 die

1230 1336 1486 1396 Vorzüglichkeit
1513 1336 1605 1396 dieser
1637 1336 1816 1396 prächtigen
1843 1335 2048 1395 Sammlung
2080 1340 2131 1400 für
2162 1342 2208 1402 die

1229 1381 1396 1441 Liebhaber
1416 1379 1463 1439 der
1489 1381 1704 1441 Naturwerke
1734 1380 1805 1440 auch
1839 1381 1915 1441 schon
1944 1384 2064 1444 daraus
2089 1388 2218 1448 vorstel¬

1225 1425 1289 1485 len,
1310 1425 1360 1485 daß
1390 1428 1455 1488 man
1487 1426 1571 1486 mehr
1597 1427 1647 1487 als
1668 1428 1884 1488 zweytausend
1910 1430 2050 1490 Stücke,
2066 1434 2111 1494 die
2136 1437 2201 1497 man

1220 1477 1382 1537 geringer,
1399 1475 1442 1535 als
1464 1476 1539 1536 diese
1556 1476 1620 1536 noch
1643 1476 1772 1536 wirklich
1795 1476 2016 1536 aufbehaltene
2039 1482 2211 1542 geschätzet,

1222 1525 1279 1585 und
1305 1524 1352 1584 die
1373 1526 1456 1586 einem
1498 1524 1612 1584 andern
1639 1526 1780 1586 Cabinet
1807 1524 1879 1584 noch
1911 1528 2025 1588 immer
2057 1530 2108 1590 zur
2130 1533 2218 1593 Zier¬

1222 1575 1247 1635 de
1269 1578 1425 1638 gereichen
1452 1575 1609 1635 könnten,
1636 1575 1735 1635 davon
1761 1575 1997 1635 abgesondert,
2029 1581 2086 1641 und
2118 1581 2212 1641 daher

1227 1627 1306 1687 nicht
1328 1625 1390 1685 blos
1417 1627 1475 1687 auf
1491 1625 1538 1685 die
1560 1628 1702 1688 Menge,
1718 1625 1760 1685 als
1787 1625 1839 1685 auf
1861 1625 1913 1685 das
1935 1627 2124 1687 sonderbare
2146 1631 2203 1691 und

1229 1679 1338 1739 seltene
1356 1676 1499 1736 gesehen.
1549 1676 1637 1736 Man
1659 1676 1753 1736 findet
1775 1676 1797 1736 in
1825 1676 1951 1736 selbiger
1974 1679 2062 1739 unter
2085 1682 2200 1742 andern

1231 1730 1319 1790 solche
1342 1730 1363 1790 in
1391 1727 1557 1787 Bornstein
1586 1727 1835 1787 eingeschlossene
1863 1730 2001 1790 Körper,
2013 1730 2057 1790 die
2080 1733 2134 1793 von
2162 1733 2217 1793 an¬

1227 1778 1293 1838 dern
1325 1778 1433 1838 bisher
1454 1777 1521 1837 noch
1547 1778 1629 1838 nicht
1650 1778 1799 1838 darinnen
1831 1778 1985 1838 bemerket
2001 1781 2156 1841 worden,
2182 1784 2202 1844 so

1226 1820 1285 1880 wie
1311 1822 1391 1882 nicht
1412 1822 1497 1882 leicht
1518 1822 1613 1882 etwas
1638 1825 1724 1885 darin
1760 1825 1860 1885 dörfte
1886 1828 2046 1888 vermisset
2072 1831 2212 1891 werden,

1226 1867 1353 1927 welches
1378 1867 1446 1927 man
1476 1867 1555 1927 schon
1585 1871 1726 1931 ehemals
1752 1873 1839 1933 darin
1874 1876 2031 1936 wirklich,
2051 1878 2105 1938 und
2130 1879 2208 1939 nicht

1223 1910 1292 1970 blos
1316 1910 1362 1970 der
1382 1912 1474 1972 Sage
1489 1912 1544 1972 und
1573 1912 1624 1972 dem
1657 1918 1792 1978 Ansehen
1825 1918 1913 1978 nach,
1923 1922 2203 1982 wahrgenommen

1225 1958 1290 2018 hat.
1305 1955 1375 2015 Die
1391 1957 1512 2017 Stücke
1532 1957 1582 2017 von
1608 1962 1835 2022 verschiedenen
1855 1968 2208 2028 Farbenmischungen,

1221 2005 1476 2065 Schattirungen
1506 2002 1565 2062 und
1595 2004 1649 2064 von
1679 2005 1727 2065 der
1743 2007 1855 2067 Natur
1880 2012 2141 2072 eingezeichneten
2161 2020 2214 2080 Fi¬

1219 2052 1337 2112 guren,
1354 2049 1540 2109 desgleichen
1575 2049 1619 2109 die
1648 2049 1676 2109 so
1699 2051 1727 2111 in
1756 2052 1948 2112 mancherley
1977 2059 2134 2119 Gestalten
2163 2067 2208 2127 ge¬

1222 2100 1354 2160 formet,
1367 2097 1418 2157 sind
1448 2094 1476 2154 so
1494 2097 1667 2157 zahlreich,
1679 2098 1730 2158 daß
1754 2100 1823 2160 man
1852 2103 1933 2163 nicht
1951 2106 2037 2166 leicht
2061 2109 2147 2169 einen
2176 2112 2199 2172 so

1219 2148 1325 2208 großen
1356 2142 1498 2202 Vorrath
1522 2147 1718 2207 beysammen
1748 2149 1830 2209 sehen
1861 2152 1979 2212 dörfte.
2004 2154 2080 2214 Wie
2104 2160 2204 2220 gewiß

1225 2196 1253 2256 es
1282 2195 1366 2255 gleich
1395 2193 1445 2253 ist,
1457 2195 1524 2255 was
1553 2198 1598 2258 der
1621 2199 1750 2259 Doctor
1779 2201 1824 2261 der
1853 2204 2208 2264 Arzeneywissenschaft

1224 2242 1393 2302 Daniel
1416 2244 1619 2304 Heinrich
1654 2252 1845 2312 Paschke,
1869 2253 1891 2313 in
1920 2255 1970 2315 der
1987 2259 2116 2319 weitern
2145 2261 2212 2321 Be¬

1222 2291 1397 2351 schreibung
1426 2294 1522 2354 seines
1545 2300 1885 2360 Börnsteincabinetts
1920 2306 1942 2366 im
1988 2311 2077 2371 Jahr
2101 2315 2213 2375 1744,

1224 2342 1395 2402 behauptet
1417 2342 1494 2402 hat:
1528 2345 1544 2405 ”
1567 2348 1616 2408 daß
1644 2351 1749 2411 keiner
1771 2353 1826 2413 vor
1849 2354 1898 2414 ihm
1938 2357 1965 2417 in
1987 2360 2136 2420 Preußen
2164 2361 2213 2421 ge¬

1228 2387 1369 2447 "wesen,
1392 2392 1443 2452 der
1472 2395 1533 2455 eine
1556 2397 1584 2457 so
1608 2399 1698 2459 große
1721 2404 1930 2464 Sammlung
1965 2407 2123 2467 besessen;

1225 2437 1258 2497 ist
1280 2439 1340 2499 doch
1369 2440 1451 2500 nicht
1474 2445 1694 2505 eingetroffen,
1717 2452 1783 2512 was
1817 2452 1843 2512 er
1872 2452 2087 2512 hinzufüget:
2143 2455 2198 2515 daß

1225 2489 1452 2549 "vielweniger
1479 2494 1545 2554 nach
1572 2497 1623 2557 ihm
1660 2500 1706 2560 sich
1738 2502 1820 2562 einer
1847 2500 1945 2560 finden
1966 2502 2084 2562 werde,
2095 2502 2136 2562 ein
2158 2503 2214 2563 sol¬

1228 2530 1312 2590 "ches
1344 2542 1513 2602 pretieuses
1551 2545 1608 2605 und
1640 2549 1730 2609 raxes
1751 2548 1851 2608 Werk
1873 2551 2105 2611 anzufangen;

1214 2587 1265 2647 dem
1306 2590 1448 2650 desselben
1477 2596 1653 2656 allerdings
1683 2599 1745 2659 sehr
1768 2599 1968 2659 vorzügliche
1991 2602 2202 2662 Sammlung

1221 2637 1290 2697 noch
1317 2638 1396 2698 nicht
1417 2643 1634 2703 zweytausend
1661 2646 1782 2706 Stucke
1804 2646 1983 2706 enthalten,
2005 2649 2126 2709 folglich
2154 2650 2211 2710 sol=

1223 2682 1266 2742 che
1295 2688 1382 2748 durch
1416 2691 1499 2751 diese
1527 2694 1721 2754 Preußische
1749 2695 2097 2755 Naturalienkammer
2136 2697 2202 2757 sehr

1224 2733 1298 2793 weit
1320 2738 1510 2798 übertroffen
1537 2742 1631 2802 wird.

1270 2784 1343 2844 Die
1366 2790 1592 2850 Gewohnheit
1610 2793 1649 2853 ist
1666 2792 1722 2852 fast
1752 2790 1943 2850 allgemein,
1972 2790 2029 2850 daß
2063 2790 2114 2850 bey
2148 2793 2198 2853 den

1227 2839 1566 2899 Naturseltenheiten,
1591 2844 1657 2904 auch
1682 2841 1730 2901 den
1761 2838 1894 2898 Werken
1926 2840 1979 2900 des
2004 2838 2204 2898 Alterthums

2142 2891 2207 2951 und
