2479 3508
243 425 341 485 mung
377 419 545 479 abreisen.

520 464 691 524 Paris,
724 467 781 527 den
813 469 857 529 6.
877 470 998 530 April.

297 513 377 573 Der
401 512 504 572 König
528 512 655 572 wohnte
679 514 730 574 den
760 515 794 575 26
823 520 927 580 März
946 524 1031 584 einer
1061 524 1245 584 Rathsver¬

249 563 430 623 sammlung
461 563 533 623 über
560 563 777 623 Commercien
798 569 1088 629 Angelegenheiten
1115 572 1145 632 zu
1172 572 1249 632 Ver¬

252 613 355 673 sailles
382 608 452 668 bey.
529 612 615 672 Seit
637 613 729 673 sieben
767 616 897 676 Jahren
925 616 957 676 ist
990 619 1070 679 keine
1098 622 1239 682 gehalten

247 659 397 719 worden,
424 658 480 718 und
512 658 574 718 dies
600 661 636 721 ist
663 659 709 719 die
736 663 823 723 erste,
850 664 958 724 welche
985 667 1057 727 Se.
1079 670 1177 730 Maj.
1188 670 1244 730 mit

249 708 335 768 Dero
361 706 570 766 Gegenwart
592 706 744 766 beehren.
796 711 847 771 In
873 712 1026 772 derselben
1057 716 1169 776 wurde
1185 715 1256 775 vor¬

244 759 373 819 nemlich
400 756 477 816 über
499 754 545 814 die
571 757 789 817 Ausführung
816 759 867 819 des
894 760 1064 820 Getreides
1091 764 1148 824 aus
1174 763 1225 823 dem

247 804 459 864 Königreiche
491 804 740 864 berathschlagt.
794 804 868 864 Den
905 810 1000 870 31ten
1038 811 1143 871 wurde
1176 813 1244 873 eine

247 853 428 913 Erklärung
460 851 508 911 des
535 852 662 912 Königs
695 852 721 912 im
759 855 961 915 Parlament
983 861 1153 921 registrirt,
1175 858 1254 918 wel¬

245 901 292 961 che
314 903 361 963 den
394 900 500 960 Druck
527 900 586 960 und
613 899 762 959 Verkauf
779 903 853 963 aller
880 902 1045 962 Schriften
1073 906 1131 966 und
1158 903 1248 963 Pro¬

252 951 339 1011 jecte,
361 948 402 1008 die
429 945 657 1005 Verbesserung
689 948 746 1008 und
772 951 991 1011 Verwaltung
1017 952 1069 1012 der
1085 956 1240 1016 Finanzen

241 995 428 1055 betreffend,
454 993 531 1053 aufs
557 994 831 1054 nachdrücklichste
857 998 1025 1058 verbietet.
1056 1000 1137 1060 Das
1163 1001 1249 1061 Par¬

241 1045 366 1105 lament
387 1040 413 1100 zu
445 1038 559 1098 Rouen
585 1040 642 1100 hat
658 1040 725 1100 nach
757 1042 804 1102 dem
846 1040 997 1100 Beispiel
1023 1045 1075 1105 des
1102 1047 1237 1107 hiesigen

249 1092 307 1152 alle
329 1088 477 1148 Jesuiten
505 1087 563 1147 aus
590 1085 637 1145 dem
680 1088 892 1148 Königreiche
919 1090 1105 1150 verbannt,
1132 1094 1243 1154 welche

247 1139 300 1199 den
327 1136 385 1196 Eid
412 1134 496 1194 nicht
513 1133 613 1193 leisten
635 1133 777 1193 wollen;
810 1135 878 1195 auch
911 1135 974 1195 sagt
996 1137 1096 1197 man,
1128 1142 1181 1202 daß
1208 1142 1234 1202 zu

247 1185 433 1245 Languedoc
471 1183 513 1243 ein
546 1183 641 1243 neuer
679 1184 1009 1244 Parlamentsschluß
1053 1187 1148 1247 gegen
1186 1186 1239 1246 den

249 1237 373 1297 Herzog
397 1231 454 1291 von
483 1228 688 1288 Fitz=James
711 1231 825 1291 erfolgt
855 1230 922 1290 seyn
957 1234 1030 1294 soll.
1077 1231 1231 1291 Nachdem

244 1285 297 1345 die
319 1280 515 1340 Abdankung
552 1279 637 1339 eines
675 1279 765 1339 guten
808 1282 925 1342 Theils
957 1282 1010 1342 vom
1064 1285 1244 1345 Regiment

247 1335 300 1395 der
322 1330 443 1390 Gardes
476 1327 661 1387 Françoises
693 1332 809 1392 endlich
842 1330 868 1390 in
900 1333 947 1393 dem
996 1333 1112 1393 großen
1149 1336 1244 1396 Saal

242 1381 296 1441 des
324 1378 443 1438 Louvre
466 1378 640 1438 beschlossen
668 1380 815 1440 worden,
837 1381 864 1441 so
897 1384 1011 1444 fanden
1045 1384 1093 1444 sich
1121 1387 1230 1447 hiebey

242 1429 290 1489 der
318 1426 499 1486 Marschall
516 1428 641 1488 Herzog
663 1427 717 1487 von
751 1428 887 1488 Biron,
915 1428 958 1488 als
992 1434 1134 1494 Colonel
1151 1434 1243 1494 nebst

250 1479 302 1539 den
334 1473 625 1533 Staabsofficieren
658 1476 715 1536 und
748 1479 965 1539 Hauptleuten
1003 1481 1098 1541 dieses
1130 1485 1235 1545 Corps

241 1527 315 1587 ein,
332 1524 389 1584 und
417 1523 469 1583 das
496 1524 661 1584 Schicksal
683 1524 730 1584 der
752 1526 911 1586 Soldaten
944 1528 1049 1588 wurde
1071 1530 1161 1590 dahin
1193 1531 1241 1591 be¬

244 1574 382 1634 stimmt,
399 1572 452 1632 daß
479 1570 532 1630 von
564 1572 611 1632 den
633 1572 670 1632 40
692 1572 910 1632 Abgedankten
943 1575 1022 1635 jeder
1039 1581 1241 1641 Compagnie

241 1622 400 1682 diejenige
422 1618 529 1678 welche
556 1616 593 1676 24
620 1619 710 1679 Jahr
727 1619 871 1679 gedient,
893 1617 919 1677 in
951 1622 1004 1682 das
1026 1624 1164 1684 Königl.
1175 1625 1244 1685 In¬

240 1666 457 1726 validenhaus
491 1661 655 1721 kommen,
685 1660 728 1720 die
752 1661 882 1721 übrigen
917 1664 989 1724 aber
1008 1666 1172 1726 besonders
1197 1667 1240 1727 die

244 1709 523 1769 Verheyratheten
565 1704 635 1764 nach
666 1703 767 1763 Haus
793 1706 941 1766 geschickt
967 1709 1109 1769 werden.
1166 1709 1241 1769 Der

246 1759 370 1819 Herzog
400 1754 456 1814 ließ
479 1751 553 1811 allen
582 1751 639 1811 aus
673 1751 770 1811 seiner
794 1751 895 1811 eignen
925 1754 1032 1814 Börse
1050 1757 1101 1817 zur
1130 1757 1243 1817 Heim¬

250 1805 323 1865 reise
347 1802 425 1862 Geld
449 1799 591 1859 reichen.
637 1799 722 1859 Vier
745 1799 801 1859 und
830 1801 938 1861 sechzig
962 1808 1143 1868 Generale,
1161 1808 1245 1868 wor¬

243 1852 338 1912 unter
362 1852 373 1912 4
404 1847 600 1907 Marschälle
625 1846 677 1906 von
708 1852 916 1912 Frankreich,
941 1855 999 1915 und
1024 1857 1071 1917 die
1095 1858 1225 1918 übrigen

245 1897 643 1957 General=Lieutenants
677 1900 747 1960 oder
769 1906 1053 1966 Feldmarschälle,
1076 1909 1135 1969 sind
1163 1909 1217 1969 vom

249 1951 360 2011 König
385 1949 437 2009 auf
461 1948 502 2008 ein
532 1948 602 2008 halb
626 1951 714 2011 Jahr
739 1951 768 2011 zu
798 1957 1045 2017 Befehlshaber
1081 1957 1127 2017 der
1152 1959 1239 2019 Pro¬

244 2002 352 2062 vinzen
394 1998 534 2058 ernannt
560 1999 705 2059 worden.
783 2001 850 2061 Die
887 2005 902 2065 4
944 2005 1141 2065 Marschälle
1172 2008 1229 2068 von

245 2049 428 2109 Frankreich
468 2049 529 2109 sind
563 2046 617 2106 der
651 2049 835 2109 Marschall
869 2050 924 2110 von
964 2052 1130 2112 Richelieu
1164 2055 1230 2115 nach

241 2099 416 2159 Guienne,
443 2097 491 2157 der
518 2097 693 2157 Marschall
720 2097 773 2157 von
800 2096 948 2156 Soubise
970 2102 1039 2162 nach
1061 2103 1236 2163 Flandern,

241 2147 289 2207 der
316 2146 497 2206 Marschall
519 2142 571 2202 von
604 2145 806 2205 Senecterre
828 2145 897 2205 nach
930 2151 1052 2211 Poitou
1090 2152 1148 2212 und
1181 2151 1228 2211 der

245 2193 428 2253 Marschall
451 2190 500 2250 von
528 2187 694 2247 Contades
723 2190 794 2250 nach
828 2193 944 2253 Elsaß.
994 2199 1066 2259 Die
1094 2199 1110 2259 6
1155 2199 1238 2259 Mo¬

243 2240 338 2300 nathe
356 2235 446 2295 ihres
470 2234 690 2294 Commandos
721 2235 804 2295 durch
841 2241 960 2301 werden
1002 2246 1049 2306 die
1073 2249 1240 2309 General¬

249 2284 458 2344 Lieutenants
499 2279 586 2339 1000
628 2279 729 2339 Thlr.
757 2284 804 2344 die
852 2294 1115 2354 Feldmarschälle
1157 2297 1230 2357 aber

231 2339 319 2399 2000
350 2329 587 2389 monathliches
617 2326 747 2386 Gehalt
766 2335 937 2395 genießen.

503 2372 700 2432 London,
729 2376 775 2436 den
815 2378 854 2438 3.
877 2385 990 2445 April.

293 2432 457 2492 Vermöge
479 2426 564 2486 einer
586 2423 722 2483 Königl.
737 2427 909 2487 Erklärung
932 2436 981 2496 vom
1017 2440 1103 2500 26ten
1133 2442 1232 2502 März

245 2480 303 2540 sind
333 2481 376 2541 die
398 2476 544 2536 nöthigen
574 2470 712 2530 Befehle
735 2470 763 2530 zu
786 2479 976 2539 Abmessung
1006 2488 1057 2548 und
1087 2491 1231 2551 Einthei=

238 2533 314 2593 lung
343 2530 398 2590 der
420 2524 596 2584 Sprengel
618 2521 639 2581 in
668 2518 717 2578 den
753 2521 865 2581 Jnseln
887 2530 1056 2590 Grenada,
1078 2536 1140 2596 St.
1155 2539 1232 2599 Bin=

237 2578 324 2638 cent,
352 2575 562 2635 Dominique
590 2571 650 2631 und
685 2569 819 2629 Tabago
847 2577 1057 2637 ausgefertigt
1085 2587 1226 2647 worden.

236 2627 297 2687 und
318 2626 344 2686 im
387 2620 543 2680 künftigen
579 2620 660 2680 Mai
681 2617 736 2677 und
764 2617 872 2677 Junio
908 2623 1023 2683 möchte
1052 2631 1106 2691 zum
1148 2632 1229 2692 Ver¬

228 2676 305 2736 kauf
331 2671 383 2731 der
410 2667 609 2727 Ländereyen
649 2664 830 2724 geschritten
863 2668 1005 2728 werden.
1057 2679 1128 2739 Die
1161 2679 1231 2739 Be¬

233 2724 413 2784 dingungen
452 2716 503 2776 des
530 2718 677 2778 Ankaufs
704 2717 762 2777 sind
795 2714 859 2774 sehr
885 2718 1046 2778 erträglich
1072 2727 1130 2787 und
1156 2730 1226 2790 vor=

228 2774 395 2834 theilhaft.
440 2766 614 2826 Gedachte
635 2766 744 2826 Inselu
777 2766 866 2826 gehen
899 2766 970 2826 aber
997 2770 1048 2830 von
1081 2776 1125 2836 der
1152 2778 1228 2838 Kro¬

234 2821 270 2881 ne
296 2820 320 2880 zu
353 2817 472 2877 Lehen,
504 2814 566 2874 und
592 2814 660 2874 Se.
680 2814 780 2874 Maj.
800 2814 938 2874 behalten
970 2817 1019 2877 sich
1045 2823 1133 2883 dabey
1165 2827 1220 2887 das

227 2870 448 2930 erforderliche
480 2867 562 2927 Land
588 2866 619 2926 zu
658 2866 853 2926 Errichtung
885 2866 936 2926 der
975 2870 1227 2930 Vestungswer=

247 374 403 434 ernannt,
428 372 488 432 und
525 371 602 431 wird
633 372 663 432 in
694 373 802 433 kurzen
845 376 917 436 nach
960 379 1062 439 seiner
1093 380 1237 440 Bestim=
1274 383 1346 443 ker,
1371 381 1394 441 zu
1431 383 1588 443 Stiftung
1625 392 1799 452 geistlicher
1824 392 2029 452 Pfründen,
2060 398 2271 458 Aufrichtung

1274 428 1330 488 der
1357 431 1537 491 Schulen,
1569 436 1797 496 Anpflanzung
1834 441 1953 501 einiger
1984 440 2222 500 Waldungen,
2248 448 2274 508 zu

1268 479 1484 539 Landstraßen
1529 482 1587 542 und
1623 484 1735 544 andern
1775 491 1972 551 öffentlichen
2007 491 2174 551 Gebrauch
2208 495 2281 555 vor.

1277 524 1347 584 Der
1369 527 1478 587 Ritter
1500 527 1625 587 Eduard
1653 533 1777 593 Lindsey
1800 538 1837 598 ist
1854 539 1984 599 kürzlich
2007 539 2060 599 auf
2083 539 2131 599 der
2148 542 2283 602 Königl.

1289 575 1453 635 Fregatte,
1480 575 1525 635 die
1557 578 1727 638 Tartare,
1748 584 1820 644 nach
1851 586 2011 646 Florida,
2032 589 2212 649 Pensacola
2239 589 2279 649 rc.

1274 620 1331 680 mit
1352 622 1498 682 schweren
1529 625 1763 685 Geldsummen
1795 634 1852 694 und
1889 635 2055 695 wichtigen
2092 637 2269 697 Depeschen

1275 670 1502 730 abgegangen.
1575 673 1651 733 Der
1685 676 1796 736 König
1825 682 1885 742 hat
1908 682 1957 742 den
1997 682 2096 742 Herrn
2130 686 2267 746 Philipp

1284 718 1464 778 Stanhope
1495 721 1524 781 zu
1565 721 1665 781 seinen
1706 730 2013 790 außerordentlichen
2053 734 2269 794 Abgesandten

1279 766 1351 826 nach
1377 763 1557 823 Dresden,
1594 769 1629 829 an
1661 771 1707 831 die
1728 775 1836 835 Stelle
1862 777 1908 837 des
1935 778 2037 838 Herrn
2064 782 2182 842 Keith,
2208 784 2269 844 und

1285 813 1333 873 den
1366 815 1549 875 bisherigen
1577 819 1734 879 Minister
1761 821 1788 881 zu
1810 825 2048 885 Regensburg,
2070 829 2173 889 Herrn
2195 828 2280 888 Wil¬

1279 861 1348 921 helm
1391 861 1550 921 Gardon,
1578 863 1609 923 an
1647 865 1694 925 die
1722 869 1839 929 Stelle
1866 868 1913 928 des
1951 872 2057 932 Herrn
2090 879 2276 939 Stanhope

1276 907 1432 967 ernannt.
1494 906 1569 966 Der
1605 912 1767 972 Marquis
1793 914 1843 974 von
1874 918 2061 978 Paolucci,
2087 927 2218 987 welcher
2239 927 2264 987 in

1276 954 1569 1014 Angelegenheitrn
1596 957 1649 1017 des
1676 960 1820 1020 Herzogs
1853 963 1905 1023 von
1943 966 2092 1026 Modena
2125 972 2172 1032 sich
2205 975 2273 1035 hien

1286 1001 1512 1061 aufgehalten,
1535 1004 1590 1064 hat
1612 1004 1690 1064 seine
1713 1007 2022 1067 Abschiedsaudienz
2050 1014 2100 1074 bey
2128 1020 2211 1080 Hofe
2228 1022 2277 1082 ge¬

1286 1049 1386 1109 habt,
1414 1049 1471 1109 und
1493 1049 1530 1109 ist
1546 1051 1572 1111 im
1616 1052 1737 1112 Begrif
1759 1054 1827 1114 nach
1860 1055 1907 1115 den
1945 1058 2077 1118 seinigen
2110 1067 2215 1127 zurück
2242 1068 2268 1128 zu

1284 1094 1402 1154 gehen.
1454 1094 1526 1154 Die
1547 1100 1722 1160 Theurung
1754 1100 1806 1160 der
1827 1104 2059 1164 Lebensmittel
2075 1111 2193 1171 nimmt
2209 1114 2271 1174 hier

1289 1139 1433 1199 gewaltig
1459 1143 1644 1203 überhand,
1671 1147 1727 1207 und
1759 1151 1825 1211 man
1862 1151 1918 1211 hat
1944 1153 2001 1213 seit
2027 1157 2129 1217 wenig
2156 1158 2264 1218 Tagen

1277 1187 1490 1247 verschiedene
1518 1190 1603 1250 arme
1636 1192 1726 1252 Leute
1754 1197 1780 1257 in
1818 1198 1866 1258 den
1904 1198 2054 1258 Straßen
2097 1207 2279 1267 gefunden,

1284 1234 1332 1294 die
1359 1236 1513 1296 Hungers
1540 1237 1694 1297 gestorben
1727 1244 1806 1304 sind.
1882 1246 1961 1306 Das
1994 1252 2195 1312 Parlament
2223 1255 2275 1315 hat

1285 1285 1401 1345 dahero
1424 1285 1502 1345 viele
1530 1288 1780 1348 Kornhändler,
1803 1297 1942 1357 Becker,
1970 1300 2126 1360 Fleischer
2149 1303 2192 1363 rc.
2210 1303 2276 1363 citi¬

1280 1333 1331 1393 ren
1361 1336 1471 1396 lassen,
1495 1338 1535 1398 um
1570 1339 1662 1399 dieser
1687 1347 1947 1407 unbegreiflichen
1983 1354 2156 1414 Theurung
2198 1354 2266 1414 nach

1281 1387 1498 1447 Möglichkeit
1523 1391 1722 1451 abzuhelfen.

1591 1490 1945 1550 NRAMMNNT.

1328 1527 1399 1587 Bey
1436 1529 1484 1589 dem
1533 1536 1690 1596 Verleger
1721 1539 1817 1599 dieser
1848 1542 1981 1602 Zeitung
2012 1545 2053 1605 ist
2078 1545 2108 1605 zu
2145 1546 2271 1606 haben;

1272 1578 1477 1638 Joachims,
1505 1583 1597 1643 Joh.
1619 1584 1754 1644 Friedr.
1777 1590 1999 1650 neueröfnetes
2027 1593 2265 1653 Münzcabinet

1273 1619 1288 1679 2
1313 1619 1441 1679 Theile,
1466 1625 1619 1685 darinnen
1649 1631 1896 1691 merkwürdige,
1926 1636 1985 1696 und
2010 1637 2089 1697 viele
2109 1640 2178 1700 noch
2203 1642 2267 1702 nir¬

1275 1661 1374 1721 gends
1404 1667 1614 1727 mitgetheilte
1634 1670 1748 1730 Gold-
1763 1676 1820 1736 und
1854 1679 2112 1739 Silbermünzen
2146 1686 2179 1746 zu
2208 1685 2265 1745 sin¬

1275 1706 1350 1766 den,
1373 1709 1410 1769 4,
1432 1711 1574 1771 Nürnb.
1596 1714 1683 1774 762.
1716 1719 1781 1779 64,
1808 1721 1851 1781 24
1885 1726 1922 1786 fl.
1988 1725 2108 1785 Dessen
2146 1729 2271 1789 histori=

1280 1755 1340 1815 sche
1368 1759 1572 1819 Nachrichten
1606 1761 1660 1821 von
1694 1764 1748 1824 dem
1788 1770 1997 1830 Herzogthum
2042 1775 2201 1835 Geldern,
2230 1783 2268 1843 4,

1277 1806 1424 1866 Nürnb.
1447 1811 1538 1871 764,
1561 1812 1600 1872 12
1629 1817 1685 1877 gr.
1759 1819 1895 1879 Limites
1924 1822 2020 1882 regni
2044 1825 2202 1885 Poloniae
2236 1828 2264 1888 et

1269 1855 1391 1915 magni
1413 1859 1540 1919 ducatus
1562 1864 1769 1924 Lithuaniae,
1791 1869 1827 1929 ex
1854 1871 2082 1931 originalibus
2104 1873 2130 1933 et
2152 1876 2263 1936 exem-

1277 1900 1337 1960 plis
1360 1906 1552 1966 authenticis
1575 1912 1735 1972 descripti,
1758 1917 1796 1977 4,
1819 1921 1928 1981 Vilnae
1957 1923 2039 1983 758.
2062 1924 2078 1984 6
2112 1924 2144 1984 fl.
2183 1924 2255 1984 Der

1277 1951 1407 2011 Greis,
1430 1956 1498 2016 3ter
1532 1960 1588 2020 und
1617 1963 1690 2023 4ter
1714 1966 1831 2026 Theil,
1849 1966 1894 2026 8,
1917 1969 2041 2029 Magd.
2070 1967 2155 2027 763,
2178 1972 2194 2032 2
2229 1972 2267 2032 fl.

1272 2005 1316 2065 12
1339 2005 1388 2065 gr.
1433 2008 1638 2068 Wegeners,
1649 2011 1726 2071 Carl
1744 2013 1877 2073 Friedr.
1894 2017 2043 2077 Gedichte
2066 2017 2121 2077 zur
2144 2017 2265 2077 Beför¬

1269 2052 1388 2112 derung
1420 2052 1466 2112 des
1493 2055 1617 2115 wahren
1644 2061 1909 2121 Christenthums
1930 2066 1987 2126 und
2009 2066 2055 2126 der
2081 2067 2169 2127 guten
2196 2067 2273 2127 Sit=

1270 2098 1339 2158 ten,
1363 2102 1402 2162 8,
1426 2101 1530 2161 Berl.
1536 2103 1623 2163 764,
1647 2107 1756 2167 21gr.
1803 2110 1877 2170 Des
1901 2115 1994 2175 Joh.
2012 2115 2254 2175 Chrysostomus

1272 2145 1363 2205 Rede
1396 2148 1450 2208 von
1478 2150 1526 2210 der
1559 2150 1721 2210 Sorgfalt
1743 2154 1792 2214 für
1814 2158 1862 2218 die
1884 2163 2073 2223 Seligkeit,
2107 2169 2166 2229 aus
2188 2169 2241 2229 dem

1279 2196 1517 2256 Griechischen,
1536 2198 1577 2258 8,
1604 2199 1706 2259 Berl.
1715 2202 1800 2262 764,
1810 2205 1834 2265 0
1861 2206 1911 2266 gr.

1276 2273 1600 2333 Wechsel-Cours
1621 2272 1633 2332 &
1681 2277 1837 2337 Species
1858 2282 1897 2342 d.
1912 2282 1979 2342 26.
2000 2286 2121 2346 April
2136 2288 2229 2348 1764

1260 2324 1442 2384 Amsterdam
1478 2326 1513 2386 41
1537 2324 1620 2384 Tage
1638 2333 1767 2393 378gt.
1821 2333 1862 2393 71
1880 2333 1968 2393 Tage
1987 2333 2051 2393 376
2075 2337 2127 2397 gr.

1269 2374 1440 2434 Hamburg
1472 2375 1551 2435 3W.
1564 2372 1619 2432 165
1651 2378 1699 2438 gr.

1827 2378 1838 2438 6
1872 2381 1929 2441 W.
1949 2384 2013 2444 164
2033 2387 2084 2447 gr.

1266 2420 1371 2480 Berlin
1393 2423 1430 2483 24
1452 2421 1499 2481 pr.
1516 2420 1594 2480 Cto.

1727 2429 1877 2489 Dantzig
1901 2432 1906 2492 3
1928 2432 1978 2492 pr.
1990 2432 2068 2492 Cto.

1270 2470 1408 2530 Ducaten
1436 2468 1513 2528 neue
1536 2467 1568 2527 11
1597 2471 1630 2531 fl.
1642 2476 1746 2536 13gr.
1808 2479 1940 2539 Alberts
1963 2477 2057 2537 Taler
2079 2483 2140 2543 166
2157 2488 2212 2548 gr.

1272 2518 1384 2578 Rubel
1396 2518 1406 2578 4
1428 2518 1460 2578 fl.
1476 2515 1508 2575 20
1530 2515 1584 2575 gr.

1742 2524 1796 2584 Alt
1808 2524 1950 2584 Polnisch
1972 2529 2042 2589 Geld
2065 2534 2097 2594 40
2120 2536 2169 2596 pr.
2180 2539 2256 2599 Cto.

1278 2564 1323 2624 Alt
1343 2566 1498 2626 Märcksch
1518 2566 1590 2626 Geld
1610 2568 1645 2628 34
1665 2572 1710 2632 pr.
1729 2575 1765 2635 C.
1794 2578 2023 2638 Graumansch.
2033 2583 2106 2643 Fusz
2125 2587 2152 2647 10
2171 2589 2253 2649 p.C.

1310 2637 1412 2697 Diese
1429 2638 1597 2698 Zeitungen
1625 2646 1739 2706 werden
1767 2649 1924 2709 Montags
1947 2653 2006 2713 und
2023 2659 2180 2719 Freytags
2202 2660 2229 2720 um

1267 2685 1298 2745 10
1325 2688 1388 2748 Uhr
1410 2685 1612 2745 Vormittags
1634 2689 1661 2749 im
1704 2697 1906 2757 Kanterschen
1933 2705 2114 2765 Buchladen
2147 2709 2258 2769 ausge=

1267 2736 1385 2796 geben,
1396 2731 1482 2791 allwo
1499 2732 1563 2792 auch
1586 2738 1650 2798 noch
1673 2743 1720 2803 von
1743 2745 1791 2805 den
1813 2749 1942 2809 hiesigen
1964 2754 2045 2814 resp.
2056 2754 2245 2814 Liebhabern

1258 2781 1304 2841 die
1331 2781 1608 2841 Pränumeration
1640 2792 1697 2852 auf
1718 2793 1780 2853 dies
1812 2797 1927 2857 zweyte
1948 2802 2094 2862 Quartal
2115 2802 2178 2862 mit
2189 2803 2199 2863 2
2220 2806 2256 2866 fl.

1258 2829 1496 2889 angenommen
1538 2832 1641 2892 wird,
1673 2841 1890 2901 Auswärtige
1922 2845 1989 2905 aber
2020 2848 2155 2908 belieben
2191 2849 2243 2909 sich

1255 2876 1389 2936 deshalb
1418 2876 1470 2936 bey
1506 2881 1552 2941 dem
1593 2885 1750 2945 Postamt
1769 2891 1855 2951 ihres
1879 2892 1960 2952 Orts
1990 2895 2019 2955 zu
2055 2897 2200 2957 melden.
