2479 3508
223 386 278 446 daß
306 386 505 446 inskünftige
527 380 576 440 die
594 380 770 440 preußische
793 380 1059 440 Woywodschaft
1087 380 1147 440 aus
1176 381 1219 441 je=

218 437 267 497 dem
313 434 455 494 District
475 430 556 490 zwey
582 428 784 488 Landbothen
815 429 870 489 auf
891 431 941 491 dem
977 429 1149 489 Reichstag
1174 428 1219 488 er¬

222 484 343 544 wählen
370 482 465 542 solle;
493 479 625 539 ferner,
652 478 704 538 daß
731 479 778 539 der
805 479 948 539 künftige
970 480 1076 540 König
1103 479 1129 539 im
1172 477 1219 537 ka¬

223 533 387 593 tholischen
415 529 564 589 Glauben
597 526 719 586 erzogen
752 526 815 586 seyn
843 530 959 590 müsse.

997 527 1215 587 Verschiedne

224 580 425 640 Landbothen
458 578 596 638 brachten
628 578 649 638 in
676 577 872 637 Vorschlag,
900 580 952 640 daß
979 578 1026 638 sich
1059 577 1106 637 der
1133 578 1223 638 künf=

227 631 290 691 tige
312 628 417 688 König
444 628 496 688 der
513 627 708 687 pohlnischen
735 625 857 685 Tracht
873 625 957 685 nebst
979 625 1073 685 seiner
1096 625 1211 685 ganzen

227 680 376 740 Hofstaat
392 678 537 738 bedienen
558 676 692 736 möchte,
708 673 837 733 worauf
859 673 904 733 die
921 675 1049 735 Session
1076 673 1220 733 geschlos=

228 729 266 789 sen
300 729 444 789 worden.
469 724 603 784 Gestern
632 724 757 784 wurden
786 722 906 782 sowohl
926 724 982 784 aus
1007 724 1054 784 dem
1104 721 1218 781 Senat

228 775 277 835 als
302 778 360 838 aus
385 777 473 837 denen
498 772 694 832 Landbothen
719 772 896 832 Deputirte
916 772 1072 832 erwählet
1093 770 1146 830 zur
1161 769 1220 829 Ab=

229 825 347 885 nahme
377 825 426 885 der
451 822 662 882 Rechnungen
697 819 756 879 von
791 819 845 879 den
880 819 997 879 Herren
1027 819 1223 879 Schatzmei¬

233 874 307 934 stern
332 873 385 933 von
415 870 528 930 beyden
558 867 754 927 Nationen,
779 867 832 927 und
867 870 921 930 von
951 867 999 927 den
1034 867 1132 927 Erben
1162 867 1216 927 des

227 920 444 980 verstorbenen
486 915 901 975 Krongroßschatzmeisters
932 915 1051 975 Grafen
1088 915 1222 975 Sziedl¬

226 969 324 1029 nicki.
374 969 462 1029 Man
492 968 649 1028 benannte
674 963 797 1023 darauf
827 965 891 1025 eine
916 966 1137 1026 Deputation,
1152 963 1201 1023 zum

231 1011 385 1071 Entwurf
426 1015 478 1075 der
510 1010 669 1070 Pactorum
732 1010 1002 1070 conventorum,
1043 1010 1113 1070 oder
1167 1007 1219 1067 der

233 1064 546 1124 Wahlcapitulation
582 1058 637 1118 des
669 1056 830 1116 künftigen
866 1058 1018 1118 Königs,
1054 1058 1078 1118 in
1115 1055 1225 1115 welche

237 1113 306 1173 auch
332 1112 382 1172 der
402 1109 518 1169 Punkt
549 1103 649 1163 wegen
685 1105 735 1165 der
761 1103 896 1163 Königl,
917 1103 1092 1163 Einkünfte
1123 1100 1228 1160 einge¬

240 1161 319 1221 setzet
345 1158 461 1218 werden
491 1153 567 1213 soll,
593 1151 743 1211 worüber
764 1151 809 1211 die
835 1151 965 1211 Session
1001 1149 1056 1209 auf
1077 1148 1127 1208 den
1157 1148 1232 1208 heu¬

237 1210 317 1270 tigen
347 1207 412 1267 Tag
438 1204 578 1264 verleget
599 1201 745 1261 worden,
765 1200 790 1260 in
821 1198 946 1258 welcher
972 1198 1022 1258 zur
1042 1196 1228 1256 Hauptma¬

229 1263 306 1323 terie
329 1257 379 1317 die
402 1253 608 1313 Einführung
636 1252 691 1312 der
714 1249 892 1309 Mehrheit
915 1249 959 1309 der
977 1246 1148 1306 Stimmen
1177 1243 1232 1303 soll

240 1309 445 1369 vorgetragen
473 1303 614 1363 werden.
663 1300 711 1360 Es
745 1300 782 1360 ist
804 1300 874 1360 hier
902 1300 950 1360 die
973 1300 1151 1360 Nachricht
1173 1293 1232 1353 ein¬

233 1360 417 1420 gegangen,
446 1354 502 1414 daß
536 1353 586 1413 der
609 1349 935 1409 Krongroßfeldherr
964 1351 1019 1411 vom
1060 1348 1138 1408 Fluß
1172 1345 1238 1405 Pi¬

238 1407 286 1467 litz
314 1406 367 1466 auf
389 1404 530 1464 Casimir
557 1402 617 1462 und
650 1402 785 1462 Zamoso
818 1402 882 1462 nach
922 1402 1018 1462 seiner
1046 1399 1219 1459 Starostey

237 1453 391 1513 Moseisk
412 1452 470 1512 mit
492 1449 613 1509 etlichen
646 1446 703 1506 100
736 1446 841 1506 Mann
874 1446 1123 1506 aufgebrochen,
1145 1445 1234 1505 nach¬

234 1503 288 1563 dem
338 1501 470 1561 derselbe
500 1497 554 1557 das
584 1497 791 1557 Commando
826 1497 884 1557 von
930 1497 978 1557 der
1008 1497 1229 1557 Kronarmee,

242 1551 350 1611 welche
376 1551 422 1611 sich
448 1549 536 1609 gegen
568 1548 670 1608 Lublin
697 1545 852 1605 gezogen,
868 1545 919 1605 dem
961 1545 1234 1605 Kronunterfeld¬

244 1602 332 1662 herrn
362 1599 552 1659 übergeben.
602 1595 645 1655 Um
690 1593 812 1653 besagte
833 1592 945 1652 Armee
970 1592 1057 1652 unter
1087 1590 1136 1650 den
1166 1587 1233 1647 Ge¬

239 1646 352 1706 horsam
394 1643 444 1703 des
466 1642 589 1702 Fürsten
616 1638 826 1698 Chatoryski,
842 1634 1038 1694 Woywoden
1065 1634 1115 1694 von
1142 1634 1234 1694 Ruß¬

241 1697 314 1757 land
344 1692 403 1752 und
423 1685 801 1745 Generalregimentaxii
821 1682 850 1742 zu
875 1682 1026 1742 bringen,
1042 1682 1100 1742 sind
1125 1682 1149 1742 in
1184 1681 1233 1741 der

245 1741 370 1801 vorigen
406 1734 522 1794 Woche
553 1730 603 1790 die
629 1728 754 1788 Grafen
785 1730 1037 1790 Poniatowski,
1063 1727 1239 1787 Vicekron¬

237 1786 460 1846 kammerherr
488 1778 545 1838 und
572 1780 720 1840 General
743 1778 769 1838 in
796 1778 949 1838 Kayserl.
966 1778 1152 1838 Diensten,
1179 1775 1237 1835 wie

243 1837 313 1897 auch
341 1831 509 1891 Branicki,
537 1827 678 1887 Starost
706 1828 760 1888 von
793 1828 907 1888 Halia,
929 1828 994 1888 mit
1011 1828 1098 1888 ihren
1126 1825 1239 1885 Haus¬

249 1884 381 1944 truppen
420 1881 480 1941 und
509 1879 597 1939 3000
631 1880 741 1940 Mann
770 1879 885 1939 Russen
924 1882 968 1942 ihr
1002 1881 1239 1941 nachgeschicket

249 1934 400 1994 worden,
428 1933 487 1993 und
520 1930 655 1990 nachdem
699 1930 736 1990 sie
764 1933 839 1993 über
872 1930 926 1990 den
953 1931 1034 1991 Fluß
1062 1930 1164 1990 Pilitz
1192 1930 1240 1990 ge¬

247 1984 489 2044 schwommen,
516 1981 608 2041 indem
661 1980 717 2040 alle
744 1981 888 2041 Brücken
920 1981 1064 2041 ruiniret
1091 1979 1152 2039 und
1189 1976 1235 2036 die

249 2032 397 2092 Prahme
419 2030 577 2090 versenket
599 2028 753 2088 worden,
775 2028 886 2088 stießen
918 2028 955 2088 sie
982 2028 1040 2088 auf
1067 2028 1114 2088 der
1141 2025 1242 2085 Köni¬

250 2087 297 2147 gin
335 2081 472 2141 Hedwig
509 2076 720 2136 Regiment,
758 2079 895 2139 welches
938 2076 985 2136 die
1023 2076 1233 2136 Arriergarde

242 2130 450 2190 ausmachte.
513 2126 669 2186 Nachdem
722 2127 794 2187 aber
821 2127 935 2187 solches
972 2124 1023 2184 der
1050 2124 1159 2184 Ordre
1186 2123 1237 2183 des

248 2181 351 2241 Herrn
381 2174 759 2234 Generalregimentarii
779 2175 862 2235 nicht
878 2175 1000 2235 paxixen
1030 2172 1162 2232 wollen,
1178 2171 1236 2231 und

248 2225 333 2285 Feur
358 2223 484 2283 gegeben
515 2220 665 2280 worden;
691 2220 716 2280 so
747 2221 872 2281 wurden
898 2223 953 2283 von
979 2224 1094 2284 beyden
1120 2223 1230 2283 Seiten

243 2273 348 2333 einige
399 2268 540 2328 getödtet
581 2264 641 2324 und
677 2266 899 2326 verwundet,
930 2271 990 2331 und
1031 2270 1091 2330 von
1137 2270 1227 2330 denen

250 2321 426 2381 Feldherrn
454 2312 647 2372 verschiedne
664 2315 847 2375 gesangen,
880 2319 929 2379 die
958 2321 1090 2381 übrigen
1124 2318 1151 2378 in
1190 2320 1234 2380 die

256 2372 365 2432 Flucht
395 2363 550 2423 getrieben
585 2359 648 2419 und
683 2363 764 2423 viele
794 2369 914 2429 Wagen
955 2369 1116 2429 erbeutet.
1163 2368 1232 2428 Die

251 2422 428 2482 Nachricht
446 2412 501 2472 von
535 2411 623 2471 dem,
652 2409 718 2469 was
746 2411 851 2471 ferner
880 2417 1102 2477 vorgefallen,
1125 2417 1247 2477 erwar¬

245 2473 293 2533 tet
313 2473 380 2533 man
412 2465 467 2525 alle
486 2457 701 2517 Augenblick.
771 2460 819 2520 Am
857 2464 1017 2524 Montage
1049 2467 1110 2527 hat
1129 2467 1239 2527 allhier

254 2523 304 2583 der
330 2519 412 2579 Herr
432 2510 674 2570 Großfeldherr
700 2505 751 2565 von
784 2509 930 2569 Lithauen
956 2512 1006 2572 sein
1032 2515 1242 2575 Marschalls=

255 2569 366 2629 gericht
382 2566 521 2626 eröfnet.
551 2560 627 2620 Der
642 2557 726 2617 Herr
748 2560 1136 2620 Krongroßschatzmeister
1157 2562 1241 2622 Graf

257 2614 376 2674 Wessel
395 2614 464 2674 wird
490 2611 552 2671 hier
566 2609 716 2669 stündlich
741 2605 905 2665 erwartet,
912 2607 942 2667 um
981 2609 1037 2669 vor
1057 2612 1144 2672 denen
1176 2614 1219 2674 vom

256 2664 454 2724 Reichstage
473 2661 666 2721 Deputirten
690 2655 738 2715 die
758 2652 926 2712 Rechnung
951 2658 1137 2718 abzulegen.
1168 2660 1240 2720 Aus

256 2717 375 2777 Cracau
406 2709 484 2769 wird
509 2710 678 2770 gemeldet,
696 2704 744 2764 daß
775 2702 907 2762 daselbst
926 2706 1070 2766 Kayserl.
1089 2709 1233 2769 Officiers

252 2763 507 2823 angekommen,
530 2757 644 2817 welche
666 2754 840 2814 Proviant
857 2752 1057 2812 aufkauften.

502 2807 672 2867 Wilda,
702 2808 755 2868 den
802 2804 866 2864 25.
896 2802 1001 2862 May.

306 2859 377 2919 Die
405 2858 505 2918 Ruhe
533 2856 593 2916 und
627 2855 826 2915 Sicherheit
849 2852 926 2912 wird
954 2849 976 2909 in
1004 2852 1115 2912 unsrer
1137 2853 1247 2913 Stadt

253 2912 326 2972 noch
351 2912 524 2972 immerhin
550 2906 710 2966 erhalten.
760 2906 840 2966 Das
865 2900 1068 2960 Commando
1094 2902 1149 2962 von
1175 2903 1254 2963 Kai=

1259 380 1336 440 serl.
1355 380 1530 440 Rußischen
1561 386 1711 446 Truppen
1736 386 1814 446 liegt
1832 383 1899 443 hier
1924 382 1995 442 noch
2020 380 2128 440 ruhig.
2177 380 2249 440 Der

1257 428 1344 488 Herr
1371 431 1551 491 Marschall
1573 434 1625 494 der
1646 436 1852 496 allgemeinen
1879 431 2148 491 Conföderation,
2175 428 2252 488 wird

1256 479 1335 539 seine
1367 479 1526 539 Residenz
1553 482 1612 542 von
1650 482 1771 542 Minsk
1798 485 1872 545 nach
1910 482 1958 542 der
1990 479 2250 539 Woywodschaft

1250 530 1433 590 Novogrod
1464 530 1633 590 verlegen,
1664 531 1705 591 um
1761 533 1894 593 dieselbe
1920 530 1950 590 in
1982 530 2058 590 gute
2084 527 2247 587 Ordnung

1260 578 1318 638 und
1350 578 1546 638 Sicherheit
1573 578 1604 638 zu
1636 580 1747 640 setzen.
1816 580 1895 640 Das
1928 580 2054 640 Decret
2081 575 2160 635 über
2193 575 2240 635 den

1261 625 1374 685 Obrist
1390 628 1638 688 Woladkowitz,
1661 628 1790 688 welcher
1817 631 1903 691 einen
1936 628 2108 688 Rußischen
2147 622 2249 682 Husa¬

1255 674 1307 734 ren
1340 676 1535 736 erschlagen,
1557 676 1594 736 ist
1621 676 1790 736 dergestalt
1823 678 1976 738 abgefaßt
2003 676 2151 736 worden,
2189 673 2246 733 daß

1262 722 1326 782 man
1357 724 1407 784 ihm
1448 724 1608 784 nachsetzen
1639 724 1729 784 solte,
1755 725 1814 785 und
1835 724 1975 784 woferne
2001 724 2066 784 man
2097 724 2141 784 ihn
2167 721 2247 781 nicht

1257 772 1431 832 innerhalb
1453 772 1467 832 6
1504 772 1638 832 Wochen
1675 775 1824 835 ergreifen
1860 773 1968 833 könte,
1990 773 2015 833 so
2046 770 2133 830 sollen
2170 772 2247 832 seine

1262 819 1372 879 Güter
1392 819 1568 879 confisciret
1589 819 1729 879 werden.
1780 819 1855 879 Das
1885 819 2167 879 Kaptur=Gericht
2192 819 2247 879 hat

1261 867 1295 927 am
1336 870 1543 930 verwichenen
1579 870 1724 930 Montag
1755 870 1851 930 seinen
1887 870 2012 930 Anfang
2043 867 2254 927 genommen,

1266 918 1322 978 und
1348 918 1425 978 wird
1452 917 1508 977 mit
1529 917 1581 977 der
1602 918 1730 978 größten
1762 918 2004 978 Zufriedenheit
2025 915 2231 975 fortgesetzet.

1507 965 1685 1025 Mitau,
1711 963 1769 1023 vom
1820 966 1879 1026 27.
1909 966 2017 1026 May.

1311 1008 1379 1068 Aus
1409 1010 1493 1070 Riga
1518 1010 1596 1070 wird
1622 1011 1794 1071 gemeldet,
1819 1007 1872 1067 daß
1897 1011 1947 1071 die
1972 1015 2099 1075 Juden,
2125 1010 2261 1070 vermit=

1265 1056 1330 1116 telst
1350 1058 1436 1118 einer
1462 1058 1603 1118 Kaiserl.
1619 1058 1734 1118 Ukase,
1761 1058 1785 1118 so
1811 1058 1876 1118 wol
1897 1058 1992 1118 dahin
2018 1061 2063 1121 als
2089 1061 2159 1121 nach
2190 1057 2255 1117 Pe¬

1267 1103 1410 1163 tersburg
1435 1106 1497 1166 und
1527 1103 1670 1163 Moskau
1700 1105 1757 1165 frey
1787 1105 1843 1165 und
1878 1105 2093 1165 ungehindert
2114 1106 2243 1166 handeln

1262 1151 1401 1211 können.
1449 1148 1497 1208 Es
1527 1151 1583 1211 sind
1613 1151 1727 1211 bereits
1757 1151 1766 1211 4
1796 1151 1972 1211 Deputirte
1997 1151 2050 1211 von
2079 1152 2141 1212 hier
2165 1153 2256 1213 abge¬

1274 1198 1411 1258 gangen,
1434 1197 1499 1257 ihre
1522 1198 1787 1258 Danksagungen
1821 1193 1909 1253 Jhro
1942 1197 2041 1257 Maj.
2064 1198 2119 1258 der
2147 1199 2257 1259 Kaise¬

1269 1249 1312 1309 rin
1346 1247 1395 1307 für
1418 1247 1495 1307 diese
1518 1246 1662 1306 Freiheit
1684 1249 2001 1309 allerunterthänigst
2023 1246 2233 1306 abzustatten.

1461 1300 1771 1360 Copenhagen,
1799 1300 1849 1360 den
1883 1300 1921 1360 4.
1949 1299 2059 1359 May.

1322 1348 1419 1408 Peter
1450 1350 1658 1410 Horrebow,
1681 1352 1803 1412 ältester
1832 1348 2001 1408 Professor
2036 1351 2087 1411 der
2111 1345 2261 1405 Astrono,

1270 1400 1330 1460 mie
1353 1402 1413 1462 und
1442 1400 1597 1460 Mitglied
1625 1402 1674 1462 der
1697 1400 1885 1460 Akademien
1924 1399 1974 1459 der
1996 1399 2251 1459 Wissenschaften

1265 1449 1292 1509 zu
1320 1449 1557 1509 Copenhagen,
1569 1451 1674 1511 Paris
1702 1449 1763 1509 und
1791 1449 1907 1509 Berlin
1941 1449 2018 1509 starb
2046 1446 2178 1506 allhier,
2196 1449 2245 1509 den

1270 1499 1358 1559 15ten
1397 1500 1447 1560 des
1480 1500 1608 1560 vorigen
1642 1500 1790 1560 Monats
1819 1500 1846 1560 in
1880 1500 1963 1560 einem
2008 1500 2090 1560 Alter
2118 1500 2179 1560 von
2207 1502 2251 1562 85

1266 1548 1428 1608 Jahren.

1444 1593 1755 1653 Königsberg,
1778 1596 1833 1656 den
1867 1596 1905 1656 3.
1928 1596 2083 1656 Junius.

1317 1634 1447 1694 Gestern
1489 1637 1595 1697 kamen
1631 1637 1681 1697 die
1707 1637 1762 1697 vor
1798 1637 1813 1697 8
1849 1637 1960 1697 Tagen
2002 1637 2026 1697 in
2067 1637 2122 1697 das
2159 1638 2254 1698 Lager

1269 1685 1323 1745 bey
1354 1683 1505 1743 Kalthoff
1531 1682 1738 1742 ausgerückte
1764 1683 1799 1743 14
1840 1682 2032 1742 Bataillons
2063 1682 2259 1742 Infanterie

1268 1733 1315 1793 des
1353 1730 1517 1790 Morgens
1549 1730 1692 1790 zwischen
1724 1730 1740 1790 6
1778 1730 1836 1790 und
1868 1730 1883 1790 7
1911 1730 1979 1790 Uhr
2001 1730 2117 1790 wieder
2139 1733 2266 1793 zurück,

1275 1779 1331 1839 und
1358 1780 1487 1840 giengen
1519 1781 1602 1841 nebst
1629 1779 1680 1839 dem
1723 1781 1888 1841 Bataillon
1925 1778 1982 1838 von
2009 1781 2175 1841 Sydow,
2196 1781 2273 1841 wel=

1271 1829 1332 1889 ches
1361 1828 1383 1888 so
1412 1831 1502 1891 lange
1525 1831 1570 1891 die
1593 1831 1745 1891 Wachten
1775 1831 1797 1891 in
1826 1831 2029 1891 Königsberg
2052 1834 2176 1894 besetzt,
2188 1834 2261 1894 wie¬

1268 1879 1317 1939 der
1338 1882 1363 1942 in
1389 1882 1460 1942 ihre
1486 1882 1790 1942 Standquartiere,
1810 1882 1942 1942 nachdem
1983 1879 2033 1939 des
2059 1882 2165 1942 Tages
2196 1882 2266 1942 vor¬

1274 1933 1326 1993 her
1348 1933 1400 1993 des
1427 1930 1527 1990 Herrn
1559 1930 1938 1990 Generalfeldmarschall
1960 1930 2012 1990 von
2039 1930 2186 1990 Lehwald
2203 1930 2260 1990 Ex¬

1271 1981 1381 2041 cellenz
1403 1981 1431 2041 in
1459 1981 1614 2041 Kalthoff
1632 1981 1675 2041 die
1698 1981 1809 2041 hiesige
1832 1978 1976 2038 Noblesse
1998 1978 2081 2038 nebst
2104 1978 2270 2038 verschied=

1268 2028 1326 2088 nen
1359 2028 1648 2088 Staabsofficiers
1681 2028 1771 2088 unter
1804 2026 1997 2086 Abfeurung
2030 2025 2077 2085 der
2110 2025 2260 2085 Canonen

1276 2079 1335 2139 und
1373 2077 1421 2137 der
1455 2076 1665 2136 sämmtlichen
1704 2076 1882 2136 Feldmusik
1910 2076 2050 2136 prächtig
2094 2073 2267 2133 bewirthet

1274 2127 1399 2187 hatten.
1446 2124 1556 2184 Heute
1577 2122 1678 2182 kamen
1714 2121 1759 2181 die
1780 2124 1967 2184 Meyersche
1987 2124 2179 2184 Dragoner,
2195 2124 2270 2184 wel¬

1271 2176 1321 2236 che
1344 2175 1412 2235 hier
1446 2172 1513 2232 ihre
1537 2169 1820 2229 Standquartiere
1848 2175 1979 2235 haben,
2002 2175 2177 2235 gleichfalls
2206 2178 2256 2238 au¬

1279 2224 1330 2284 dem
1371 2225 1467 2285 Lager
1484 2222 1535 2282 bey
1564 2220 1677 2280 Welau
1707 2220 1831 2280 zurück.

1582 2351 1968 2411 AVERTISSEMENT.

1324 2402 1401 2462 Bey
1435 2399 1484 2459 dem
1529 2399 1683 2459 Verleger
1712 2402 1811 2462 dieser
1839 2402 1972 2462 Zeitung
2000 2397 2038 2457 ist
2072 2399 2099 2459 zu
2138 2400 2270 2460 haben:

1284 2452 1483 2512 Basedows,
1501 2448 1544 2508 J.
1573 2446 1623 2506 B.
1651 2449 1740 2509 Rede
1774 2449 1828 2509 von
1863 2447 1912 2507 der
1946 2446 2180 2506 Patriotischen
2208 2449 2274 2509 Tu¬

1289 2503 1377 2563 gend,
1401 2500 1442 2560 8,
1478 2497 1548 2557 Alt.
1572 2494 1660 2554 763,
1678 2499 1707 2559 in
1737 2500 1831 2560 neuen
1867 2497 2002 2557 Preuß.
2026 2495 2132 2555 Cour.
2150 2500 2190 2560 12
2215 2500 2267 2560 gr.

1285 2546 1527 2606 D'Alemberts
1554 2546 1776 2606 Abhandlung
1797 2547 1855 2607 von
1882 2545 1934 2605 dem
1972 2545 2156 2605 Ursprung,
2178 2548 2272 2608 Fori¬

1285 2600 1362 2660 gang
1390 2596 1445 2656 und
1473 2593 1685 2653 Verbindung
1713 2596 1763 2656 der
1785 2596 1908 2656 Künste
1925 2596 1980 2656 und
1997 2596 2275 2656 Wissenschaften,

1278 2651 1315 2711 8,
1338 2645 1457 2705 Zürch,
1490 2642 1506 2702 1
1523 2643 1560 2703 fl.
1578 2643 1615 2703 15
1632 2643 1686 2703 gr.
1736 2644 1899 2704 Beweis,
1921 2646 1975 2706 daß
2008 2643 2057 2703 der
2079 2644 2269 2704 richterliche

1285 2694 1414 2754 Spruch
1442 2688 1495 2748 des
1517 2691 1685 2751 Danziger
1708 2694 1815 2754 Raths
1843 2694 1940 2754 wider
1957 2694 2005 2754 die
2022 2696 2157 2756 dortigen
2184 2694 2276 2754 Frey=

1279 2745 1407 2805 mäurer
1431 2739 1581 2799 ungültig
1605 2743 1669 2803 sey,
1693 2746 1733 2806 4,
1752 2751 1844 2811 763,
1863 2745 1879 2805 4
1909 2744 1955 2804 gr.

1285 2823 1373 2883 Diese
1390 2820 1528 2880 Gelehrte
1545 2820 1600 2880 und
1623 2823 1783 2883 Politische
1806 2826 1927 2886 Zeitung
1956 2824 2021 2884 wird
2049 2821 2093 2881 des
2122 2823 2270 2883 Montags

1382 2868 1442 2928 und
1470 2864 1618 2924 Freytags
1640 2864 1659 2924 in
1687 2864 1727 2924 dem
1768 2864 1957 2924 Kanteischen
1991 2864 2159 2924 Buchladen

1672 2905 1879 2965 ausgegeben,
