2479 3508
1119 363 1163 423 Es
1203 366 1260 426 hat

249 372 438 432 geendigten
473 369 621 429 Sitzung
651 366 823 426 folgendes
853 367 1047 427 anmerken.

261 419 391 479 dasselbe
421 416 500 476 ohne
523 415 603 475 neue
626 416 780 476 Auflagen
809 413 825 473 7
849 416 899 476 bis
923 415 934 475 8
963 416 1140 476 Millionen
1169 412 1270 472 Sub¬

261 471 351 531 sidien
378 464 537 524 besorget.
587 464 757 524 Vermöge
778 461 832 521 des
864 464 1125 524 angenommnen
1152 461 1258 521 Plan¬

261 520 317 580 hat
340 516 368 576 es
392 515 459 575 auch
488 512 670 572 verschaft,
693 514 750 574 daß
779 515 921 575 Amerika
950 514 1040 574 selbst
1058 513 1177 573 künftig
1218 512 1262 572 die

260 569 377 629 Kosten
406 562 455 622 der
478 563 584 623 eignen
613 563 876 623 Vertheidigung
915 565 971 625 und
1000 563 1195 623 Sicherheit
1224 560 1268 620 be¬

261 616 385 676 streiten
413 610 511 670 wird.
560 606 608 666 Es
631 609 668 669 ist
690 609 771 669 nicht
799 610 923 670 minder
956 610 1004 670 der
1033 612 1271 672 Schleichhan¬

259 667 312 727 del
334 666 355 726 in
382 664 546 724 gedachtem
584 660 775 720 Welttheile
797 660 1005 720 gehemmet,
1037 661 1084 721 die
1106 658 1260 718 Nutzung

262 715 405 775 vielerley
438 712 581 772 Waaren
620 709 683 769 und
721 709 859 769 daselbst
892 709 1095 769 wachsenden
1127 708 1260 768 Sachen

260 764 467 824 angereizet,
489 760 554 820 und
582 757 674 817 dabey
702 757 834 817 zugleich
867 755 916 815 der
944 757 1052 817 Absatz
1080 757 1134 817 der
1157 754 1271 814 Groß¬

261 813 493 873 britannischen
525 804 784 864 Manufacturen
810 804 971 864 befördert
992 804 1139 864 worden.
1175 804 1261 864 Man

267 861 326 921 hat
348 861 413 921 auch
447 857 490 917 die
512 855 751 915 Zolleinkünfte
780 853 828 913 des
856 852 970 912 Reichs
998 855 1189 915 verbessert,
1206 851 1265 911 und

266 909 364 969 dabey
401 904 599 964 verschiedne
620 903 875 963 Einrichtungen
912 903 964 963 zum
1011 900 1177 960 gemeinen
1209 899 1276 959 Be¬

1087 948 1167 1008 Der
1190 948 1265 1008 Lord

271 957 334 1017 sten
362 956 436 1016 aller
463 954 601 1014 Königl.
618 951 842 1011 Unterthanen
869 951 1028 1011 gemacht.

269 1002 367 1062 Clive
388 1003 445 1063 hat
462 1001 513 1061 für
539 1001 622 1061 einen
649 998 711 1058 mit
732 998 940 1058 Diamanten
972 998 1175 1058 eingefaßten
1211 992 1273 1052 St.

265 1052 428 1112 George,
453 1049 487 1109 um
528 1046 642 1106 solchen
672 1046 706 1106 an
741 1045 845 1105 seinem
890 1043 999 1103 rothen
1029 1043 1271 1103 Ordensbande

271 1100 320 1160 als
351 1098 457 1158 Ritter
493 1091 548 1151 von
574 1091 664 1151 Bath
695 1094 725 1154 zu
761 1092 867 1152 tragen
898 1091 983 1151 1100
1009 1093 1125 1153 Pfund
1156 1088 1276 1148 Sterl.

276 1148 435 1208 gegeben.
487 1138 533 1198 Er
555 1140 631 1200 wird
657 1142 807 1202 zugleich,
833 1136 1039 1196 ohngeachtet
1065 1136 1096 1196 er
1127 1136 1183 1196 nur
1210 1133 1281 1193 Ge¬

275 1196 479 1256 neralmajor
491 1188 547 1248 ist,
559 1190 621 1250 eine
645 1190 843 1250 ansehnliche
860 1189 979 1249 Bande
997 1187 1201 1247 Musikanten
1224 1183 1280 1243 mit

280 1249 330 1309 sich
359 1246 426 1306 nach
455 1242 578 1302 Jndien
607 1237 759 1297 nehmen.

501 1291 757 1351 Warschau,
786 1288 837 1348 den
866 1288 922 1348 28.
946 1286 1053 1346 May.

278 1393 371 1453 wohl
394 1391 437 1451 die
460 1390 559 1450 Erben
593 1390 642 1450 der
665 1387 841 1447 ehmaligen
864 1387 1106 1447 Schatzmeister
1129 1387 1178 1447 als
1201 1384 1272 1444 auch

276 1443 329 1503 die
356 1440 616 1500 gegenwärtigen
659 1434 712 1494 von
750 1434 882 1494 Pohlen
920 1435 978 1495 und
1016 1434 1170 1494 Lithauen
1207 1433 1281 1493 ihre

281 1491 498 1551 Rechnungen
530 1488 577 1548 dem
620 1486 730 1546 Reiche
758 1484 900 1544 vorlegen
937 1482 995 1542 und
1022 1485 1106 1545 deren
1138 1485 1281 1545 Richtig¬

282 1539 344 1599 keit
371 1539 487 1599 prüfen
525 1536 614 1596 laßen
652 1536 789 1596 sollten,
821 1533 905 1593 wozu
943 1533 1091 1593 sowohl,
1123 1533 1196 1593 was
1228 1530 1281 1590 die

281 1587 636 1647 Schatzmeisterstellen
669 1584 716 1644 als
748 1581 816 1641 auch
854 1583 901 1643 die
923 1581 1272 1641 Feldzeugmeisterstel

276 1634 322 1694 len
354 1634 514 1694 angehet,
541 1631 587 1691 für
613 1629 675 1689 jede
696 1628 763 1688 eine
784 1625 955 1685 besondere
976 1626 1178 1686 Deputation
1204 1624 1281 1684 aus¬

284 1682 394 1742 gesetzt
410 1679 561 1739 worden.
612 1675 657 1735 Am
698 1672 930 1732 Donnerstage
950 1670 1010 1730 hat
1031 1670 1076 1730 der
1102 1670 1278 1730 Reichstag

281 1729 331 1789 die
357 1724 503 1784 Materie
524 1719 579 1779 von
610 1718 660 1778 der
686 1718 888 1778 pohlnischen
919 1715 1076 1775 Kleidung
1107 1715 1162 1775 des
1193 1712 1288 1772 künf¬

285 1775 367 1835 tigen
396 1769 522 1829 Königs
550 1766 605 1826 von
633 1763 760 1823 Pohlen
788 1766 970 1826 denjenigen
998 1763 1119 1823 Herren
1153 1760 1274 1820 bestens
1319 1763 1418 1823 nichts
1452 1760 1479 1820 zu
1518 1763 1639 1823 rechnen
1678 1766 1766 1826 seyn.

284 1819 501 1879 empfohlen,
523 1817 634 1877 welche
662 1815 703 1875 die
730 1814 821 1874 Pacta
837 1814 1001 1874 Conventa
1023 1814 1076 1874 für
1103 1814 1150 1874 den
1182 1814 1272 1874 neuen

287 1873 400 1933 König
423 1870 610 1930 aufzusetzen
639 1865 820 1925 ausersehen
849 1864 968 1924 werden
997 1866 1149 1926 würden.
1189 1864 1273 1924 Man

284 1922 375 1982 schloß
409 1921 568 1981 nachher,
603 1920 659 1980 daß
694 1921 750 1981 das
774 1918 887 1978 Archiv
916 1918 978 1978 und
1013 1918 1058 1978 die
1081 1915 1274 1975 Kleinodien

290 1972 343 2032 des
371 1972 511 2032 Reichs,
534 1970 582 2030 die
605 1969 745 2029 Königl.
767 1969 957 2029 Salzwerke
984 1966 1038 2026 und
1066 1968 1277 2028 Oeconomien

287 2024 421 2084 gehörig
444 2020 622 2080 untersucht
644 2017 763 2077 werden
801 2017 930 2077 sollten,
964 2017 1023 2077 und
1062 2014 1115 2074 daß
1148 2014 1196 2074 die
1224 2014 1277 2074 bey

290 2071 547 2131 gegenwärtiger
574 2067 642 2127 Zeit
664 2067 1012 2127 gewöhnlichermaßen
1039 2064 1064 2124 zu
1091 2061 1281 2121 errichtende

291 2120 417 2180 Brücke
447 2117 527 2177 über
557 2115 603 2175 die
633 2115 794 2175 Weichsel
818 2112 928 2172 allhier
958 2115 1027 2175 eine
1056 2112 1178 2172 künftig
1213 2111 1287 2171 fort¬

290 2169 455 2229 daurende
489 2163 616 2223 Brücke
655 2163 715 2223 seyn
754 2163 865 2223 sollte,
899 2163 959 2223 und
993 2160 1280 2220 jedermänniglich

284 2215 369 2275 ohne
391 2212 608 2272 Ausnahme,
635 2208 698 2268 nur
720 2208 767 2268 die
789 2208 842 2268 zur
869 2210 975 2270 Wahl
997 2211 1182 2271 kommende
1209 2208 1267 2268 aus

295 2258 510 2318 genommen,
533 2258 588 2318 für
616 2253 671 2313 den
699 2255 887 2315 Uebergang
916 2261 1059 2321 bezahlen
1098 2258 1208 2318 sollte,
1231 2255 1280 2315 für

293 2309 360 2369 eine
378 2303 502 2363 Person
531 2303 559 2363 zu
588 2303 650 2363 Fuß
680 2300 690 2360 1
719 2303 906 2363 Groschen,
941 2311 1003 2371 und
1032 2309 1083 2369 für
1106 2309 1145 2369 ein
1180 2306 1276 2366 Pferd

284 2360 364 2420 oder
391 2354 485 2414 ander
513 2351 620 2411 Stück
648 2349 728 2409 Vieh
763 2351 775 2411 3
803 2357 991 2417 Groschen,
1025 2357 1126 2417 auch,
1154 2354 1213 2414 wie
1234 2354 1287 2414 für

290 2410 341 2470 die
375 2402 614 2462 durchgehende
643 2398 773 2458 Gefaße
808 2401 847 2461 ein
882 2407 1064 2467 Edelmann
1098 2405 1109 2465 4
1144 2404 1285 2464 Gulden,

298 2459 337 2519 ein
372 2455 563 2515 Kaufmann
598 2447 671 2507 aber
700 2446 716 2506 8
745 2446 869 2506 Gulden
904 2455 1050 2515 bezahlen
1091 2452 1198 2512 sollte,
1221 2452 1277 2512 und

292 2508 345 2568 daß
376 2506 497 2566 künftig
522 2502 581 2562 kein
612 2497 739 2557 Mensch
770 2496 836 2556 eine
849 2503 1043 2563 Anweisung
1068 2503 1127 2563 auf
1146 2502 1194 2562 die
1213 2502 1291 2562 Ein¬

286 2556 396 2616 künfte
432 2557 525 2617 dieser
561 2548 694 2608 Brücke
730 2545 864 2605 erhalten
906 2551 1022 2611 könnte
1053 2552 1122 2612 noch
1158 2553 1268 2613 dürfte

298 2603 369 2663 doch
391 2605 424 2665 da
452 2605 495 2665 die
518 2598 733 2658 verwittwete
756 2596 943 2656 Castellanin
972 2600 1026 2660 von
1054 2602 1169 2662 Cracau
1198 2599 1280 2659 schon

296 2651 349 2711 die
373 2652 554 2712 Einkünfte
571 2648 623 2708 der
647 2646 760 2706 bisher
784 2643 958 2703 gewesenen
990 2649 1164 2709 Ueberfuhr
1195 2647 1293 2707 ange=
1317 2636 1469 2696 Ducaten
1492 2635 1568 2695 neue
1584 2635 1591 2695 9
1614 2637 1652 2697 fl.
1668 2640 1697 2700 24
1721 2641 1766 2701 gr.
1790 2638 1850 2698 alte
1866 2641 1872 2701 9
1896 2641 1933 2701 fl.
1942 2643 1972 2703 18
1988 2643 2048 2703 gt.
2072 2641 2200 2701 Alberts
2216 2643 2307 2703 Taler

288 2700 398 2760 wiesen
428 2700 544 2760 gehabt
568 2700 678 2760 hätte,
702 2694 789 2754 sollte
813 2691 847 2751 sie
871 2691 999 2751 dieselbe
1023 2697 1092 2757 auch
1116 2694 1197 2754 schon
1227 2696 1284 2756 auf

291 2751 483 2811 Lebenszeit
501 2748 557 2808 aus
587 2745 631 2805 den
666 2741 859 2801 Einkünften
889 2739 939 2799 der
962 2744 1087 2804 Brücke
1116 2745 1292 2805 genießen.

296 2800 384 2860 Man
418 2799 522 2859 redete
550 2796 649 2856 auch,
678 2795 733 2855 daß
766 2792 816 2852 der
850 2789 1021 2849 Schoppen
1060 2793 1109 2853 zur
1143 2795 1292 2855 Königs¬

288 2848 378 2908 wahl
407 2849 464 2909 auf
487 2847 538 2907 dem
578 2846 669 2906 Felde
698 2844 726 2904 in
755 2841 852 2901 Wola
887 2839 949 2899 eine
978 2841 1068 2901 halbe
1092 2842 1199 2902 Meile
1223 2841 1279 2901 von

288 2901 383 2961 hier,
416 2900 506 2960 nebst
533 2897 584 2957 den
623 2894 751 2954 übrigen
791 2891 958 2951 Anstalten
991 2889 1132 2949 besorget
1159 2890 1280 2950 werden

1296 366 1428 426 sollten.
1487 366 1538 426 Es
1579 366 1705 426 wurden
1747 369 1873 429 hernach
1914 364 1948 424 zu
1983 363 2208 423 Entwerfung
2249 366 2300 426 der

1293 414 1454 474 künftigen
1491 413 1651 473 Pactorum
1699 416 1932 476 Conventorum
1980 413 2041 473 mit
2073 410 2125 470 dem
2177 412 2229 472 neu
2271 412 2296 472 zu

1299 461 1521 521 erwählenden
1555 464 1682 524 Könige
1705 464 1748 524 die
1771 465 1971 525 Deputirten
1999 461 2198 521 festgesetzet.
2227 461 2293 521 Bey

1299 509 1398 569 dieser
1427 512 1571 572 Materie
1594 512 1671 572 fieng
1699 512 1748 572 der
1771 515 2009 575 Kammerherr
2032 509 2232 569 Gorowski,
2249 509 2298 569 der

1302 557 1353 617 bey
1383 560 1619 620 Gelegenheit,
1632 560 1689 620 daß
1713 563 1735 623 in
1771 563 1816 623 dem
1858 563 1955 623 letzten
1985 562 2118 622 Kriege,
2136 558 2181 618 die
2199 557 2308 617 Russi¬

1309 607 1382 667 schen
1417 607 1569 667 Truppen
1598 607 1620 667 in
1649 610 1773 670 Pohlen
1802 610 1955 670 gewesen,
1984 610 2028 670 sich
2057 610 2107 670 bey
2137 607 2294 667 denselben

1299 658 1347 718 als
1375 658 1629 718 Commissarius
1651 658 1705 718 von
1738 659 1949 719 Großpohlen
1977 658 2215 718 aufgehalten,
2248 654 2296 714 als

1304 707 1562 767 gegenwärtiger
1584 708 1778 768 pohlnischer
1806 709 1989 769 Landbothe
2016 709 2048 769 zu
2076 706 2220 766 erinnern
2248 703 2301 763 an,

1298 753 1354 813 daß
1386 753 1437 813 des
1469 754 1743 814 letztverstorbnen
1769 757 1914 817 Königes
1945 757 2110 817 Majestät
2137 754 2209 814 nach
2240 751 2291 811 den

1300 801 1404 861 Pactis
1428 801 1473 861 für
1497 803 1543 863 die
1567 804 1694 864 dreyßig
1724 805 1827 865 Jahr,
1846 804 1955 864 welche
1985 804 2054 864 Sie
2078 804 2211 864 regieret
2235 801 2303 861 hät¬

1303 849 1347 909 ten
1378 850 1408 910 an
1439 851 1484 911 die
1510 852 1575 912 drey
1605 852 1787 912 Millionen
1823 854 1883 914 und
1909 855 2060 915 dreymal
2081 850 2222 910 hundert
2237 848 2307 908 tau¬

1308 897 1374 957 send
1401 900 1530 960 Gulden
1561 900 1700 960 schuldig
1727 900 1886 960 geblieben
1923 902 2062 962 wären,
2099 900 2197 960 daher
2228 900 2295 960 man

1309 948 1438 1008 deshalb
1466 945 1514 1005 sich
1542 947 1573 1007 an
1601 948 1747 1008 desselben
1775 947 1877 1007 Erben
1905 951 2057 1011 wenden,
2085 949 2143 1009 und
2171 948 2198 1008 im
2236 945 2306 1005 Fall

1298 993 1370 1053 man
1397 995 1495 1055 nichts
1527 995 1661 1055 erhalten
1693 995 1823 1055 könnte,
1850 995 1896 1055 sich
1928 995 2021 1055 dafür
2042 998 2073 1058 an
2105 998 2161 1058 das
2188 995 2302 1055 hiesige

1304 1040 1488 1100 Sächsische
1510 1043 1629 1103 Palais
1656 1040 1710 1100 und
1743 1043 1786 1103 die
1808 1043 1878 1103 dazu
1912 1043 2057 1103 gehörige
2080 1046 2215 1106 Gründe
2237 1046 2307 1106 hal¬

1304 1085 1347 1145 ten
1380 1089 1477 1149 sollte.
1527 1090 1663 1150 Hiemit
1685 1088 1772 1148 hörte
1794 1088 1838 1148 die
1865 1088 1995 1148 Session
2029 1091 2099 1151 auf.

1454 1138 1522 1198 Aus
1580 1136 1670 1196 einem
1728 1139 1910 1199 Schreiben
1956 1138 2019 1198 aus
2065 1139 2172 1199 Riga,

1655 1184 1712 1244 vom
1763 1187 1825 1247 26.
1855 1187 1962 1247 May.

1360 1225 1430 1285 Die
1450 1231 1604 1291 Ankunft
1624 1231 1726 1291 unsrer
1753 1234 1952 1294 Monarchin
1979 1234 2049 1294 nach
2076 1231 2185 1291 Riga,
2205 1231 2243 1291 ist
2263 1231 2307 1291 ge¬

1304 1277 1390 1337 wiß.
1440 1282 1548 1342 Heute
1570 1282 1668 1342 bricht
1685 1282 1793 1342 bereits
1820 1285 1874 1345 das
1902 1285 1978 1345 erste
2000 1284 2163 1344 Bataillon
2190 1279 2304 1339 Garde

332 1344 376 1404 In
403 1342 453 1402 der
480 1339 775 1399 Mitwochssession
801 1339 910 1399 wurde
931 1336 1135 1396 abgemacht,
1155 1333 1206 1393 daß
1239 1333 1283 1393 so=
1316 1331 1392 1391 auf,
1412 1333 1515 1393 davon
1542 1333 1592 1393 die
1612 1333 1675 1393 eine
1695 1333 1805 1393 Helfte
1825 1336 1894 1396 nach
1921 1333 2029 1393 unsrer
2056 1333 2184 1393 Stadt,
2197 1330 2242 1390 die
2262 1329 2318 1389 an¬

1311 1381 1365 1441 dre
1387 1383 1456 1443 nach
1485 1384 1597 1444 Reval
1619 1384 1781 1444 bestimmt
1798 1384 1852 1444 ist.
1901 1385 1976 1445 Wir
1999 1384 2117 1444 werden
2151 1384 2247 1444 vieles
2269 1379 2296 1439 zu

1314 1432 1396 1492 sehen
1424 1434 1629 1494 bekommen,
1652 1434 1729 1494 weil
1747 1434 1835 1494 Ihro
1863 1436 1957 1496 Maj.
1974 1436 1996 1496 in
2024 1434 2135 1494 Ihrem
2169 1434 2307 1494 Gefolge

1311 1480 1367 1540 alle
1394 1482 1517 1542 fremde
1549 1482 1724 1542 Ministers
1761 1485 1860 1545 haben
1891 1483 2036 1543 werden.
2062 1482 2196 1542 Denken
2223 1479 2310 1539 Sie,

1313 1528 1390 1588 über
1411 1530 1499 1590 4000
1525 1530 1685 1590 Personen
1717 1533 1773 1593 soll
1800 1530 1898 1590 dieses
1935 1533 2079 1593 Gefolge
2100 1533 2312 1593 ausmachen,

1313 1576 1379 1636 man
1406 1578 1463 1638 hat
1479 1578 1535 1638 also
1556 1581 1768 1641 allenthalben
1795 1581 1975 1641 Quartiere
1997 1581 2162 1641 angesagt,
2189 1578 2245 1638 und
2266 1581 2302 1641 ich

1317 1620 1403 1680 selbst
1427 1622 1512 1682 freue
1542 1625 1613 1685 mich
1652 1626 1709 1686 auf
1733 1625 1771 1685 ein
1810 1625 1885 1685 paar
1915 1627 2020 1687 artige
2049 1627 2311 1687 Contubernale.

1315 1665 1369 1725 Da
1399 1667 1491 1727 dieses
1516 1667 1648 1727 festliche
1668 1668 1825 1728 Gewühle
1845 1670 1923 1730 nicht
1943 1670 2016 1730 über
2037 1670 2046 1730 8
2081 1670 2168 1730 Tage
2189 1670 2301 1730 dauren

1311 1712 1417 1772 wird,
1448 1711 1478 1771 so
1509 1712 1630 1772 werden
1666 1712 1711 1772 die
1742 1718 2071 1778 Beschwerlichkeiten
2113 1718 2214 1778 davon
2255 1716 2310 1776 für

1623 1900 2004 1960 AVERTISSEMENT.

1360 1948 1439 2008 Bey
1468 1951 1518 2011 dem
1564 1948 1722 2008 Verleger
1751 1951 1847 2011 dieser
1882 1951 2011 2011 Zeitung
2052 1951 2091 2011 ist
2120 1951 2147 2011 zu
2182 1951 2311 2011 haben:

1315 1996 1451 2056 Werke,
1468 2001 1673 2061 moralische,
1691 2000 1941 2060 philosophische
1970 1999 2032 2059 und
2055 1999 2231 2059 politische,
2255 1996 2311 2056 des

1319 2049 1545 2109 wohlthätigen
1578 2046 1799 2106 Weltweisen,
1821 2049 1880 2109 aus
1908 2049 1956 2109 dem
1994 2049 2113 2109 Franz.
2146 2046 2221 2106 1ster
2243 2043 2302 2103 und

1318 2096 1386 2156 2ter
1410 2094 1532 2154 Theil,
1556 2099 1601 2159 8,
1625 2097 1752 2157 Hamb.
1776 2100 1868 2160 764,
1897 2099 1915 2159 2
1944 2097 1978 2157 fl.
1996 2097 2030 2157 15
2060 2097 2111 2157 gr.
2136 2097 2164 2157 in
2194 2097 2291 2157 neuem

1313 2145 1434 2205 preuß.
1456 2145 1562 2205 Cour.
1610 2142 1854 2202 Wilhelmine,
1875 2145 1949 2205 oder
1971 2148 2017 2208 der
2045 2148 2224 2208 vermählte
2252 2145 2314 2205 Pe¬

1317 2195 1413 2255 dant,
1436 2193 1479 2253 ein
1507 2189 1696 2249 prosaisches
1724 2190 1886 2250 comisches
1908 2195 2065 2255 Gedicht,
2071 2199 2103 2259 8,
2115 2199 2201 2259 764,
2213 2198 2244 2258 18
2267 2196 2315 2256 gr.

1317 2239 1494 2299 Gedanken
1522 2237 1599 2297 über
1622 2236 1671 2296 den
1699 2237 1809 2297 Werth
1838 2237 1887 2297 der
1910 2240 2059 2300 Gefühle
2082 2243 2103 2303 im
2148 2243 2313 2303 Christen¬

1312 2291 1427 2351 thum,
1451 2288 1503 2348 von
1533 2288 1731 2348 Spalding,
1760 2290 1800 2350 8,
1824 2288 1929 2348 Leipz.
1959 2290 1975 2350 1
1999 2288 2039 2348 fl.
2098 2291 2179 2351 Der
2215 2290 2318 2350 Meß¬

1319 2342 1502 2402 Catalogus
1525 2336 1573 2396 von
1601 2336 1649 2396 der
1666 2336 1855 2396 Ostermesse
1883 2337 1991 2397 1764.

1324 2438 1652 2498 Wechsel-Cours
1677 2437 1692 2497 &
1750 2440 1901 2500 Species
1927 2439 1966 2499 d.
1983 2443 2030 2503 7.
2063 2446 2167 2506 Jun.
2184 2450 2311 2510 1764.

1903 2485 1953 2545 71
1973 2494 2063 2554 Tage

1318 2491 1507 2551 Amsterdam
1543 2491 1577 2551 41
1602 2491 1684 2551 Tage
1708 2494 1766 2554 295
1797 2495 1849 2555 gr.

1887 2536 1903 2596 6
1939 2540 2007 2600 W.

1318 2542 1491 2602 Hamburg
1522 2536 1533 2596 3
1551 2539 1605 2599 W.
1629 2542 1689 2602 130
1719 2542 1766 2602 gr.

1323 2590 1437 2650 Berlin

1782 2588 1937 2648 Dantzig

1321 2687 1441 2747 Rubel
1461 2682 1473 2742 3
1499 2682 1537 2742 fl.
1556 2683 1593 2743 27
1620 2688 1670 2748 gr.

1781 2685 1837 2745 Alt
1849 2688 1991 2748 Polnisch
2014 2690 2088 2750 Geld
2111 2691 2144 2751 18
2168 2691 2218 2751 pr.
2230 2691 2309 2751 Cto.

1329 2737 1378 2797 Alt
1392 2730 1555 2790 Märcksch
1581 2731 1656 2791 Geld

1863 2738 2109 2798 Graumansch.
2131 2736 2204 2796 Fusz

1331 2816 1430 2876 Diese
1441 2811 1581 2871 Gelehrte
1593 2814 1653 2874 und
1674 2817 1834 2877 Politische
1856 2817 1975 2877 Zeitung
1998 2820 2067 2880 wird
2089 2818 2138 2878 des
2159 2820 2309 2880 Montags

1425 2858 1481 2918 und
1513 2858 1657 2918 Freytags
1677 2858 1701 2918 in
1727 2858 1771 2918 dem
1809 2861 1997 2921 Kanterschen
2029 2861 2205 2921 Buchladen

1710 2900 1923 2960 ausgegeben.
