2479 3508
605 1247 720 1307 38tes
771 1244 927 1304 Stück.
987 1243 1209 1303 Montag,
1243 1243 1309 1303 den
1360 1245 1433 1305 11.
1467 1242 1632 1302 Junius
1675 1245 1823 1305 1764.

618 1336 783 1396 Lübeck.

198 1390 576 1450 Denkwürdigkeiten
608 1386 657 1446 der
677 1387 887 1447 Stiftskirche
912 1384 943 1444 zu
969 1384 1030 1444 St.
1043 1384 1142 1444 Peter
1161 1381 1179 1441 in

197 1434 578 1494 Westmünster,
600 1431 689 1491 nebst
721 1431 843 1491 einigen
875 1431 980 1491 hieher
1013 1428 1182 1488 gehörigen

204 1485 410 1545 Nachrichten
442 1479 498 1539 von
530 1479 581 1539 dem
618 1479 711 1539 Leben
743 1479 990 1539 merkwürdiger
1022 1476 1187 1536 englischer

199 1536 336 1596 Dichter
364 1532 422 1592 mit
449 1530 496 1590 dem
540 1528 650 1588 Motto
683 1529 736 1589 des
768 1530 901 1590 Horaz:
933 1527 1087 1587 Lectorem
1135 1525 1187 1585 de-

203 1587 346 1647 lectando
374 1578 551 1638 pariterque
568 1578 723 1638 monendo
751 1578 812 1638 sind
835 1579 878 1639 bey
901 1580 1011 1640 Jonas
1034 1578 1188 1638 Schmidt

201 1640 298 1700 1763
322 1637 344 1697 in
374 1633 431 1693 8vo
455 1630 512 1690 auf
530 1628 546 1688 1
570 1631 732 1691 Alphabet
750 1631 761 1691 9
790 1631 847 1691 und
877 1628 957 1688 einen
986 1628 1095 1688 halben
1119 1624 1188 1684 Bo=

197 1692 256 1752 gen
295 1682 625 1742 herausgekommen.
686 1682 744 1742 Da
778 1682 842 1742 nach
881 1681 962 1741 einem
1011 1679 1178 1739 bekannten

200 1738 421 1798 Sprichwort
444 1733 493 1793 der
516 1733 660 1793 Römer,
677 1732 754 1792 nicht
777 1733 859 1793 einem
899 1730 982 1790 jeden
1010 1730 1070 1790 frey
1099 1730 1181 1790 stand

203 1790 274 1850 nach
314 1784 447 1844 Corinth
486 1782 519 1842 zu
559 1781 725 1841 kommen,
759 1779 792 1839 so
826 1778 942 1838 können
982 1778 1031 1838 die
1060 1778 1181 1838 meisten

199 1837 400 1897 Deutschen,
433 1829 487 1889 zum
538 1824 701 1884 wenigsten
740 1822 826 1882 unsre
854 1824 1067 1884 Landsleute,
1089 1825 1187 1885 dieses

205 1885 260 1945 von
291 1881 414 1941 London
452 1871 562 1931 sagen.
625 1870 699 1930 Der
730 1867 896 1927 Verfasser
928 1867 1020 1927 dieser
1051 1870 1193 1930 Schrift

201 1933 257 1993 hat
283 1931 345 1991 also
371 1924 459 1984 keine
485 1918 617 1978 unnütze
649 1914 768 1974 Arbeit
794 1912 863 1972 über
896 1914 945 1974 sich
977 1912 1191 1972 genommen,

203 1981 291 2041 wenn
321 1975 344 2035 er
368 1966 568 2026 auswärtige
586 1961 668 2021 Leser
699 1960 757 2020 mit
781 1960 834 2020 dem
876 1960 1058 2020 berühmten
1088 1960 1193 2020 West¬

200 2024 341 2084 münster
370 2016 500 2076 daselbst
524 2011 625 2071 näher
655 2009 790 2069 bekannt
819 2008 938 2068 macht.
984 2008 1075 2068 Man
1110 2008 1177 2068 muß

203 2070 397 2130 erstaunen,
425 2061 508 2121 wenn
542 2060 608 2120 man
642 2058 685 2118 sich
714 2056 736 2116 in
764 2057 814 2117 der
837 2055 1047 2115 Gesellschaft
1070 2056 1097 2116 so
1125 2055 1191 2115 vie=

199 2120 245 2180 ler
266 2114 421 2174 Könige,
443 2109 567 2169 Helden
604 2109 661 2169 und
692 2106 868 2166 Gelehrten
905 2104 1066 2164 befindet,
1092 2103 1180 2163 deren

200 2160 405 2220 ehrwürdige
434 2160 528 2220 Asche
556 2159 651 2219 durch
685 2158 851 2218 prächtige
879 2154 1085 2214 Denkmäler
1125 2151 1185 2211 uns

196 2217 265 2277 hier
287 2214 425 2274 bekannt
447 2211 585 2271 gemacht
607 2208 702 2268 wird.
735 2208 809 2268 Die
831 2205 1038 2265 beygefügten
1060 2202 1193 2262 Lebens=

200 2270 286 2330 laufe
309 2267 357 2327 der
385 2263 511 2323 größten
549 2258 713 2318 englischen
741 2256 877 2316 Dichter
905 2251 1063 2311 entreißen
1097 2249 1183 2309 ihren

204 2318 343 2378 ohnedem
385 2312 565 2372 berühmten
598 2307 757 2367 Namen,
783 2306 851 2366 auch
877 2304 928 2364 bey
954 2300 1047 2360 denen
1084 2297 1130 2357 die
1151 2298 1187 2358 sie

204 2366 358 2426 vielleicht
380 2363 446 2423 noch
473 2360 549 2420 nicht
571 2357 705 2417 kennen,
726 2354 772 2414 der
798 2351 1056 2411 Vergessenheit.
1092 2345 1180 2405 Man

202 2414 281 2474 trift
302 2411 371 2471 hier
403 2408 450 2468 die
477 2405 678 2465 Grabmäler
706 2402 795 2462 eines
827 2399 991 2459 Cowley,
1023 2396 1192 2456 Chaucer,

213 2458 391 2518 Johnson,
424 2453 606 2513 Drayton,
634 2449 801 2509 Dryden,
823 2447 1000 2507 Spenser,
1039 2443 1184 2503 Milton,

207 2505 402 2565 Shadwell,
419 2500 537 2560 Prior,
553 2497 619 2557 St.
641 2497 842 2557 Evremond,
863 2494 1095 2554 Shakespear,
1121 2491 1188 2551 Ro¬

201 2554 264 2614 we,
282 2554 380 2614 Gay,
398 2548 594 2608 Davenant,
612 2545 769 2605 Shovel,
792 2546 931 2606 Argyle,
949 2542 1035 2602 Hill,
1059 2539 1191 2599 Sprat,

200 2602 383 2662 Congreve,
395 2599 539 2659 Craggs,
557 2596 712 2656 Boulter,
724 2596 901 2656 Cartarett,
913 2591 1079 2651 Stepney,
1091 2590 1191 2650 Knel=

206 2652 276 2712 ler,
307 2646 472 2706 Thynne,
496 2642 720 2702 Richardson,
751 2643 857 2703 Jacob
875 2643 910 2703 I,
946 2640 1188 2700 Buckingham,

197 2702 330 2762 Edugrd
354 2694 400 2754 V,
424 2691 603 2751 Pulteney,
627 2691 836 2751 Carendish,
860 2691 1057 2751 Stanhope,
1081 2684 1190 2744 Chur¬

197 2754 276 2814 chil,
294 2747 413 2807 Wade,
430 2739 651 2799 Cornwallis,
663 2737 867 2797 Bringfield,
885 2742 1015 2802 Hardy,
1033 2736 1191 2796 Newton,

203 2803 363 2863 Cotterel,
387 2793 499 2853 Creed,
524 2789 719 2849 Casaubon,
743 2790 879 2850 Butler,
903 2788 1081 2848 Philipps,
1105 2784 1193 2844 Bal¬

194 2855 283 2915 chen,
309 2848 447 2908 Wager,
472 2841 635 2901 Warren,
661 2841 792 2901 Hollis,
817 2844 980 2904 Hallifar,
1006 2835 1185 2895 Chamber=

1230 1339 1338 1399 layne,
1356 1339 1441 1399 nebst
1466 1339 1556 1399 vielen
1587 1339 1701 1399 andern
1726 1342 1786 1402 an.
1830 1342 1956 1402 Sogar
1974 1343 2059 1403 einen
2090 1345 2143 1405 von
2162 1345 2222 1405 un¬

1228 1382 1285 1442 sern
1324 1384 1553 1444 Landesleuten
1592 1384 1697 1444 finden
1735 1386 1792 1446 wir
1832 1387 1941 1447 allhier
1980 1390 2070 1450 unter
2104 1393 2190 1453 einem

1221 1428 1400 1488 prächtigen
1428 1428 1608 1488 Marmor.
1652 1428 1700 1488 Es
1728 1431 1760 1491 ist
1783 1431 1874 1491 dieses
1909 1434 1962 1494 der
1990 1437 2060 1497 noch
2094 1438 2120 1498 in
2154 1443 2218 1503 die¬

1223 1478 1266 1538 sem
1304 1476 1541 1536 Jahrhundert
1558 1477 1585 1537 in
1612 1479 1736 1539 London
1764 1481 1942 1541 verstorbne
1970 1482 2066 1542 große
2089 1487 2212 1547 Philo¬

1226 1527 1316 1587 logus
1339 1527 1383 1587 D.
1401 1527 1536 1587 Johann
1566 1528 1661 1588 Ernst
1684 1528 1797 1588 Grabe
1814 1530 1888 1590 (und
1911 1530 1995 1590 nicht
2013 1535 2136 1595 Grape,
2148 1536 2204 1596 wie

1221 1573 1249 1633 er
1272 1578 1340 1638 hier
1363 1578 1510 1638 fälschlich
1534 1578 1720 1638 geschrieben
1749 1580 1874 1640 wird).
1903 1581 1976 1641 Wir
1999 1582 2107 1642 wollen
2136 1587 2214 1647 eini¬

1223 1628 1259 1688 ge
1281 1626 1328 1686 der
1355 1628 1624 1688 merkwürdigsten
1657 1628 1895 1688 Grabschriften
1927 1631 2000 1691 aber
2022 1631 2080 1691 nur
2102 1634 2128 1694 in
2160 1637 2207 1697 der

1223 1679 1444 1739 Uebersetzung
1471 1680 1649 1740 anführen,
1666 1679 1736 1739 weil
1753 1680 1806 1740 das
1829 1679 1979 1739 Original
2002 1685 2158 1745 entweder
2175 1686 2201 1746 in

1223 1730 1415 1790 lateinischer
1444 1730 1517 1790 oder
1553 1730 1722 1790 englischer
1757 1731 1911 1791 Sprache
1945 1733 2121 1793 abgefasset
2155 1739 2211 1799 ist.

1220 1778 1297 1838 Der
1313 1778 1581 1838 liebenswürdige
1603 1781 1773 1841 Character
1794 1778 1846 1838 des
1867 1781 1980 1841 jungen
2006 1784 2073 1844 aber
2089 1784 2208 1844 tapfern

1226 1825 1319 1885 Lords
1344 1825 1472 1885 Aubery
1497 1828 1694 1888 Beauelerc,
1709 1828 1757 1888 der
1783 1830 1837 1890 auf
1867 1830 1915 1890 dem
1955 1831 2093 1891 Verdeck
2123 1837 2211 1897 eines

1225 1870 1341 1930 Schifs
1368 1870 1436 1930 noch
1463 1872 1605 1932 Befehle
1627 1873 1822 1933 austheilte,
1849 1876 1885 1936 da
1913 1879 1959 1939 ihm
2002 1882 2113 1942 bereits
2140 1885 2213 1945 bey¬

1217 1912 1246 1972 de
1282 1912 1393 1972 Beine
1424 1915 1631 1975 abgeschossen
1677 1921 1808 1981 waren,
1845 1923 1884 1983 ist
1915 1924 1975 1984 also
2011 1930 2213 1990 geschildert.

1220 1947 1292 2007 „Er
1313 1959 1395 2019 besaß
1427 1960 1494 2020 eine
1515 1961 1597 2021 nicht
1619 1966 1758 2026 weniger
1779 1966 1877 2026 große
1898 1970 2027 2030 Seele,
2048 1974 2094 2034 als
2121 1978 2218 2038 ange¬

1237 2008 1358 2068 nehme
1380 2006 1517 2066 Sitten:
1544 2008 1633 2068 Sein
1660 2011 1834 2071 Verdienst
1856 2014 1919 2074 war
1946 2019 2030 2079 reif,
2057 2023 2088 2083 zu
2126 2024 2215 2084 früh¬

1229 2051 1334 2111 "zeitig
1361 2053 1429 2113 aber
1451 2052 1510 2112 sein
1537 2055 1716 2115 Schicksal.
1749 2058 1870 2118 Lebend
1897 2061 2077 2121 vermischte
2104 2064 2130 2124 er
2152 2067 2215 2127 mit

1239 2103 1341 2163 'seinem
1391 2101 1602 2161 kriegerischen
1641 2103 1738 2163 Feuer
1766 2104 1836 2164 jede
1869 2107 2015 2167 zärtliche
2048 2115 2216 2175 Anmuth,

1228 2148 1358 2208 welche
1386 2148 1472 2208 Liebe
1500 2149 1559 2209 und
1592 2154 1717 2214 Freude
1745 2154 1809 2214 uns
1843 2154 2033 2214 einflößen:
2066 2163 2207 2223 sterbend

1225 2199 1358 2259 "befahl
1372 2196 1404 2256 er
1423 2202 1647 2262 Britanniens
1673 2205 1813 2265 Donner
1840 2208 1864 2268 zu
1892 2211 2037 2271 bruͤllen,
2058 2213 2115 2273 und
2135 2217 2204 2277 noch

1227 2249 1318 2309 "nach
1344 2246 1443 2306 seinem
1487 2250 1573 2310 Tode
1592 2255 1697 2315 fühlte
1723 2258 1772 2318 ihn
1797 2261 1976 2321 Spanien.

1286 2329 1363 2389 Des
1393 2333 1470 2393 Lord
1506 2341 1684 2401 Rüssels
1721 2345 1779 2405 und
1804 2348 1904 2408 seines
1935 2348 2142 2408 Sohnes.

1266 2391 1487 2451 Erhabenstes
1514 2400 1611 2460 Paar
1645 2402 1714 2462 nach
1747 2408 1882 2468 Tugend
1910 2407 1969 2467 und
2002 2407 2136 2467 Geburt
2169 2407 2179 2467 —

1220 2440 1273 2500 vom
1315 2441 1463 2501 Himmel
1481 2449 1623 2509 geliebt,
1647 2455 1706 2515 auf
1730 2456 1830 2516 Erden
1860 2455 1990 2515 geehrt.
2038 2455 2108 2515 Die
2127 2455 2215 2515 Hof=

1221 2491 1301 2551 nung
1337 2492 1435 2552 seines
1464 2500 1713 2560 Vaterlandes,
1743 2503 1789 2563 die
1813 2503 1923 2563 größte
1952 2500 2073 2560 Freude
2103 2503 2201 2563 seines

1222 2539 1369 2599 Hauses.
1411 2545 1516 2605 Ihn,
1541 2552 1665 2612 meinen
1689 2551 1818 2611 theuren
1842 2551 2014 2611 Gemahl,
2044 2553 2102 2613 mir
2126 2551 2214 2611 theu¬

1223 2587 1266 2647 rer
1295 2590 1338 2650 als
1361 2591 1416 2651 das
1444 2594 1521 2654 Licht
1544 2597 1593 2657 der
1622 2602 1733 2662 Wele,
1756 2600 1810 2660 hat
1839 2598 1899 2658 mir
1927 2599 1977 2659 der
2005 2599 2071 2659 Tod
2099 2602 2215 2662 gerau=

1221 2636 1272 2696 bet
1302 2635 1313 2695 —
1372 2641 1469 2701 Allein
1499 2644 1533 2704 ich
1563 2646 1632 2706 will
1650 2649 1701 2709 das
1731 2646 1893 2706 Andenken
1923 2646 2102 2706 desjenigen
2143 2649 2188 2709 dem

1227 2684 1311 2744 Tode
1334 2688 1514 2748 entziehen,
1532 2697 1582 2757 dem
1623 2697 1661 2757 ich
1685 2694 1780 2754 dieses
1803 2694 1972 2754 Grabmal
1990 2694 2142 2754 aufrichte
2165 2691 2176 2751 —

1221 2736 1317 2796 John
1346 2737 1408 2797 war
1431 2740 1487 2800 sein
1516 2745 1629 2805 Name
1658 2742 1668 2802 —
1737 2739 1781 2799 Er
1805 2742 1889 2802 war,
1901 2744 1974 2804 muß
1997 2742 2036 2802 ich
2060 2742 2212 2802 Unglück¬

1227 2784 1310 2844 selige
1334 2787 1416 2847 sagen
1459 2787 1470 2847 —
1531 2793 1690 2853 Ehemals
1708 2788 1785 2848 Lord
1810 2791 1952 2851 Rüssel,
1977 2790 2029 2850 und
2060 2792 2118 2852 nun
2149 2793 2213 2853 eine

1224 2835 1295 2895 nach
1322 2838 1439 2898 meinen
1472 2841 1622 2901 Thranen
1649 2841 1811 2901 durstende
1832 2838 1935 2898 Erde.

2130 2888 2210 2948 Des
