2479 3508
278 342 427 402 dermaus
462 339 508 399 des
543 333 663 393 Aesops
693 333 878 393 verhalten,
907 334 964 394 und
994 333 1068 393 nach
1103 333 1264 393 Gelegen¬

271 389 339 449 heit
356 386 403 446 der
425 383 601 443 Umstände
629 380 693 440 bald
720 380 810 440 unter
832 380 880 440 die
897 383 1099 443 vierfüßige,
1121 380 1185 440 bald
1212 379 1270 439 un¬

281 431 325 491 ter
359 434 402 494 die
431 428 602 488 fliegenden
641 425 757 485 Thiere
780 431 923 491 gezählt.
974 428 1040 488 Und
1073 428 1139 488 man
1184 428 1256 488 kann

283 479 405 539 freylich
432 479 500 539 noch
533 474 617 534 nicht
633 475 749 535 sagen,
772 478 803 538 ob
836 476 861 536 er
889 476 930 536 ein
958 476 1185 536 Socinianer,
1207 475 1270 535 Ar¬

280 527 413 587 rianer,
446 524 648 584 Pelagianer
681 524 701 584 in
739 522 749 582 —
809 518 824 578 —
883 524 984 584 aner
1017 524 1069 584 ist.
1140 522 1187 582 Es
1220 524 1267 584 ge¬

281 572 371 632 hören
414 572 493 632 diese
515 570 637 630 Fragen
675 570 765 630 unter
798 571 877 631 seine
910 569 1251 629 Catechismusfragen

289 619 338 679 die
363 619 406 679 die
427 619 495 679 Zeit
520 617 578 677 und
613 619 745 679 wackere
771 618 917 678 Männer
943 619 1158 679 beantworten
1193 616 1276 676 wer¬

283 669 363 729 den.
409 667 490 727 Wir
515 664 591 724 aber
622 664 794 724 empfehlen
830 664 890 724 uns
926 666 1063 726 hiemit,
1093 665 1154 725 und
1185 664 1275 724 über¬

293 715 375 775 laßen
407 715 453 775 den
484 715 587 775 Herrn
613 715 773 775 Verfasser
800 712 887 772 denen
919 712 1182 772 Hamburgischen
1219 708 1275 768 wi¬

285 766 378 826 tzigen
405 763 461 823 und
488 760 700 820 unwitzigen,
727 760 929 820 gründlichen
961 760 1018 820 und
1039 760 1158 820 seichten
1195 759 1278 819 Sta=

293 810 494 870 chelschriften
521 810 553 870 zu
580 807 749 867 beliebiger
765 807 961 867 Züchtigung
983 807 1035 867 und
1058 807 1285 867 Gegenwehr,

283 860 366 920 ohne
387 857 434 917 ihm
477 855 533 915 das
555 855 728 915 Verdienst
749 855 832 915 eines
865 852 1021 912 gelehrten
1053 855 1199 915 Mannes
1231 851 1283 911 ab¬

294 906 494 966 zusprechen.
560 903 674 963 Kostet
701 903 722 963 in
761 901 809 961 der
842 900 1049 960 Kanterschen
1087 903 1282 963 Buchhand¬

292 955 370 1015 lung
399 953 506 1013 allhier
528 951 584 1011 wie
607 951 677 1011 auch
700 950 727 1010 in
750 948 863 1008 Elbing
886 949 942 1009 und
972 948 1078 1008 Mitau
1100 951 1114 1011 1
1129 951 1164 1011 fl.
1179 951 1207 1011 24
1229 950 1278 1010 gr.

638 1016 942 1076 Königsberg.

347 1064 419 1124 Bey
447 1062 553 1122 unserm
592 1064 742 1124 Verleger
765 1061 803 1121 ist
821 1058 1127 1118 herausgekommen
1155 1064 1266 1124 Rhap

303 1112 418 1172 sodie
445 1112 487 1172 rc.
509 1112 550 1172 rc.
604 1110 693 1170 Herr
725 1109 883 1169 Hippel
905 1106 1021 1166 äußert
1048 1107 1137 1167 gleich
1169 1110 1200 1170 zu
1227 1108 1290 1168 An¬

296 1160 392 1220 fange
421 1160 512 1220 dieses
541 1157 820 1217 schwermüthigen
850 1156 1004 1216 Gedichts
1027 1154 1049 1214 so
1078 1154 1140 1214 viel
1158 1154 1226 1214 Lust
1249 1154 1277 1214 zu

301 1207 431 1267 klagen,
454 1207 510 1267 daß
540 1207 601 1267 man
636 1204 714 1264 recht
732 1204 924 1264 aufmerksam
964 1202 1060 1262 wird,
1083 1204 1134 1264 sein
1163 1204 1292 1264 Schick¬

306 1259 349 1319 sal
371 1258 479 1318 kennen
507 1258 534 1318 zu
567 1255 691 1315 lernen.

349 1328 486 1388 Nehmt
514 1330 631 1390 Klüfte

304 1377 434 1437 Nehmt
462 1378 546 1438 einen
579 1375 749 1435 Jüngling
776 1374 854 1434 auf,
875 1375 926 1435 der
953 1373 1051 1433 seines
1084 1375 1195 1435 Lebens
1229 1371 1287 1431 satt

302 1422 421 1482 Gewiß
456 1422 626 1482 beglückter
655 1422 763 1482 stirbt,
787 1422 872 1482 wenn
912 1421 940 1481 er
970 1421 1112 1481 geklaget
1141 1419 1208 1479 hat,

297 1473 389 1533 Zeigt
419 1474 518 1534 seinem
563 1473 677 1533 trüben
706 1470 828 1530 Blick,
865 1467 928 1527 wie
958 1467 1014 1527 bey
1059 1470 1108 1530 dem
1152 1468 1288 1528 Dampf

827 1515 883 1575 der
912 1512 1042 1572 Sorgen

304 1560 375 1620 Der
397 1564 518 1624 Freude
541 1565 727 1625 Ebenbild:
756 1564 799 1624 die
822 1562 950 1622 Sonne
972 1563 1036 1623 und
1059 1563 1108 1623 den
1138 1562 1280 1622 Morgen

308 1613 422 1673 Macht
457 1616 510 1676 daß
552 1613 606 1673 der
640 1610 877 1670 Wiederschall
905 1608 979 1668 auch
1014 1610 1162 1670 Seufzer
1204 1610 1291 1670 nicht

818 1649 962 1709 verhört

305 1698 371 1758 Und
405 1700 437 1760 an
472 1697 665 1757 Empfinden
699 1694 785 1754 treu,
813 1694 852 1754 sie
879 1694 979 1754 nahen
1007 1691 1153 1751 Wäldern
1187 1691 1286 1751 lehrt.

308 1742 382 1802 Der
403 1742 513 1802 Bäche
539 1741 639 1801 spates
665 1739 730 1799 Lied
760 1738 855 1798 hauch
886 1736 911 1796 in
947 1736 996 1796 dem
1037 1736 1147 1796 matten
1178 1736 1283 1796 Busen

302 1791 385 1851 Kein
416 1790 500 1850 Feur
531 1790 583 1850 zur
614 1787 813 1847 Dichtkunst
836 1785 911 1845 auf.
950 1784 1056 1844 Seyd
1088 1786 1186 1846 Eulen
1218 1786 1300 1846 mei¬

828 1835 867 1895 ne
899 1834 1040 1894 Musen.

352 1909 408 1969 Er
435 1912 601 1972 beschreibt
627 1912 678 1972 die
704 1914 819 1974 Jahre
845 1911 941 1971 seiner
974 1912 1159 1972 Kindheit,
1179 1912 1294 1972 welche

309 1960 337 2020 er
360 1963 404 2023 sich
433 1963 540 2023 zuruͤck
563 1960 715 2020 wuͤnscht.

362 2032 425 2092 Ich
454 2031 583 2091 pflückte
605 2031 748 2091 Veilchen
784 2028 841 2088 ab,
864 2028 927 2088 und
956 2028 1056 2088 steckte
1086 2025 1121 2085 sie
1151 2025 1214 2085 mir
1244 2028 1293 2088 an,

309 2081 410 2141 Wenn
448 2082 490 2142 ich
521 2082 593 2142 aufs
623 2081 740 2141 blanke
763 2076 849 2136 Kleid
886 2076 937 2136 des
968 2073 1106 2133 Prinzen
1143 2076 1215 2136 mich
1245 2075 1295 2135 be¬

833 2124 934 2184 sann,

315 2195 422 2255 Die
448 2194 600 2254 Stellen,
613 2193 638 2253 in
665 2193 791 2253 welchen
823 2190 848 2250 er
874 2192 930 2252 uns
956 2193 1013 2253 mit
1033 2193 1127 2253 seiner
1147 2193 1299 2253 Schwer=

307 2239 393 2299 muth
423 2237 591 2297 bekannter
610 2237 735 2297 macht,
760 2237 817 2297 sind
846 2239 1024 2299 affectvoll,
1049 2240 1135 2300 allein
1169 2237 1246 2297 weil
1261 2240 1289 2300 er

308 2289 388 2349 seine
409 2282 687 2342 Offenherzigkeit
714 2281 740 2341 zu
772 2284 836 2344 fruh
874 2285 926 2345 für
959 2288 1007 2348 die
1029 2287 1215 2347 Neugierde
1242 2288 1289 2348 des

308 2333 411 2393 Lesers
433 2330 593 2390 bedroht;
620 2326 645 2386 so
672 2326 738 2386 muß
770 2332 838 2392 man
870 2336 952 2396 seine
973 2336 1092 2396 Klagen
1129 2336 1300 2396 nothwen¬

310 2384 495 2444 digerweise
513 2378 626 2438 größer
650 2378 697 2438 als
716 2376 775 2436 sein
800 2382 936 2442 Ungluck
961 2384 1085 2444 halten.

366 2458 448 2518 Kein
491 2450 724 2510 Hypochonder
758 2447 916 2507 Freund!
959 2454 1008 2514 der
1042 2455 1175 2515 Sterne
1209 2457 1292 2517 sucht

833 2496 899 2556 und
929 2500 1006 2560 fällt

310 2551 477 2611 Verflucht
509 2550 562 2610 aus
593 2544 761 2604 Eigensinn
800 2541 876 2601 mein
908 2545 983 2605 Loos
1015 2548 1045 2608 in
1076 2548 1167 2608 dieser
1191 2547 1282 2607 Welt

315 2601 405 2661 Groß
436 2602 525 2662 durch
557 2599 601 2659 ein
640 2596 767 2656 zinsbar
798 2587 873 2647 Amt
896 2589 978 2649 wagt
1002 2596 1106 2656 plump
1138 2596 1205 2656 wie
1221 2596 1288 2656 ihre

834 2635 989 2695 Trachten

305 2694 398 2754 Dies
433 2694 543 2754 Herz,
586 2696 645 2756 das
680 2694 722 2754 sie
757 2685 935 2745 verkennt,
971 2686 1021 2746 die
1048 2689 1217 2749 Thorheit
1244 2694 1277 2754 zu
1329 2692 1405 2752 Ihm
1448 2687 1507 2747 ist,
1534 2682 1626 2742 wenn
1671 2685 1704 2745 um
1756 2687 1815 2747 sein
1850 2687 1960 2747 Haupt
1995 2688 2045 2748 ein
2080 2688 2309 2748 Mückenlager

826 2733 1011 2793 verachten.

1302 333 1370 393 Und
1402 331 1501 391 willst
1533 331 1564 391 du
1602 333 1689 393 ihren
1734 330 1840 390 Stolz
1872 330 1946 390 nach
1991 333 2153 393 Gründen
2191 333 2309 393 wider¬

1819 377 1993 437 sprechen,

1300 425 1414 485 Gleich
1451 422 1528 482 wird
1560 422 1596 482 sie
1627 422 1704 482 über
1729 425 1777 485 dir
1809 428 1880 488 zehn
1905 425 2123 485 Richterstäbe
2154 425 2298 485 brechen.

1306 475 1395 535 Man
1427 474 1510 534 meld
1549 472 1600 532 ihr
1633 473 1741 533 deinen
1774 474 1876 534 Tod,
1903 475 1953 535 ihr
1992 473 2075 533 Zorn
2120 476 2209 536 zehrt
2242 476 2293 536 sich

1826 520 1908 580 nicht
1942 521 1996 581 ab,

1314 569 1390 629 Mit
1416 569 1543 629 Flüchen
1582 566 1658 626 steht
1685 567 1716 627 er
1742 572 1826 632 auf,
1852 569 1909 629 und
1948 569 2011 629 spät
2038 569 2107 629 noch
2146 567 2203 627 auf
2223 569 2293 629 dein

1828 613 1928 673 Grab

1308 661 1410 721 Leicht
1432 661 1491 721 wie
1514 661 1551 721 ein
1584 658 1708 718 Tänzer
1731 661 1817 721 tritt,
1839 661 1898 721 mit
1926 664 2143 724 ausgelernten
2176 662 2289 722 Minen

1312 709 1479 769 Erscheint
1509 712 1578 772 nach
1607 709 1659 769 ihr
1700 712 1752 772 der
1781 709 1867 769 Neid
1909 709 1972 769 und
2007 712 2123 772 spricht
2158 715 2279 775 gebückt

1828 760 1862 820 zu
1897 757 2027 817 dienen.

1714 847 1773 907 und
1807 846 1900 906 dörft
1920 849 1966 909 ich
2001 849 2059 909 nur
2086 852 2139 912 die
2166 853 2292 913 größten

1833 897 1954 957 meiner
1982 897 2104 957 Klagen

1312 942 1383 1002 Von
1423 942 1590 1002 Menschen
1630 941 1806 1001 abgezäunt
1838 939 1861 999 in
1894 945 2005 1005 langen
2045 947 2204 1007 Seufzern
2236 945 2307 1005 wa¬

1832 984 1922 1044 gen;

1317 1033 1424 1093 Würd
1447 1031 1497 1091 der
1521 1031 1684 1091 bemooßte
1707 1029 1780 1089 Fels
1804 1031 1888 1091 durch
1917 1033 2041 1093 Trauer
2070 1037 2125 1097 gar
2149 1037 2306 1097 erweicht,

1322 1076 1389 1136 Und
1415 1078 1492 1138 mein
1518 1079 1704 1139 gespanntes
1730 1078 1812 1138 Herz
1833 1079 2081 1139 geheimnißfrey
2117 1082 2173 1142 und
2200 1085 2303 1145 leicht.

1321 1125 1476 1185 Schweig
1529 1127 1748 1187 unbesonnner
1784 1126 1933 1186 Mund,
1969 1127 2044 1187 fallt
2085 1127 2171 1187 leiser
2218 1132 2304 1192 treue

1835 1175 1965 1235 Zähren
2000 1173 2013 1233 —

1368 1239 1458 1299 Sein
1483 1240 1579 1300 Trost
1598 1240 1633 1300 ist
1652 1242 1706 1302 der
1731 1243 1791 1303 Tod
1822 1244 1869 1304 der
1894 1246 1960 1306 auch
1991 1249 2081 1309 seinem
2124 1249 2293 1309 geglückten

1320 1294 1478 1354 elegischen
1510 1291 1579 1351 Ton
1605 1294 1655 1354 der
1676 1292 1916 1352 angemessenste
1942 1295 1992 1355 ist.

1367 1366 1443 1426 Vom
1491 1369 1585 1429 eisern
1622 1367 1716 1427 Nord
1752 1366 1911 1426 bestürmt
1948 1367 2024 1427 fällt
2060 1369 2119 1429 erst
2149 1371 2196 1431 ein
2232 1369 2314 1429 Pal¬

1836 1411 1898 1471 last
1932 1415 1999 1475 ein,

1320 1465 1389 1525 Für
1415 1461 1521 1521 meine
1547 1461 1666 1521 Hütte,
1692 1461 1773 1521 wird
1805 1461 1855 1521 der
1887 1464 2006 1524 Zephir
2032 1464 2157 1524 Sieger
2189 1467 2277 1527 seyn.

1376 1530 1446 1590 Der
1469 1533 1625 1593 Beschluß
1656 1533 1691 1593 ist
1713 1533 1748 1593 an
1785 1533 1877 1593 seinen
1906 1533 2028 1593 Freund
2058 1535 2114 1595 von
2151 1538 2208 1598 K"
2266 1540 2315 1600 ge¬

1328 1581 1456 1641 richtet,
1469 1581 1517 1641 dem
1555 1581 1586 1641 er
1611 1581 1690 1641 einen
1727 1581 1850 1641 Tejer
1882 1581 1930 1641 zum
1974 1583 2115 1643 Freunde
2134 1584 2287 1644 wünscht.

1377 1643 1595 1703 Tiefseufzend
1637 1644 1713 1704 nenn
1761 1646 1831 1706 mich

1865 1643 1915 1703 ihm
1976 1644 2001 1704 in
2037 1646 2148 1706 langen
2184 1649 2310 1709 Abend=

1847 1686 2008 1746 stunden;

1332 1730 1429 1790 Wenn
1468 1730 1520 1790 ihr
1543 1730 1595 1790 den
1634 1730 1723 1790 stillen
1763 1733 1852 1793 Hayn
1891 1734 2086 1794 harmonisch
2117 1740 2207 1800 durch
2246 1742 2312 1802 em¬

1846 1781 2007 1841 pfunden,

1322 1834 1413 1894 Fällt
1445 1832 1522 1892 denn
1569 1833 1614 1893 ein
1655 1831 1769 1891 welkes
1809 1830 1909 1890 Blatt
1941 1831 2002 1891 auf
2034 1834 2141 1894 deinen
2174 1837 2311 1897 Schoos

1846 1882 1976 1942 herab;

1328 1929 1397 1989 Sey
1441 1928 1539 1988 voller
1576 1930 1772 1990 Redlichkeit
1817 1930 1879 1990 dein
1922 1930 2063 1990 Wunsch
2107 1932 2162 1992 für
2206 1933 2311 1993 mich:

1839 1978 1922 2038 Das
1953 1978 2071 2038 Grab.

1330 2034 1444 2094 Kostet
1458 2034 1485 2094 in
1513 2034 1566 2094 der
1587 2034 1789 2094 Kanterschen
1817 2037 2074 2097 Buchhandlung
2108 2040 2223 2100 allhier
2250 2040 2311 2100 wie

1330 2085 1397 2145 auch
1426 2082 1452 2142 in
1480 2082 1596 2142 Elbing
1625 2082 1678 2142 und
1714 2082 1823 2142 Mitau
1851 2082 1863 2142 1
1891 2085 2007 2145 Achth.

1380 2175 1462 2235 Wir
1480 2175 1587 2235 theilen
1622 2175 1721 2235 unsern
1756 2175 1846 2235 Lesern
1881 2178 1947 2238 noch
1973 2178 2072 2238 einige
2090 2184 2281 2244 ländlich

1334 2226 1665 2286 Empfindungen
1698 2223 1755 2283 von
1781 2225 1876 2285 diesem
1915 2225 2042 2285 Dichter
2062 2225 2138 2285 mit.

1377 2282 1583 2342 Glückselig,
1613 2279 1664 2339 den
1694 2282 1848 2342 umwölkt
1878 2279 1929 2339 von
1967 2281 2150 2341 vaterlichen
2188 2288 2298 2348 Linden

1331 2335 1410 2395 Kein
1445 2329 1580 2389 Strahl
1603 2327 1654 2387 der
1688 2330 1931 2390 Mittagssonne
1960 2327 2073 2387 grußt.

1325 2384 1407 2444 Hier
1438 2378 1520 2438 wird
1551 2375 1610 2435 kein
1649 2378 1837 2438 Schwätzer
1860 2376 1912 2436 ihn
1951 2378 2010 2438 mit
2041 2377 2138 2437 seiner
2169 2384 2304 2444 Zeitung

1848 2426 1970 2486 finden,

1335 2476 1404 2536 Daß
1444 2473 1522 2533 heut
1546 2470 1569 2530 in
1609 2468 1734 2528 Pohlen
1766 2476 1945 2536 Reichstag
1969 2475 2031 2535 ist.

1382 2545 1537 2605 Entfernt
1570 2542 1627 2602 vom
1677 2545 1873 2605 Ungestüm,
1899 2545 1964 2605 das
1997 2545 2021 2605 in
2064 2548 2120 2608 den
2162 2553 2308 2613 Städten

1844 2593 1978 2653 lermet,

1334 2638 1463 2698 Stöhrt
1490 2635 1594 2695 weder
1621 2635 1738 2695 Nutzen
1778 2641 1822 2701 ihn
1862 2641 1927 2701 noch
1966 2641 2063 2701 Geld,

1843 2735 2039 2795 schwarmet

1336 2781 1395 2841 Als
1422 2778 1495 2838 sehe
1522 2773 1548 2833 er
1575 2775 1621 2835 die
1655 2778 1747 2838 große
1774 2781 1880 2841 Welt.

2221 2826 2313 2886 Geir.
