2479 3508
1263 1184 1329 1244 den
1377 1187 1424 1247 2.
1453 1184 1596 1244 Julius
1635 1184 1786 1244 1764.

618 1188 739 1248 44tes
787 1188 948 1248 Stück.
1011 1187 1195 1247 Montag

373 1255 575 1315 Fortsetzung
605 1255 652 1315 des
676 1252 830 1312 Altonaer
855 1252 1008 1312 Artikels.

196 1310 333 1370 Das
364 1303 387 1363 er
412 1305 466 1365 von
497 1303 545 1363 der
575 1300 732 1360 Erlösung
763 1297 852 1357 JEsu
883 1297 1003 1357 lehret,
1028 1299 1064 1359 ist
1094 1297 1172 1357 nicht

203 1345 415 1405 völlig
440 1345 583 1405 deutlich.
633 1342 682 1402 Er
703 1339 870 1399 beschreibt
886 1339 954 1399 ihre
975 1339 1107 1399 Früchte
1133 1338 1176 1398 oft

193 1393 257 1453 nur
282 1392 311 1452 in
346 1390 395 1450 der
425 1387 603 1447 erwähnten
638 1384 895 1444 Unsterblichkeit
925 1381 984 1441 und
1019 1380 1176 1440 Auferste¬

200 1437 307 1497 hung.
351 1431 442 1491 Doch
469 1431 534 1491 sagt
556 1431 582 1491 er
604 1431 701 1491 auch:
728 1428 846 1488 JEsus
874 1428 933 1488 hat
955 1424 998 1484 die
1020 1425 1159 1485 Sünden

195 1480 250 1540 der
279 1479 372 1539 Welt
401 1477 572 1537 getragen,
606 1478 661 1538 und
701 1473 750 1533 die
784 1475 956 1535 Menschen
996 1470 1178 1530 versöhnet,

200 1530 251 1590 daß
281 1530 315 1590 sie
339 1530 379 1590 ein
408 1527 523 1587 ewiges
547 1526 639 1586 Leben
663 1522 761 1582 hoffen
791 1524 929 1584 können,
959 1521 1033 1581 dazu
1063 1519 1172 1579 gehört

203 1581 251 1641 die
273 1578 505 1638 Gerechtigkeit
528 1575 571 1635 des
599 1575 793 1635 Glaubens,
815 1572 875 1632 und
902 1571 945 1631 die
967 1569 1167 1629 Bemühung

194 1631 253 1691 das
283 1628 394 1688 Gesetz
419 1628 466 1688 der
496 1625 649 1685 Freyheit
674 1624 702 1684 zu
739 1622 857 1682 halten.
905 1619 1016 1679 Jener
1047 1620 1100 1680 soll
1118 1619 1165 1679 die
1207 1616 1414 1676 lutherischen
1444 1616 1573 1676 Kirche,
1603 1615 1651 1675 die
1681 1615 1710 1675 er
1746 1616 1804 1676 mit
1829 1615 1857 1675 so
1882 1613 1947 1673 viel
1971 1616 2183 1676 Dreistigkeit

195 1679 412 1739 Annehmung
441 1676 485 1736 des
514 1674 642 1734 Wortes
676 1673 731 1733 von
765 1672 815 1732 der
838 1670 1083 1730 Versöhnung,
1106 1669 1172 1729 dies

194 1727 246 1787 die
270 1727 455 1787 Befolgung
491 1724 537 1784 der
567 1724 776 1784 Sittenlehre
806 1718 899 1778 JEsu
934 1721 1021 1781 seyn.
1080 1718 1166 1778 Doch

197 1776 256 1836 hat
277 1775 307 1835 er
332 1775 382 1835 nie
408 1772 458 1832 von
494 1771 543 1831 der
569 1769 811 1829 Genugthuung
846 1768 901 1828 von
938 1766 987 1826 dem
1028 1766 1168 1826 thätigen

194 1822 443 1882 verdienstlichen
470 1814 634 1874 Gehorsam
672 1811 778 1871 JEsu,
794 1811 852 1871 und
874 1808 963 1868 seiner
980 1811 1170 1871 Befreyung

195 1864 255 1924 von
283 1865 332 1925 der
355 1864 481 1924 Schuld
504 1858 553 1918 der
570 1856 686 1916 Sünde
709 1855 846 1915 geredet.
869 1849 968 1909 Buße
991 1852 1046 1912 und
1068 1852 1178 1912 Glau=
1206 1852 1360 1912 Religion
1395 1855 1615 1915 vermuthen,
1654 1855 1686 1915 da
1720 1855 1786 1915 ihre
1809 1858 2068 1918 Beantwortung
2102 1861 2184 1921 nicht

198 1915 247 1975 ben
287 1914 348 1974 sind
376 1909 431 1969 bey
459 1906 509 1966 ihm
554 1900 704 1960 einerley.
755 1897 827 1957 Die
844 1894 1089 1954 Zerknirschung
1112 1894 1172 1954 und

196 1960 288 2020 Neue
311 1958 386 2018 über
416 1952 461 2012 die
485 1951 606 2011 Sünde
630 1947 670 2007 ist
688 1945 768 2005 ganz
798 1942 1012 2002 ausgelaßen.
1059 1942 1168 2002 Beru=
1204 1941 1267 2001 aus
1302 1941 1348 2001 dem
1401 1939 1533 1999 Natur-
1569 1942 1626 2002 und
1656 1945 1857 2005 Völkerrecht
1888 1948 2026 2008 erhartet
2055 1951 2170 2011 werden

199 2009 308 2069 fung,
332 1998 604 2058 Wiedergeburt,
633 1991 876 2051 Erleuchtung,
906 1987 1085 2047 Heiligung
1109 1987 1166 2047 sind

194 2052 220 2112 in
253 2051 321 2111 sehr
348 2046 459 2106 mildem
508 2042 688 2102 Verstande
715 2037 927 2097 genommen,
959 2031 1017 2091 wie
1049 2032 1086 2092 sie
1113 2034 1166 2094 zur

189 2100 279 2160 Noth
307 2096 375 2156 auch
403 2093 455 2153 der
477 2091 680 2151 Socinianer
702 2088 829 2148 nehmen
862 2085 957 2145 kann.
990 2080 1059 2140 Die
1081 2079 1176 2139 Wir¬

196 2148 317 2208 kungen
345 2145 394 2205 des
417 2141 511 2201 Heil.
523 2139 649 2199 Geistes
672 2137 732 2197 sind
755 2136 810 2196 von
838 2136 882 2196 dem
922 2132 1015 2192 Werk
1038 2130 1087 2190 der
1104 2130 1176 2190 Na¬

190 2196 245 2256 tur
268 2194 351 2254 nicht
369 2192 396 2252 zu
424 2187 680 2247 unterscheiden,
703 2187 763 2247 und
798 2185 886 2245 dieser
915 2180 1103 2240 Unterschied
1132 2178 1170 2238 ist

189 2243 251 2303 nur
273 2243 346 2303 denn
378 2240 544 2300 merklich,
566 2236 655 2296 wenn
686 2234 743 2294 wir
776 2231 822 2291 die
844 2231 943 2291 Gabe
964 2226 1105 2286 Wunder
1137 2226 1168 2286 zu

190 2293 262 2353 thun
297 2291 419 2351 haben.
476 2285 622 2345 Hieraus
656 2279 773 2339 möchte
801 2281 930 2341 folgen,
959 2276 1009 2336 daß
1043 2273 1087 2333 die
1110 2270 1154 2330 Tu

192 2339 310 2399 genden
342 2338 424 2398 eines
451 2333 585 2393 Epictets
612 2327 668 2387 und
695 2325 813 2385 Scipio
840 2325 1011 2385 Africanus
1042 2318 1109 2378 eben
1140 2318 1166 2378 so

189 2384 247 2444 gut
269 2384 413 2444 christlich
451 2381 510 2441 und
543 2378 595 2438 vom
644 2372 740 2432 Geist
767 2375 916 2435 gewirket
944 2372 1029 2432 sind,
1051 2366 1098 2426 als
1126 2366 1168 2426 die

199 2426 374 2486 Tugenden
400 2428 451 2488 der
472 2424 678 2484 Gläubigen.
741 2420 812 2480 Und
844 2423 905 2483 dies
942 2419 1070 2479 möchten
1107 2414 1163 2474 uns

187 2470 259 2530 auch
286 2470 370 2530 wohl
391 2473 432 2533 die
454 2472 569 2532 neuere
590 2464 904 2524 Religionsschöpfer
925 2464 1103 2524 einbilden,
1119 2461 1150 2521 um

197 2518 248 2578 die
269 2518 439 2578 natürliche
461 2517 522 2577 und
548 2512 754 2572 geoffenbarte
781 2517 925 2577 Religion
951 2515 982 2575 zu
1008 2512 1090 2572 einer
1112 2506 1163 2566 und

199 2563 349 2623 derselben
380 2560 489 2620 Sache
510 2560 541 2620 zu
567 2557 712 2617 machen,
728 2560 852 2620 welches
883 2562 950 2622 auch
977 2558 1059 2618 durch
1086 2554 1178 2614 Bey¬

194 2611 284 2671 hülfe
302 2608 398 2668 dieses
421 2606 540 2666 Satzes
563 2605 699 2665 ziemlich
722 2606 779 2666 gut
796 2611 927 2671 angeht.
973 2608 1080 2668 Tause
1104 2602 1160 2662 und

194 2658 403 2718 Abendmahl
422 2654 503 2714 lehrt
521 2652 567 2712 der
591 2652 678 2712 Herr
702 2653 801 2713 Verf.
820 2658 883 2718 nach
919 2658 965 2718 dem
1012 2651 1175 2711 refermir¬

196 2709 242 2769 ten
260 2706 457 2766 Lehrbegrif.
504 2700 591 2760 Was
615 2700 643 2760 er
667 2700 719 2760 vom
754 2705 957 2765 Exorcismus
987 2703 1068 2763 sagt,
1080 2700 1172 2760 möch¬

195 2760 242 2820 ten
279 2760 340 2820 wir
371 2754 454 2814 nicht
474 2751 546 2811 eben
577 2750 801 2810 misbilligen,
838 2755 929 2815 wenn
966 2758 995 2818 er
1026 2757 1050 2817 in
1093 2751 1165 2811 allen

1221 1252 1360 1312 Stücken
1396 1249 1416 1309 so
1438 1250 1501 1310 viel
1523 1246 1621 1306 Recht
1643 1248 1691 1308 als
1720 1246 1747 1306 in
1776 1247 1867 1307 diesem
1904 1246 2001 1306 hätte.
2044 1243 2106 1303 Da
2128 1246 2184 1306 wir

1214 1292 1371 1352 übrigens
1396 1294 1518 1354 gezeigt
1533 1291 1655 1351 haben,
1685 1291 1733 1351 daß
1763 1291 1841 1351 Herr
1866 1288 1915 1348 B.
1935 1288 2033 1348 seinen
2058 1291 2180 1351 eigenen

1214 1335 1429 1395 Grundsätzen
1459 1333 1540 1393 nicht
1555 1333 1669 1393 immer
1689 1333 1751 1393 treu
1776 1333 1833 1393 ist;
1857 1333 1885 1393 so
1905 1333 2011 1393 wollen
2040 1333 2097 1393 wir
2117 1336 2164 1396 zum

1215 1376 1379 1436 Ueberfluß
1411 1375 1467 1435 auf
1493 1375 1544 1435 den
1571 1375 1766 1435 Grundriß,
1803 1376 1854 1436 der
1880 1377 1926 1437 als
1958 1377 1998 1437 ein
2030 1381 2189 1441 Catechis¬

1216 1422 1284 1482 mus
1311 1422 1336 1482 in
1363 1422 1480 1482 Fragen
1507 1422 1564 1482 und
1586 1422 1771 1482 Antworten
1808 1422 1951 1482 verfasset
1973 1422 2030 1482 ist,
2057 1428 2189 1488 verwei¬

1210 1470 1280 1530 sen.
1329 1468 1432 1528 Das,
1460 1467 1525 1527 was
1547 1467 1634 1527 Herr
1656 1470 1704 1530 B.
1721 1470 1748 1530 in
1776 1469 1944 1529 demselben
1972 1470 2014 1530 als
2042 1472 2183 1532 biblische

1212 1515 1385 1575 Wahrheit
1409 1516 1507 1576 lehret
1537 1516 1571 1576 ist
1600 1517 1623 1577 in
1658 1518 1780 1578 Absicht
1809 1517 1855 1577 der
1885 1515 2012 1575 Stärke
2042 1518 2087 1578 der
2117 1520 2185 1580 Be¬

1210 1565 1299 1625 weise
1321 1568 1384 1628 noch
1411 1566 1484 1626 weit
1506 1566 1590 1626 unter
1617 1566 1701 1626 denen
1728 1564 1833 1624 Lehren
1860 1566 1917 1626 und
1939 1566 2102 1626 Beweisen
2129 1571 2176 1631 der

1214 1667 1384 1727 verachtet,
1396 1667 1424 1727 z.
1442 1667 1487 1727 E.
1505 1667 1549 1727 die
1572 1664 1657 1724 59ste
1681 1664 1805 1724 Frage:
1834 1665 1896 1725 wie
1925 1665 1998 1725 muß
2027 1664 2084 1724 das
2107 1667 2191 1727 Ver¬

1215 1715 1330 1775 hältniß
1359 1715 1405 1775 der
1429 1716 1590 1776 Meister,
1614 1715 1752 1775 Gesellen
1782 1717 1839 1777 und
1863 1715 2053 1775 Lehrjungen
2083 1716 2180 1776 seyn?

1214 1763 1282 1823 Die
1305 1766 1417 1826 42ste:
1446 1766 1570 1826 Warum
1616 1763 1672 1823 ists
1700 1766 1824 1826 erlaubt
1853 1764 1898 1824 die
1927 1766 2180 1826 höchstmögliche

1210 1811 1400 1871 Bezahlung
1422 1811 1448 1871 zu
1470 1811 1628 1871 nehmen?
1660 1811 1739 1871 sollte
1756 1813 1824 1873 man
1846 1813 1866 1873 in
1898 1811 1999 1871 keiner
2021 1814 2173 1874 biblischen

1204 1897 1262 1957 aus
1292 1895 1537 1955 ausdrücklichen
1567 1897 1689 1957 Stellen
1719 1900 1768 1960 der
1783 1901 1870 1961 Heil.
1886 1904 2033 1964 Schrift,
2048 1906 2175 1966 sondern

1198 1987 1338 2047 können.
1385 1984 1441 2044 So
1468 1984 1504 2044 ist
1525 1984 1587 2044 auch
1619 1986 1665 2046 die
1686 1989 1774 2049 52ste
1795 1990 1847 2050 von
1873 1991 1925 2051 der
1941 1993 2174 2053 Ehescheidung

1204 2031 1303 2091 gewiß
1331 2031 1410 2091 nicht
1426 2028 1484 2088 aus
1506 2028 1558 2088 dem
1596 2028 1649 2088 N.
1670 2029 1876 2089 Testament,
1898 2034 2025 2094 sondern
2053 2037 2110 2097 aus
2137 2040 2184 2100 de¬

1201 2077 1254 2137 nen
1282 2078 1520 2138 willkührlichen
1553 2076 1677 2136 iuribus
1700 2076 1998 2136 matrimonialibus
2025 2084 2176 2144 geschöpft

1200 2127 1344 2187 worden.
1392 2121 1636 2181 Demjenigen,
1660 2123 1712 2183 der
1742 2124 1822 2184 diese
1846 2127 1991 2187 biblische
2021 2133 2172 2193 Religion

1201 2175 1342 2235 genauer
1371 2169 1477 2229 prüfen
1512 2171 1602 2231 will,
1625 2175 1715 2235 geben
1750 2175 1806 2235 wir
1829 2176 1890 2236 nur
1919 2176 1969 2236 den
1998 2180 2111 2240 Rath,
2134 2184 2167 2244 zu

1204 2220 1430 2280 untersuchen,
1458 2219 1490 2279 ob
1512 2221 1593 2281 nicht
1615 2223 1658 2283 die
1680 2226 1804 2286 meisten
1832 2229 2168 2289 Schrifterklärungen

1205 2268 1255 2328 des
1278 2264 1380 2324 Herrn
1409 2264 1459 2324 B.
1477 2266 1544 2326 blos
1568 2273 1771 2333 willkührlich
1794 2276 1873 2336 sind.
1936 2278 2020 2338 Dies
2044 2282 2178 2342 wenige,

1205 2316 1267 2376 was
1293 2313 1350 2373 wir
1377 2312 1438 2372 hier
1459 2320 1672 2380 angeführet,
1694 2322 1771 2382 wird
1798 2327 1974 2387 zureichen,
1995 2327 2052 2387 von
2079 2330 2161 2390 einem

1206 2365 1321 2425 Buch,
1344 2360 1470 2420 welches
1498 2368 1647 2428 Aufsehen
1675 2372 1796 2432 macht,
1824 2375 1906 2435 einen
1934 2375 2055 2435 Begrif
2072 2376 2099 2436 zu
2133 2378 2182 2438 ge¬

1196 2411 1276 2471 ben.
1329 2408 1433 2468 Wenn
1468 2413 1555 2473 Herr
1584 2418 1776 2478 Basedow
1817 2423 1845 2483 in
1881 2420 1978 2480 seiner
2002 2423 2181 2483 Reforma¬

1204 2458 1266 2518 tion
1295 2458 1373 2518 hätte
1397 2458 1532 2518 glücklich
1560 2464 1622 2524 seyn
1651 2468 1787 2528 wollen,
1810 2468 1837 2528 so
1866 2467 1950 2527 hätte
1979 2467 2007 2527 er
2036 2470 2092 2530 erst
2121 2470 2154 2530 un

1203 2506 1263 2566 sere
1286 2506 1441 2566 bisherige
1475 2512 1735 2572 hermenevtische
1763 2515 1824 2575 und
1852 2512 2029 2572 exegetische
2052 2515 2168 2575 Regeln

1206 2554 1362 2614 umstoßen
1398 2554 1531 2614 müssen.
1580 2565 1670 2625 Dies
1707 2563 1742 2623 ist
1773 2562 1845 2622 noch
1882 2560 1966 2620 nicht
2003 2566 2183 2626 geschehen,

1204 2602 1266 2662 und
1300 2602 1328 2662 es
1363 2602 1475 2662 gehört
1504 2609 1576 2669 auch
1617 2613 1712 2673 etwas
1747 2611 1836 2671 mehr
1865 2608 1977 2668 dazu,
2006 2611 2057 2671 als
2091 2612 2181 2672 Pro¬

1209 2646 1293 2706 fessor
1327 2651 1355 2711 zu
1395 2651 1491 2711 seyn,
1520 2655 1531 2715 —
1588 2659 1616 2719 in
1651 2658 1763 2718 Altona
1797 2655 1826 2715 zu
1866 2655 1995 2715 wohnen
2042 2655 2052 2715 —
2115 2658 2177 2718 eine

1210 2697 1411 2757 Philalethie
1449 2701 1479 2761 zu
1523 2703 1676 2763 schreiben
1714 2700 1731 2760 —
1793 2703 1854 2763 und
1898 2703 2088 2763 Basedow
2144 2705 2174 2765 zu

1207 2749 1334 2809 heißen.
1386 2751 1513 2811 Bisher
1540 2757 1590 2817 hat
1610 2757 1654 2817 sich
1680 2754 1730 2814 der
1750 2751 1909 2811 Verfasser
1929 2751 1954 2811 so
1980 2751 2037 2811 wie
2057 2751 2101 2811 die
2121 2750 2184 2810 Fle¬

2019 2797 2176 2857 dermaus
