2479 3508
441 351 634 411 Berlin,
659 341 707 401 den
744 336 804 396 19.
829 336 938 396 May.

247 407 320 467 Auf
347 398 552 458 Vorstellung
587 389 639 449 des
673 381 779 441 Herrn
820 382 932 442 Baron
979 384 1038 444 von
1073 381 1192 441 Horst,

202 452 411 512 Präsidenten
438 444 490 504 bey
516 438 562 498 der
596 431 805 491 Märckischen
838 434 1002 494 Krieges=
1022 434 1087 494 und
1114 431 1192 491 Do¬

193 497 485 557 mainenkammer,
510 483 607 543 haben
638 479 711 539 Se.
730 483 827 543 Maj.
846 482 937 542 denen
962 482 1096 542 adlichen
1121 478 1193 538 Da¬

191 550 257 610 men
288 548 343 608 bey
368 539 416 599 den
447 531 587 591 Abteyen
613 530 722 590 Levern
748 530 808 590 und
827 533 1022 593 Quernheim
1054 530 1078 590 im
1115 528 1151 588 Fü

189 594 338 654 stenthum
387 581 530 641 Minden
560 578 649 638 einen
685 580 930 640 Ehrenorden,
961 578 1128 638 bestehend
1158 575 1181 635 in

198 641 282 701 einem
330 631 515 691 emaillirten
554 627 664 687 Creutz
691 625 755 685 mit
776 628 909 688 goldnen
946 627 1110 687 Strahlen
1148 625 1184 685 an

196 686 282 746 einem
320 679 434 739 blauen
461 676 602 736 Bande,
625 676 657 736 zu
690 676 798 736 tragen
831 676 1059 736 allergnädigst
1086 673 1194 733 bewil¬

190 732 267 792 ligt,
289 727 351 787 und
378 724 450 784 auch
477 724 638 784 deswegen
675 727 712 787 an
749 727 795 787 die
827 726 941 786 beyden
978 724 1119 784 Capitul
1145 724 1192 784 die

193 775 340 835 Patente
379 772 579 832 ausfertigen
622 773 733 833 lassen.
792 772 940 832 Vorigen
977 772 1183 832 Donnerstag

189 822 295 882 verlas
327 819 375 879 der
402 819 487 879 Herr
514 822 689 882 Secretair
722 818 855 878 Formey
888 820 919 880 in
952 822 1036 882 einer
1064 820 1196 880 ordent¬

189 872 277 932 lichen
311 867 455 927 Sitzung
478 870 528 930 der
551 873 723 933 Academie
757 870 806 930 der
840 870 1124 930 Wissenschaften,
1152 867 1190 927 ei¬

189 919 227 979 ne
262 919 479 979 Abhandlung
513 921 591 981 über
625 921 669 981 die
698 921 831 981 Cassava
859 918 926 978 eine
949 918 1194 978 amerikanische

198 969 356 1029 Pflanze,
383 968 435 1028 aus
462 969 589 1029 welcher
616 969 678 1029 man
711 969 821 1029 Brodt
843 969 964 1029 machen
996 969 1069 1029 kan.

429 1019 661 1079 Breslau,
684 1019 738 1079 den
772 1018 832 1078 11.
861 1016 971 1076 May.

244 1064 379 1124 Gestern
415 1070 521 1130 langte
557 1070 603 1130 der
633 1068 804 1128 Türkische
834 1065 1028 1125 Gesandte,
1058 1067 1193 1127 Achmet

200 1116 347 1176 Effendi,
371 1120 430 1180 mit
461 1118 554 1178 seinem
602 1118 744 1178 Gefolge
774 1116 868 1176 unter
898 1115 1099 1175 Begleitung
1135 1114 1187 1174 des

189 1165 297 1225 Herrn
325 1169 444 1229 Major
467 1166 520 1226 von
554 1166 668 1226 Pirch,
696 1166 755 1226 aus
783 1166 897 1226 Berlin
930 1166 1033 1226 alhier
1056 1166 1110 1226 an.
1137 1162 1186 1222 Es

187 1213 300 1273 wurde
331 1213 463 1273 selbiger
499 1213 552 1273 von
593 1213 676 1273 einem
731 1213 939 1273 Commando
969 1213 1017 1273 des
1053 1212 1195 1272 Schlab¬

195 1261 441 1321 berndorfischen
473 1258 816 1318 Cüraßierregiments
841 1258 1033 1318 eingeholet,
1059 1258 1119 1318 und
1139 1257 1189 1317 bey

193 1306 419 1366 Annäherung
450 1303 541 1363 dieser
567 1305 768 1365 Hauptstadt
799 1303 859 1363 mit
890 1303 1182 1363 Kanonenschüssen

191 1351 433 1411 bewilkommt,
466 1351 535 1411 auch
569 1349 629 1409 vor
657 1351 750 1411 dessen
779 1346 941 1406 Quartier
975 1347 1039 1407 eine
1072 1345 1184 1405 Wache

712 1394 767 1454 In
804 1393 921 1453 einigen
963 1390 1069 1450 Tagen
1106 1390 1182 1450 wird

198 1396 251 1456 von
278 1396 320 1456 60
358 1396 464 1456 Mann
496 1395 650 1455 gestellet.

199 1440 333 1500 derselbe
359 1443 438 1503 seine
457 1443 622 1503 Ruckreise
641 1441 727 1501 durch
758 1442 862 1502 Polen
899 1439 966 1499 nach
1003 1437 1187 1497 Constanti=
1225 1436 1371 1496 woselbst
1397 1437 1439 1497 die
1458 1439 1635 1499 Prinzeßin
1667 1440 1703 1500 um
1747 1440 1857 1500 selbige
1888 1441 1955 1501 Zeit
1986 1443 2071 1503 durch
2097 1449 2225 1509 Frank¬

191 1493 294 1553 nopel
317 1489 492 1549 fortsetzen.

391 1542 664 1602 Versailles,
700 1539 761 1599 vom
809 1539 856 1599 5.
878 1537 986 1597 May.

248 1592 337 1652 Ihro
362 1595 495 1655 Königl.
520 1593 646 1653 Hoheit
671 1590 719 1650 die
738 1590 925 1650 Dauphine
949 1590 1004 1650 sind
1035 1587 1082 1647 den
1113 1587 1179 1647 3ten

191 1644 287 1704 dieses
311 1643 401 1703 frühe
425 1643 515 1703 gegen
545 1644 555 1704 2
584 1646 675 1706 Uhr,
699 1643 840 1703 glücklich
875 1640 932 1700 von
972 1640 1057 1700 einer
1081 1637 1188 1697 Prin¬

185 1697 273 1757 zeßin
299 1697 477 1757 entbunden
509 1694 654 1754 worden,
681 1694 795 1754 welche
817 1694 842 1754 in
874 1693 921 1753 der
942 1691 1046 1751 Taufe
1062 1691 1109 1751 die
1125 1688 1192 1748 Na¬

198 1742 258 1802 men
289 1745 446 1805 Elisabeth
477 1745 676 1805 Philippine
702 1745 816 1805 Marie
841 1742 963 1802 Helene
994 1742 1181 1802 empfangen

197 1793 271 1853 hat.

459 1834 610 1894 Wien,
635 1834 691 1894 den
732 1834 795 1894 30.
820 1832 940 1892 April.

243 1888 289 1948 Am
336 1882 592 1942 Österdienstage
628 1875 692 1935 war
727 1876 779 1936 des
815 1876 983 1936 Morgens
1019 1879 1106 1939 Gala
1130 1881 1182 1941 bey

187 1933 305 1993 Hofe.
351 1931 395 1991 Um
442 1927 481 1987 11
510 1925 577 1985 Uhr
589 1922 696 1982 wurde
719 1921 769 1981 das
804 1921 968 1981 feyerliche
997 1921 1041 1981 Te
1070 1924 1165 1984 Deum

198 1981 257 2041 und
283 1976 444 2036 Hochamt
464 1971 484 2031 in
515 1969 564 2029 der
590 1969 933 2029 Metropolitankirche
953 1969 1003 2029 bey
1029 1969 1094 2029 St.
1104 1969 1184 2029 Ste=

198 2025 277 2085 phan
309 2023 473 2083 gehalten,
506 2019 632 2079 welchem
686 2020 738 2080 das
771 2017 966 2077 Kaiserliche
988 2017 1088 2077 Haus
1115 2017 1189 2077 bey=

190 2067 355 2127 wohnete.
425 2067 526 2127 Zwey
558 2067 616 2127 auf
644 2067 691 2127 dem
739 2067 915 2127 Kirchhofe
937 2064 1085 2124 stehende
1113 2063 1187 2123 Ba¬

195 2115 329 2175 taillons
355 2115 448 2175 gaben
480 2117 551 2177 dazu
578 2118 644 2178 eine
671 2118 867 2178 dreymalige
898 2114 1027 2174 Salve,
1048 2112 1177 2172 welches

193 2164 360 2224 jedesmal
377 2166 463 2226 durch
491 2168 534 2228 die
556 2169 680 2229 Stücke
702 2169 755 2229 auf
778 2169 820 2229 den
854 2166 972 2226 Wällen
1005 2163 1188 2223 beantwor¬

191 2217 237 2277 tet
261 2215 382 2275 wurde.
436 2220 586 2280 Mittags
610 2220 732 2280 speisten
762 2220 808 2280 die
832 2217 965 2277 höchsten
1001 2211 1186 2271 Herrschaf=

194 2267 238 2327 ten
267 2270 420 2330 öffentlich
449 2270 540 2330 unter
563 2270 648 2330 einer
677 2267 893 2327 vortreflichen
933 2260 1063 2320 Musik.
1109 2258 1188 2318 Se.

196 2320 295 2380 Maj.
324 2321 373 2381 der
402 2321 513 2381 Kaiser
547 2318 646 2378 hatten
687 2318 752 2378 dero
787 2315 886 2375 Platz
909 2313 981 2373 oben
1009 2309 1042 2369 an
1071 2307 1098 2367 in
1132 2306 1181 2366 der

204 2370 328 2430 Mitte,
351 2369 441 2429 Ihro
469 2369 565 2429 Maj.
583 2369 633 2429 die
651 2364 791 2424 Kaiserin
831 2366 972 2426 Königin
1007 2357 1062 2417 zur
1086 2357 1186 2417 Rech¬

193 2420 269 2480 ten,
291 2421 350 2481 und
383 2420 437 2480 des
470 2417 654 2477 Römischen
688 2414 817 2474 Königs
851 2415 948 2475 Maj.
971 2411 1024 2471 zur
1057 2406 1187 2466 Linken,

200 2466 261 2526 alle
283 2468 350 2528 drey
381 2470 469 2530 unter
490 2468 572 2528 einem
620 2464 821 2524 Baldachin.
869 2459 1101 2519 Nachmittags
1128 2455 1179 2515 zog

199 2515 252 2575 die
285 2519 523 2579 Bürgerschaft
551 2515 577 2575 im
632 2512 778 2572 Gewehr
811 2509 864 2569 das
898 2511 1021 2571 Schloß
1049 2504 1184 2564 vorbey.

201 2560 271 2620 Des
298 2570 428 2630 Abends
450 2569 558 2629 wurde
581 2565 639 2625 auf
656 2563 705 2623 dem
749 2560 965 2620 französischen
993 2556 1128 2616 Theater
1139 2554 1171 2614 an

196 2617 246 2677 der
269 2622 385 2682 Burg,
414 2618 474 2678 das
508 2614 692 2674 Singspiel
721 2611 843 2671 Egeria
878 2608 1083 2668 aufgeführt,
1112 2605 1184 2665 wel¬

196 2665 261 2725 chem
299 2670 353 2730 das
386 2666 484 2726 ganze
512 2664 653 2724 Kaiserl.
675 2658 773 2718 Haus
801 2658 1013 2718 beywohnte.
1079 2655 1171 2715 Nach

201 2718 292 2778 dessen
325 2718 492 2778 Endigung
521 2712 628 2772 fuhren
656 2709 813 2769 sämtliche
840 2709 1030 2769 Majestäten
1063 2704 1089 2764 in
1117 2703 1187 2763 Be=

196 2770 338 2830 gleitung
362 2768 413 2828 des
448 2763 545 2823 hohen
586 2760 700 2820 Adels,
729 2757 751 2817 in
792 2757 889 2817 offnen
924 2758 1055 2818 Chaisen
1090 2754 1181 2814 durch

193 2820 241 2880 die
263 2818 391 2878 Stadt,
418 2814 449 2874 um
492 2811 540 2871 die
562 2808 626 2868 drey
653 2808 791 2868 prächtig
824 2808 1027 2868 erleuchteten
1060 2803 1187 2863 Ehren¬

190 2873 309 2933 pforten
340 2869 363 2929 in
393 2866 488 2926 hohen
519 2861 734 2921 Augenschein
764 2858 787 2918 zu
818 2861 973 2921 nehmen.
1004 2855 1176 2915 Mittwoch

1223 330 1276 390 des
1304 333 1434 393 Abends
1462 330 1625 390 wohneten
1653 333 1701 393 die
1723 333 1793 393 drey
1821 336 2016 396 Majestäten
2055 336 2147 396 nebst
2169 340 2223 400 der

1230 380 1362 440 übrigen
1396 382 1533 442 Königl.
1550 380 1688 440 Familie
1705 382 1754 442 dem
1788 386 2002 446 französischen
2031 386 2229 446 Schauspiel

1224 431 1355 491 Zulica,
1395 431 1423 491 in
1458 430 1515 490 der
1550 431 1829 491 Hofschaubühne
1859 437 1938 497 bey.

2003 437 2215 497 Donnerstag

1225 479 1355 539 Abends
1383 479 1551 539 geruheten
1584 476 1627 536 die
1661 481 1877 541 allerhöchsten
1911 485 2128 545 Herrschaften
2167 485 2220 545 das

1222 527 1354 587 teutsche
1376 527 1577 587 Schauspiel
1599 527 1657 587 auf
1684 528 1736 588 dem
1784 530 1922 590 Theater
1959 532 1996 592 am
2044 533 2208 593 Kärntner

1229 572 1318 632 Thor
1346 575 1541 635 anzusehen.
1610 572 1774 632 Freytags
1806 579 2018 639 Vormittags
2055 581 2166 641 wurde
2193 583 2218 643 in

1230 622 1368 682 höchster
1391 622 1601 682 Gegenwart
1618 620 1706 680 Ihro
1735 625 1929 685 Majestäten
1968 628 2017 688 der
2051 628 2228 688 gewöhnli¬

1224 672 1276 732 che
1308 673 1513 733 Staatsrath
1551 670 1719 730 gehalten.
1778 673 1856 733 Der
1889 676 1936 736 K.
1963 673 2010 733 K.
2032 678 2215 738 Cammerer

1235 721 1390 781 Freyherr
1412 721 1465 781 von
1498 718 1708 778 Erzenberg,
1741 719 1778 779 ist
1801 721 1821 781 in
1849 721 1903 781 den
1936 724 2156 784 Grafenstand
2178 727 2226 787 er¬

1228 769 1327 829 hoben
1355 769 1504 829 worden.
1555 771 1642 831 Ihro
1671 771 1769 831 Maj.
1792 769 1841 829 die
1870 769 2019 829 Kaiserin
2053 775 2151 835 haben
2185 776 2212 836 zu

1227 819 1283 879 dem
1325 819 1567 879 neuerrichteten
1608 816 1675 876 St.
1701 819 1979 879 Stephansorden
2016 821 2056 881 24
2093 822 2226 882 reichge¬

1224 867 1321 927 stickte
1353 867 1612 927 Ordenskleider
1649 867 1705 927 von
1742 870 1861 930 grünen
1903 870 2068 930 Sammet
2095 873 2219 933 machen

1224 915 1342 975 lassen,
1363 915 1425 975 wie
1446 915 1492 975 die
1513 915 1621 975 Ritter
1647 915 1698 975 vom
1740 918 1868 978 goldnen
1895 920 1987 980 Vlies
2013 921 2147 981 tragen,
2168 921 2224 981 mit

1217 963 1476 1023 rothsammtnen
1508 966 1616 1026 langen
1648 969 1907 1029 Unterkleidern,
1939 967 1995 1027 und
2017 969 2083 1029 eben
2110 969 2218 1029 solchen

1224 1013 1452 1073 abhangenden
1489 1015 1621 1075 Hauben
1659 1016 1728 1076 nach
1760 1016 1966 1076 Ungarischer
1993 1018 2073 1078 Art.
2142 1019 2221 1079 Der

1223 1063 1298 1123 erste
1321 1064 1528 1124 Ritterschlag
1561 1064 1664 1124 dürfte
1687 1064 1740 1124 vor
1768 1064 1943 1124 Eröfnung
1970 1067 2019 1127 des
2041 1067 2215 1127 Landtages

1228 1112 1292 1172 mit
1314 1112 1427 1172 großen
1454 1115 1713 1175 Feyerlichkeiten
1741 1115 1842 1175 alhier
1865 1116 1918 1176 vor
1940 1118 1983 1178 sich
2005 1118 2118 1178 gehen.
2145 1120 2215 1180 Vor

1227 1163 1348 1223 einigen
1380 1164 1485 1224 Tagen
1512 1163 1617 1223 reisete
1644 1165 1697 1225 der
1724 1166 2008 1226 Feldzeugmeister
2035 1163 2130 1223 Graf
2157 1166 2209 1226 von

1232 1212 1364 1272 Harsch,
1391 1212 1448 1272 von
1475 1210 1544 1270 hier
1571 1210 1639 1270 nach
1666 1208 1755 1268 Prag
1782 1210 1835 1270 ab,
1862 1213 1893 1273 um
1936 1212 1994 1272 alle
2015 1210 2041 1270 in
2068 1213 2216 1273 Böhmen

1227 1258 1407 1318 befindliche
1433 1256 1614 1316 Vestungen
1645 1257 1705 1317 und
1726 1256 1866 1316 wichtige
1892 1257 2002 1317 Plätze
2023 1257 2053 1317 zu
2079 1259 2224 1319 untersu¬

1222 1300 1312 1360 chen.
1363 1303 1448 1363 Man
1479 1303 1589 1363 spricht
1615 1302 1665 1362 daß
1696 1300 1853 1360 künftigen
1884 1303 2014 1363 Junius
2055 1303 2105 1363 das
2136 1306 2226 1366 Bey¬

1227 1342 1311 1402 lager
1337 1347 1387 1407 des
1413 1348 1613 1408 Erzherzogs
1634 1345 1759 1405 Leopold
1779 1348 1839 1408 mit
1860 1348 1905 1408 der
1925 1350 2091 1410 spanischen
2116 1353 2221 1413 Prin¬

1222 1390 1328 1450 zeßin,
1355 1392 1471 1452 Marie
1493 1393 1593 1453 Loise,
1621 1393 1647 1453 zu
1679 1393 1838 1453 Inspruck
1860 1396 2003 1456 gefeyret
2019 1396 2131 1456 werden
2158 1402 2226 1462 soll,

1222 1483 1296 1543 reich
1323 1485 1396 1545 über
1418 1488 1496 1548 Lyon
1534 1488 1597 1548 und
1618 1488 1707 1548 durch
1734 1490 1781 1550 die
1814 1491 1998 1551 Schweitz,
2025 1492 2082 1552 mit
2109 1495 2193 1555 ihrem

1220 1534 1360 1594 Gefolge
1377 1536 1557 1596 eintreffen,
1584 1539 1644 1599 und
1671 1540 1720 1600 der
1743 1542 1840 1602 ganze
1868 1542 2058 1602 Kaiserliche
2080 1542 2150 1602 Hof
2167 1545 2210 1605 sich

1225 1588 1388 1648 gleichfals
1411 1590 1603 1650 hinbegeben
1633 1589 1728 1649 wird.
1779 1592 1870 1652 Ihro
1899 1592 1994 1652 Maj.
2006 1593 2051 1653 die
2069 1593 2209 1653 Kaiserin

1230 1637 1326 1697 haben
1360 1640 1439 1700 einen
1474 1640 1677 1700 Baumeister
1700 1640 1728 1700 zu
1757 1640 1983 1700 Besichtigung
2012 1643 2056 1703 des
2086 1646 2220 1706 Schlos=

1230 1691 1268 1751 ses
1296 1691 1362 1751 nach
1390 1691 1551 1751 Inspruck
1579 1691 1779 1751 abgeschickt,
1802 1693 1841 1753 um
1886 1693 1951 1753 nach
1980 1694 2140 1754 Befinden
2169 1697 2218 1757 die

1225 1739 1374 1799 nöthigen
1408 1742 1684 1802 Ausbesserungen
1712 1745 1739 1805 zu
1773 1745 2000 1805 veranstalten.
2056 1748 2144 1808 Man
2172 1748 2221 1808 fü¬

1222 1793 1281 1853 get
1309 1792 1428 1852 hinzu,
1450 1790 1504 1850 daß
1542 1793 1591 1853 die
1624 1793 1906 1853 Neuvermählten
1944 1796 1998 1856 von
2026 1799 2145 1859 daraus
2172 1799 2220 1859 die

1226 1836 1321 1896 Reise
1345 1837 1412 1897 nach
1441 1837 1599 1897 Florenz,
1622 1843 1690 1903 ihre
1713 1843 1855 1903 künftige
1878 1843 2059 1903 Residenz,
2088 1847 2212 1907 sogleich

1223 1882 1363 1942 antreten
1397 1882 1510 1942 sollen.

1427 1927 1681 1987 Warschau,
1711 1932 1767 1992 vom
1819 1935 1881 1995 14.
1904 1938 2012 1998 May.

1270 1976 1321 2036 In
1348 1972 1394 2032 der
1431 1972 1461 2032 am
1503 1975 1731 2035 Donnerstage
1763 1981 1950 2041 gehaltenen
1976 1985 2043 2045 3ten
2074 1985 2209 2045 Session

1222 2023 1273 2083 des
1299 2020 1552 2080 gegenwärtigen
1584 2023 1801 2083 Reichstages
1832 2026 2013 2086 erwarteten
2049 2030 2096 2090 die
2122 2031 2214 2091 Land¬

1222 2069 1309 2129 boten
1336 2067 1381 2127 die
1408 2067 1464 2127 aus
1490 2066 1536 2126 dem
1579 2067 1692 2127 Senat
1713 2067 1749 2127 an
1775 2067 1841 2127 Sie
1863 2073 2100 2133 Abgeordnete.
2132 2079 2219 2139 Die¬

1218 2118 1245 2178 se
1273 2115 1433 2175 verfügten
1462 2115 1505 2175 sich
1533 2115 1633 2175 auch,
1656 2117 1683 2177 so
1717 2118 1788 2178 bald
1822 2117 1871 2177 der
1894 2121 2010 2181 Senat
2033 2124 2082 2184 sich
2105 2127 2215 2187 gesetzt

1223 2166 1333 2226 hatte,
1356 2163 1383 2223 in
1412 2163 1455 2223 den
1489 2166 1744 2226 Landbotensaal
1767 2169 1828 2229 mit
1862 2169 1911 2229 dem
1951 2172 2133 2232 Ersuchen,
2156 2178 2205 2238 sich

1223 2211 1282 2271 mit
1304 2211 1352 2271 dem
1391 2211 1509 2271 Senat
1526 2213 1558 2273 zu
1586 2220 1926 2280 Berathschlagungen
1954 2224 1980 2284 zu
2013 2226 2213 2286 vereinigen.

1219 2260 1319 2320 Diese
1341 2261 1561 2321 Vereinigung
1588 2267 1720 2327 erfolgte
1742 2272 1810 2332 auch
1837 2273 1905 2333 bald
1937 2273 1968 2333 da
2005 2276 2052 2336 der
2079 2276 2210 2336 Reichs¬

1214 2306 1458 2366 tagsmarschall
1480 2312 1538 2372 mit
1560 2315 1607 2375 den
1640 2323 1852 2383 sämmtlichen
1885 2326 2060 2386 Landboten
2092 2327 2113 2387 in
2156 2327 2203 2387 den

1217 2357 1333 2417 Senat
1355 2357 1439 2417 kam.
1487 2363 1534 2423 Er
1561 2369 1640 2429 nahm
1688 2371 1740 2431 den
1767 2372 1846 2432 Sitz
1873 2374 1931 2434 auf
1958 2377 2042 2437 einem
2079 2376 2211 2436 Tabou¬

1214 2408 1352 2468 retstuhl
1370 2406 1399 2466 am
1446 2414 1614 2474 Eingange
1638 2420 1666 2480 in
1696 2423 1742 2483 dem
1789 2423 1911 2483 Zirkel,
1940 2425 1963 2485 in
1992 2424 2120 2484 welchem
2161 2426 2212 2486 die

1217 2457 1408 2517 Senatores
1434 2459 1513 2519 sitzen
1539 2467 1631 2527 gegen
1663 2470 1736 2530 über
1762 2471 1810 2531 dem
1848 2470 1885 2530 am
1923 2470 2033 2530 Thron
2059 2473 2132 2533 oben
2164 2471 2194 2531 an

1216 2503 1310 2563 diesem
1359 2509 1465 2569 Zirkel
1489 2516 1625 2576 sitzenden
1655 2521 1750 2581 Fürst
1775 2518 1934 2578 Primas,
1953 2520 2011 2580 und
2042 2521 2088 2581 die
2107 2521 2207 2581 Land¬

1219 2554 1303 2614 boten
1330 2557 1467 2617 nahmen
1494 2563 1562 2623 ihre
1589 2566 1678 2626 Sitze
1710 2569 1768 2629 auf
1790 2569 1842 2629 den
1874 2566 1979 2626 hinter
2006 2566 2058 2626 den
2091 2570 2206 2630 Sena¬

1215 2607 1412 2667 torensesseln
1447 2612 1499 2672 für
1534 2614 1574 2674 sie
1604 2617 1795 2677 stuffenweis
1837 2617 2010 2677 errichteten
2051 2617 2207 2677 Bänken.

1216 2650 1289 2710 Der
1318 2661 1670 2721 Reichstagmarschall
1693 2661 1875 2721 versicherte
1904 2667 2023 2727 darauf
2052 2666 2102 2726 den
2137 2664 2205 2724 Se¬

1217 2701 1292 2761 nat,
1320 2705 1379 2765 wie
1401 2706 1427 2766 er
1450 2712 1552 2772 bereit
1574 2715 1676 2775 wäre,
1698 2712 1973 2772 gemeinschaftlich
2001 2712 2049 2772 für
2077 2710 2125 2770 die
2147 2706 2206 2766 Er¬

1218 2754 1355 2814 haltung
1389 2757 1443 2817 des
1471 2762 1587 2822 Besten
1621 2763 1675 2823 des
1704 2758 1863 2818 gemeinen
1892 2757 2024 2817 Wesens
2057 2760 2084 2820 zu
2118 2757 2206 2817 rath¬

1217 2806 1385 2866 schlagen,
1424 2810 1488 2870 mit
1516 2813 1565 2873 dem
1615 2811 1734 2871 Senat
1762 2805 2023 2865 einzustimmen,
2051 2805 2110 2865 und
2144 2807 2203 2867 mit

1219 2858 1446 2918 Aufopferung
1467 2864 1553 2924 ihres
1581 2861 1694 2921 Lebens
1729 2860 1802 2920 alles
1836 2858 1936 2918 dieses
1970 2858 1996 2918 zu
2030 2855 2204 2915 vertheidi=

2118 2912 2202 2972 gen.
