2479 3508
596 1194 724 1254 43tes
771 1196 927 1256 Stück.
983 1204 1203 1264 Freytag,
1241 1198 1295 1258 den
1342 1202 1424 1262 29.
1453 1204 1617 1264 Junius
1655 1208 1801 1268 1764.

540 1264 844 1324 Königsberg.

200 1353 391 1413 gende
411 1354 577 1414 öffentliche
598 1354 739 1414 Arbeiten
769 1354 904 1414 bekannt
921 1354 1076 1414 gemacht.
1097 1357 1172 1417 Den
1218 1354 1288 1414 gion
1324 1354 1449 1414 hätten.

192 1398 352 1458 Sonntag
385 1399 436 1459 vor
457 1399 623 1459 Pfingsten
649 1399 706 1459 gab
732 1399 794 1459 Hr.
811 1399 1039 1459 Criminalrath
1060 1399 1101 1459 D.
1117 1399 1184 1459 Je¬

202 1491 460 1551 Pro=Decanus
497 1493 543 1553 der
574 1494 863 1554 Juristenfacultät
890 1494 1039 1554 heraus,
1061 1494 1184 1554 worin¬

197 1594 253 1654 hen
280 1593 547 1653 Verwandschaft
574 1594 687 1654 womit
708 1593 739 1653 er
770 1594 826 1654 mit
853 1595 904 1655 dem
951 1595 1038 1655 Hrn.
1054 1594 1177 1654 Docto=

187 1643 288 1703 rando
319 1643 496 1703 verbunden
527 1644 623 1704 war,
664 1643 882 1703 Gelegenheit
908 1643 1030 1703 nahm,
1071 1644 1167 1704 dessen

186 1694 387 1754 Lebenslauf
410 1694 578 1754 hierinnen
612 1694 740 1754 kürzlich
769 1695 925 1755 berühret
948 1694 1042 1754 wird.
1093 1694 1171 1754 Wir

186 1742 304 1802 merken
355 1742 473 1802 daraus
514 1744 577 1804 nur
618 1742 781 1802 folgendes
831 1742 890 1802 an.
970 1745 1044 1805 Der
1084 1745 1167 1805 Herr

187 1788 425 1848 Doctorandus
457 1790 643 1850 Wilhelm
696 1787 923 1847 Bernhard
960 1791 1099 1851 Jester
1131 1793 1167 1853 ist

191 1834 540 1894 Hofgerichtsadvocat
560 1831 618 1891 und
642 1829 685 1889 ein
709 1831 872 1891 Uhrenkel
892 1828 944 1888 des
978 1831 1160 1891 berühmten

186 1881 349 1941 Simon
379 1879 509 1939 Dach,
533 1876 615 1936 eines
640 1876 668 1936 in
692 1875 774 1935 ganz
789 1873 1005 1933 Deutschland
1036 1873 1169 1933 bekann¬

185 1928 231 1988 ten
268 1927 526 1987 Liederdichters.
574 1921 646 1981 Die
677 1921 822 1981 folgende
843 1918 962 1978 Woche
988 1917 1081 1977 hielte
1113 1918 1159 1978 der

188 1978 261 2038 Hr.
278 1975 504 2035 Doctorandus
532 1972 542 2032 4
574 1969 722 2029 Stunden
755 1966 833 2026 seine
860 1963 1024 2023 Lectiones
1051 1963 1167 2023 Curso-

186 2033 254 2093 rias
275 2031 301 2091 im
339 2028 465 2088 größern
492 2026 628 2086 Hörsaal
655 2024 723 2084 über
745 2023 782 2083 L.
803 2023 850 2083 37
898 2020 929 2080 de
951 2020 1040 2080 rebus
1067 2023 1162 2083 credi¬

181 2078 251 2138 ris,
279 2076 392 2136 welche
420 2074 523 2134 Wahl
550 2076 599 2136 des
627 2073 827 2133 Hauptsatzes
861 2070 985 2130 sowohl
1013 2070 1056 2130 als
1089 2070 1153 2130 auch

180 2125 228 2185 die
259 2127 417 2187 geschickte
448 2129 667 2189 Ausführung
698 2124 837 2184 desselben
880 2121 929 2181 ihm
984 2121 1050 2181 viel
1075 2118 1160 2178 Ehre

183 2175 328 2235 machte.

185 2275 340 2335 Facultät
361 2273 412 2333 das
434 2270 645 2330 gewöhnliche
667 2267 889 2327 Programma
921 2264 1061 2324 heraus,
1092 2260 1169 2320 wel=

185 2322 252 2382 ches
278 2324 334 2384 auf
350 2321 365 2381 2
397 2321 505 2381 Bogen
531 2318 557 2378 in
588 2316 634 2376 4to
661 2315 862 2375 behauptete,
888 2314 939 2374 daß
966 2312 1012 2372 die
1033 2309 1162 2369 jüdische

180 2371 294 2431 Kirche
320 2369 361 2429 die
388 2366 527 2426 göttliche
549 2363 736 2423 Eingebung
762 2361 814 2421 der
835 2361 1001 2421 Schriften
1038 2358 1084 2418 des
1121 2355 1167 2415 al¬

185 2415 231 2475 ten
262 2417 458 2477 Testaments
484 2415 540 2475 mit
561 2411 643 2471 ihrem
680 2408 819 2468 Zeugniß
840 2408 1020 2468 bestätigte.
1072 2405 1154 2465 Das

177 2461 234 2521 auf
265 2461 348 2521 einen
390 2461 498 2521 halben
530 2458 639 2518 Bogen
666 2455 769 2515 hinten
806 2458 1008 2518 angehängte
1035 2452 1164 2512 lateini¬

185 2506 247 2566 sche
278 2508 418 2568 Gedicht
449 2508 547 2568 stellet
579 2503 625 2563 die
651 2503 770 2563 Herzen
812 2506 863 2566 der
890 2503 1076 2563 Gläubigen
1113 2501 1159 2561 als

182 2554 323 2614 Tempel
344 2554 390 2614 des
418 2554 511 2614 Heil.
528 2550 658 2610 Geistes
679 2550 752 2610 dar.

233 2599 308 2659 Den
335 2600 492 2660 Sonntag
520 2598 633 2658 darauf
650 2599 796 2659 kündigte
819 2599 883 2659 Hr.
900 2599 1002 2659 Prof.
1025 2593 1154 2653 Wernen

170 2649 196 2709 in
228 2651 311 2711 einer
332 2647 525 2707 lateinischen
552 2645 871 2705 Einladungsschrift
893 2646 945 2706 auf
966 2644 1049 2704 einem
1092 2641 1159 2701 Bo¬

182 2701 234 2761 gen
267 2702 287 2762 in
314 2696 403 2756 Folio
430 2694 477 2754 den
504 2694 704 2754 Tettauschen
731 2694 825 2754 Actum
873 2697 936 2757 an,
958 2691 1084 2751 welchen
1121 2689 1147 2749 er

177 2751 230 2811 den
263 2748 422 2808 folgenden
455 2742 663 2802 Sonnabend
695 2742 737 2802 als
770 2742 818 2802 den
850 2745 951 2805 23sten
984 2744 1084 2804 Junii
1112 2738 1138 2798 im

175 2803 307 2863 größern
337 2793 558 2853 akademischen
588 2792 726 2852 Hörsaal
744 2791 831 2851 selbst
855 2795 912 2855 mit
930 2796 1011 2856 einer
1029 2791 1156 2851 lateini=

1210 1267 1286 1327 schen
1326 1270 1415 1330 Rede
1441 1270 1583 1330 feyerte,
1609 1273 1718 1333 welche
1744 1273 1795 1333 den
1828 1276 1957 1336 Einfluß
1989 1279 2111 1339 zeigte,
2131 1281 2182 1341 den

248 1315 354 1375 fnsere
376 1312 546 1372 Akademie
570 1312 626 1372 hat
648 1312 704 1372 sich
734 1312 825 1372 diesen
855 1312 983 1372 Monat
1005 1312 1097 1372 durch
1127 1314 1190 1374 fol=
1220 1311 1269 1371 die
1299 1315 1548 1375 Wissenschaften
1592 1319 1648 1379 auf
1677 1321 1726 1381 die
1756 1321 1991 1381 Verbesserung
2028 1324 2077 1384 der
2106 1327 2191 1387 Reli¬

1261 1395 1336 1455 Den
1371 1400 1473 1460 25sten
1508 1403 1611 1463 führte
1640 1404 1769 1464 derselbe
1804 1407 1872 1467 nach
1908 1410 2038 1470 vorhero
2073 1419 2189 1479 ausge¬

194 1447 270 1507 ster
297 1446 360 1506 eine
386 1446 559 1506 lateinische
579 1446 706 1506 Schrift
726 1446 776 1506 auf
802 1446 814 1506 2
828 1446 943 1506 Bogen
969 1446 994 1506 in
1014 1446 1103 1506 Folio
1123 1445 1173 1505 als
1213 1440 1340 1500 theilter
1360 1449 1679 1509 Einladungsschrift
1699 1454 1750 1514 zum
1782 1455 1942 1515 Andenken
1969 1460 2019 1520 der
2039 1464 2192 1524 Kospoth¬

1207 1492 1280 1552 schen
1326 1494 1489 1554 Stiftung
1536 1497 1620 1557 einen
1666 1502 1779 1562 jungen
1819 1505 2051 1565 Stipendiaten
2098 1513 2187 1573 Hrn.

197 1540 250 1600 nen
280 1544 309 1604 er
327 1542 362 1602 de
380 1542 450 1602 teste
475 1545 646 1605 domestico
670 1544 699 1604 zu
735 1545 865 1605 handeln
901 1542 1000 1602 wegen
1036 1544 1090 1604 der
1120 1544 1172 1604 na=
1202 1539 1344 1599 Henrich
1386 1545 1492 1605 Ernst
1522 1548 1669 1608 Bertram
1729 1550 1787 1610 aus
1818 1554 2054 1614 Riesenburg,
2096 1563 2177 1623 einen

1207 1590 1302 1650 Sohn
1337 1593 1387 1653 des
1416 1595 1552 1655 hiesigen
1586 1596 1688 1656 Herrn
1717 1602 1875 1662 Krieges=
1899 1604 1955 1664 und
1978 1608 2187 1668 Domainen¬

1202 1639 1294 1699 raths
1324 1643 1382 1703 auf
1412 1645 1457 1705 die
1487 1646 1667 1706 Catheder,
1697 1651 1830 1711 welcher
1860 1652 1929 1712 das
1965 1658 2179 1718 Göttliche

1205 1688 1241 1748 im
1285 1694 1525 1754 Wohlthun
1555 1697 1613 1757 vor
1643 1700 1729 1760 einer
1759 1703 1970 1763 ansehnlichen
2000 1709 2181 1769 Versamm¬

1205 1742 1278 1802 lung
1301 1745 1457 1805 anprics.

1609 1810 1785 1870 Altona.

1255 1838 1327 1898 Bey
1360 1843 1489 1903 Jversen
1515 1846 1554 1906 ist
1571 1847 1627 1907 auf
1644 1852 1708 1912 224
1742 1854 1855 1914 Seiten
1880 1857 1903 1917 in
1937 1859 1993 1919 8vo
2018 1861 2042 1921 in
2075 1864 2163 1924 diesem

1206 1879 1295 1939 Jahr
1333 1885 1504 1945 gedruckt:

1583 1890 1689 1950 Joh.
1721 1895 1885 1955 Bernh.
1929 1906 2188 1966 Basedows,

1202 1924 1368 1984 "Konigl.
1385 1930 1484 1990 Prof.
1501 1932 1529 1992 zu
1558 1936 1702 1996 Altona;
1741 1945 1979 2005 Methodischer
2002 1952 2185 2012 Unterricht

1206 1966 1250 2026 "in
1281 1972 1330 2032 der
1351 1975 1601 2035 überzeugenden
1632 1984 1822 2044 Erkenntniß
1853 1990 1902 2050 der
1928 1993 2088 2053 biblischen
2114 2001 2178 2061 Re¬

1206 2017 1353 2077 "ligion,
1375 2023 1427 2083 zur
1459 2021 1664 2081 fortgesetzten
1703 2031 1924 2091 Ausführung
1962 2037 2014 2097 des
2051 2039 2077 2099 in
2120 2044 2172 2104 der

1202 2064 1422 2124 Philalethie
1445 2067 1643 2127 angegebnen
1672 2072 1795 2132 Plans,
1813 2076 1898 2136 nebst
1921 2079 1999 2139 einem
2039 2088 2180 2148 Grund¬

1197 2108 1291 2168 Prisse
1317 2114 1366 2174 der
1392 2112 1549 2172 Religion
1581 2118 1605 2178 in
1637 2121 1756 2181 Fragen
1788 2124 1850 2184 und
1876 2128 2089 2188 Antworten,
2115 2142 2171 2202 auf

1197 2157 1286 2217 2144
1329 2160 1485 2220 Seiten."
1540 2169 1642 2229 Neue
1666 2172 1792 2232 Moden
1829 2177 1852 2237 in
1889 2178 2063 2238 Kleidern,
2094 2189 2172 2249 Ma=

248 2226 282 2286 Am
327 2226 413 2286 ersten
440 2223 642 2283 Pfingsttage
660 2223 712 2283 gab
739 2223 790 2283 die
809 2219 922 2279 hiesige
940 2216 1159 2276 Theologische
1195 2210 1308 2270 nieren
1335 2208 1387 2268 und
1415 2211 1624 2271 Gebräuchen
1651 2222 1790 2282 erfodern
1828 2229 1914 2289 selten
1950 2230 2045 2290 etwas
2073 2235 2159 2295 mehr

1191 2256 1241 2316 als
1265 2258 1304 2318 ein
1333 2255 1435 2315 wenig
1458 2264 1668 2324 eifersüchtige
1698 2276 1868 2336 Eitelkeit;
1891 2279 1965 2339 oder
2000 2282 2039 2342 ein
2079 2288 2175 2348 ziem¬

1195 2306 1244 2366 lich
1273 2304 1372 2364 Theil
1389 2309 1561 2369 hungrigen
1590 2321 1867 2381 Schneiderwitz:
1890 2330 1978 2390 allein
2012 2330 2073 2390 eine
2096 2336 2167 2396 neue

1194 2353 1340 2413 Religion
1378 2354 1410 2414 zu
1443 2360 1610 2420 erfinden,
1654 2370 1708 2430 das
1741 2374 1827 2434 sollte
1854 2378 1989 2438 ungleich
2017 2383 2162 2443 schwerer

1194 2402 1354 2462 scheinen,
1380 2404 1468 2464 wenn
1494 2408 1560 2468 man
1592 2415 1674 2475 nicht
1691 2423 1819 2483 wüßte,
1851 2426 1908 2486 daß
1939 2426 2006 2486 eben
2043 2429 2166 2489 dieselbe

1194 2449 1342 2509 Eitelkeit
1358 2449 1410 2509 und
1437 2454 1500 2514 eine
1517 2458 1537 2518 im
1575 2467 1771 2527 moralischen
1793 2470 1967 2530 Verstande
1983 2476 2162 2536 genommne

1192 2497 1316 2557 Kunst,
1340 2499 1390 2559 aus
1419 2502 1492 2562 alten
1527 2512 1662 2572 Lumpen
1691 2518 1730 2578 ein
1759 2518 1855 2578 neues
1878 2518 1968 2578 Kleid
1997 2521 2024 2581 zu
2048 2525 2172 2585 sticken,

1188 2545 1257 2605 auch
1292 2545 1338 2605 ein
1373 2550 1535 2610 Gebäude
1565 2559 1622 2619 von
1663 2566 1865 2626 Wahrheiten
1906 2568 2155 2628 hervorbringen

1193 2593 1326 2653 könnte,
1349 2597 1477 2657 welches
1501 2605 1552 2665 den
1583 2611 1704 2671 Schein
1734 2612 1780 2672 der
1804 2614 1948 2674 Neuheit
1966 2616 2036 2676 hat.
2072 2623 2164 2683 Noch

1191 2641 1260 2701 darf
1283 2641 1312 2701 es
1335 2642 1392 2702 also
1416 2648 1497 2708 nicht
1520 2655 1606 2715 unter
1642 2658 1687 2718 die
1717 2658 1809 2718 sieben
1833 2660 2080 2720 Wunderwerke
2110 2669 2161 2729 der

1185 2685 1276 2745 Welt
1293 2693 1450 2753 gerechnet
1473 2705 1624 2765 werden,
1652 2703 1739 2763 wenn
1772 2703 1820 2763 der
1848 2706 1902 2766 von
1946 2712 2027 2772 einer
2049 2715 2157 2775 Taube

1182 2739 1347 2799 inspirirte
1366 2747 1544 2807 Mahomed
1568 2754 1663 2814 seinen
1687 2751 1776 2811 Geist
1801 2755 1966 2815 zwiefaltig
1997 2760 2050 2820 auf
2074 2761 2156 2821 einen

1191 2790 1354 2850 Professor
1378 2795 1463 2855 legt,
1487 2802 1541 2862 der
1565 2805 1588 2865 in
1620 2802 1713 2862 seiner
1737 2802 1885 2862 Religion
1917 2805 1947 2865 so
1971 2805 2025 2865 wie
2050 2808 2080 2868 im
2119 2810 2173 2870 Al=

2057 2857 2159 2917 coran
