2479 3508
233 348 328 408 gerne
359 348 436 408 allen
466 345 615 405 irdischen
652 345 837 405 Weibern,
861 345 896 405 um
945 345 1016 405 viel
1041 345 1231 405 Sylphiden

242 397 308 457 und
335 395 509 455 Nymphen
540 390 720 450 unsterblich
752 392 782 452 zu
808 394 962 454 machen:
989 395 1034 455 die
1066 394 1132 454 auch
1168 396 1245 456 weit

246 446 372 506 schöner
397 443 460 503 und
489 443 651 503 gefälliger
681 440 733 500 für
762 441 947 501 tiefsinnige
978 443 1139 503 Mystiker
1169 446 1232 506 sind

244 496 292 556 als
325 492 418 552 unser
446 490 614 550 sinnliches
642 493 931 553 Frauenzimmer.
998 491 1161 551 Indessen
1195 493 1254 553 hat

239 544 328 604 unser
356 539 501 599 Gabalis
530 539 592 599 doch
620 539 715 599 greße
738 542 872 602 Mühe,
901 542 945 602 die
968 542 1153 602 Wahrheit
1181 543 1242 603 und

253 592 349 652 Reize
377 586 469 646 dieser
492 589 734 649 unfleischlichen
763 589 827 649 Ehe
855 589 908 649 aus
936 591 1012 651 allen
1034 591 1158 651 Weisen
1185 592 1244 652 und

241 637 470 697 insonderheit
496 639 547 699 dem
600 638 756 698 weisesten
798 640 964 700 Aureolus
996 640 1246 700 Theophrastus

256 686 308 746 von
335 685 498 745 Bombast
514 687 704 747 Paracelsus
731 687 757 747 in
778 688 968 748 Hohenheim
1011 688 1105 748 seinem
1143 688 1253 748 Schü=

250 737 291 797 ler
323 739 525 799 darzuthun.
577 736 696 796 Diesem
744 736 821 796 wird
858 734 904 794 die
926 737 1118 797 Entsagung
1150 737 1247 797 seines

250 784 435 844 Mädchens
463 786 579 846 sauer,
607 784 717 844 welche
745 786 797 846 sein
824 784 936 844 Lehrer
963 784 1015 844 von
1048 786 1100 846 ihm
1138 784 1254 844 fodert,

259 834 317 894 und
340 834 388 894 ihn
422 834 584 894 schaudert
601 834 763 894 beständig
796 831 849 891 für
882 834 963 894 einer
986 831 1055 891 Ehe
1083 836 1142 896 mit
1170 834 1250 894 einer

259 882 448 942 Koboldin,
476 882 524 942 die
546 882 621 942 über
643 882 692 942 die
714 882 979 942 Ausschweifung
1007 885 1088 945 zwar
1115 883 1201 943 nicht
1224 880 1245 940 in

257 930 343 990 ihrem
387 933 456 993 aber
479 932 652 992 destomehr
680 930 706 990 in
745 933 842 993 seinem
886 930 1064 990 Geschlecht
1098 933 1259 993 eifersüch¬

251 979 295 1039 tig
334 981 394 1041 und
428 979 477 1039 oft
506 978 638 1038 deshalb
678 981 749 1041 auch
788 979 854 1039 sehr
893 981 1059 1041 gefährlich
1098 981 1253 1041 würden.

259 1023 334 1083 Der
356 1025 448 1085 Graf
470 1028 540 1088 aber
568 1025 681 1085 preiset
698 1027 746 1087 ihm
790 1025 865 1085 diese
888 1025 952 1085 Ehe
974 1028 1060 1088 nicht
1088 1028 1169 1088 gnug
1202 1028 1261 1088 an,

249 1073 282 1133 da
312 1073 349 1133 sie
369 1073 504 1133 überdem
558 1075 601 1135 die
631 1073 756 1133 meisten
785 1072 915 1132 Heyden
954 1073 1012 1133 und
1047 1076 1094 1136 die
1124 1073 1249 1133 meisten

258 1121 383 1181 Weisen
414 1121 469 1181 von
500 1121 549 1181 der
575 1121 666 1181 Hölle
691 1118 858 1178 errettete:
888 1118 969 1178 weil
990 1120 1069 1180 alle,
1101 1121 1146 1181 die
1176 1121 1256 1181 nicht

260 1169 316 1229 zur
342 1169 512 1229 Seligkeit
533 1166 667 1226 erwählt
688 1166 811 1226 wären,
822 1165 873 1225 bey
899 1163 997 1223 dieser
1018 1166 1250 1226 Vermischung

260 1216 314 1276 für
336 1216 384 1276 die
406 1216 688 1276 Unsterblichkeit,
710 1215 759 1275 die
787 1213 824 1273 sie
851 1213 899 1273 dem
944 1213 1117 1273 sterblichen
1150 1213 1257 1273 Geiste

259 1267 475 1327 mittheilten,
504 1268 558 1328 von
592 1267 642 1327 ihm
692 1267 747 1327 das
770 1264 908 1324 Anrecht
937 1264 969 1324 an
1003 1264 1053 1324 die
1076 1264 1264 1324 Vernichti¬

254 1321 338 1381 gung
373 1321 430 1381 zur
459 1318 658 1378 Belohnung
693 1317 914 1377 empfiengen.
961 1318 1080 1378 Haben
1115 1316 1177 1376 also
1206 1317 1257 1377 die

266 1369 420 1429 Sylphen
449 1369 509 1429 und
538 1369 686 1429 Gnomen
720 1369 803 1429 nicht
820 1369 974 1429 Ursache,
1008 1369 1246 1429 barmherzigen

266 1417 421 1477 Mädchen
454 1417 764 1477 nachzuschleichen?
792 1416 819 1476 so
853 1416 914 1476 wie
942 1416 969 1476 z.
992 1417 1035 1477 E.
1064 1416 1113 1476 die
1136 1417 1246 1477 Riesen

257 1464 316 1524 vor
338 1467 387 1527 der
410 1467 600 1527 Sündfluth
628 1465 753 1525 Söhne
775 1464 873 1524 dieser
896 1467 1021 1527 Kinder
1043 1464 1163 1524 Gottes
1196 1465 1255 1525 und

253 1517 340 1577 nicht
368 1515 417 1575 der
445 1515 559 1575 Engel
582 1516 718 1576 waren,
763 1514 823 1574 wie
856 1514 899 1574 die
928 1515 982 1575 H.
1010 1515 1261 1575 Kirchenväter,

257 1566 305 1626 als
344 1566 561 1626 Ignoranten
600 1566 627 1626 in
671 1563 720 1623 der
753 1563 905 1623 Kabbala
938 1566 1112 1626 träumen.
1162 1563 1254 1623 Noch

266 1613 487 1673 schimpflicher
521 1612 596 1672 aber
624 1610 677 1670 ists
710 1610 764 1670 für
792 1610 878 1670 jeden
906 1610 1057 1670 Doktor,
1096 1610 1144 1670 die
1166 1608 1263 1668 Prie¬

263 1661 317 1721 ster
338 1661 398 1721 und
425 1660 591 1720 Jungfern
622 1658 687 1718 blos
714 1658 809 1718 darum
851 1655 1098 1715 verdammten,
1124 1655 1200 1715 weil
1220 1655 1260 1715 sie

257 1707 358 1767 einige
384 1709 424 1769 40
455 1706 546 1766 Jahr
572 1706 725 1766 Gnomen
762 1701 822 1761 und
848 1700 1036 1760 Gnomiden
1072 1700 1255 1760 unsterblich

261 1754 418 1814 gemacht.
468 1751 645 1811 Vielleicht
666 1748 783 1808 werden
813 1748 912 1808 einige
947 1748 1054 1808 unsrer
1080 1748 1163 1808 Leser
1198 1748 1256 1808 und

260 1802 444 1862 Leserinnen
494 1797 569 1857 auch
608 1797 732 1857 nähere
771 1796 1026 1856 Bekanntschaft
1059 1796 1124 1856 mit
1157 1796 1254 1856 diesen

992 1844 1051 1904 Ein
1077 1846 1262 1906 Universal.

266 1847 416 1907 Geistern
455 1845 644 1905 wünschen:
678 1845 767 1905 wohl
795 1846 888 1906 dem!

266 1897 396 1957 mittel,
419 1895 475 1955 das
499 1897 594 1957 Feuer
623 1897 645 1957 in
674 1900 730 1960 uns
759 1900 787 1960 zu
822 1897 957 1957 erhöhen
992 1898 1053 1958 und
1088 1897 1166 1957 über
1190 1897 1263 1957 Sa¬

263 1948 429 2008 lamander
452 1948 479 2008 zu
513 1948 669 2008 herrschen
703 1948 764 2008 (die
786 1948 858 2008 aber
887 1948 987 2008 wegen
1021 1948 1109 2008 ihres
1143 1948 1253 2008 langen

257 1996 374 2056 Lebens
402 1998 485 2058 nicht
508 1998 535 2058 so
558 1999 624 2059 sehr
647 1997 714 2057 nach
742 1997 892 2057 Saamen
926 1996 975 2056 der
998 1999 1260 2059 Unsterblichkeit

263 2049 393 2109 geizen)
411 2047 467 2107 ist:
491 2046 547 2106 das
576 2048 678 2108 Feuer
701 2046 751 2106 der
775 2046 865 2106 Welt
883 2046 973 2106 durch
996 2046 1211 2106 Hohlspiegel
1229 2044 1251 2104 in

259 2095 324 2155 eine
357 2094 503 2154 gläserne
537 2097 650 2157 Kugel
678 2097 896 2157 concentrirt,
934 2097 988 2157 der
1027 2094 1075 2154 sich
1114 2095 1250 2155 alsdenn

263 2143 346 2203 darin
380 2145 540 2205 bildenden
569 2145 807 2205 Sonnenstaub
835 2142 890 2202 von
919 2145 996 2205 allen
1024 2142 1157 2202 übrigen
1185 2142 1263 2202 Ele¬

263 2193 387 2253 menten
421 2196 600 2256 gereinigt.
644 2193 807 2253 Probatum
857 2192 916 2252 est.
961 2191 1047 2251 Eben
1086 2191 1113 2251 so
1146 2193 1183 2253 ist
1211 2193 1254 2253 ein

272 2240 360 2300 Glas
383 2237 448 2297 voll
472 2240 670 2300 verdichteter
693 2237 786 2297 Luft,
815 2237 897 2297 Erde
931 2239 991 2299 und
1020 2240 1169 2300 Wasser,
1197 2242 1263 2302 etli=

266 2288 314 2348 che
336 2288 466 2348 Monat
483 2285 510 2345 in
538 2285 591 2345 der
613 2282 737 2342 Sonne
761 2287 928 2347 gestanden
961 2291 1021 2351 und
1054 2291 1189 2351 nachher
1217 2291 1265 2351 ge¬

268 2339 415 2399 reinigt,
449 2334 489 2394 ein
529 2333 828 2393 unvergleichlicher
864 2339 1032 2399 Magnet,
1061 2339 1264 2399 Nymphen,

267 2387 423 2447 Sylphen
453 2384 511 2444 und
535 2381 691 2441 Gnomen
721 2382 749 2442 zu
774 2387 896 2447 locken.
943 2390 1035 2450 Alles
1071 2390 1134 2450 dies
1170 2390 1204 2450 ist
1228 2390 1257 2450 so

268 2436 358 2496 leicht
381 2435 437 2495 und
466 2432 585 2492 wahr,
608 2428 658 2488 als
687 2427 721 2487 es
749 2432 891 2492 bekannt
914 2435 970 2495 ist,
999 2437 1050 2497 daß
1084 2437 1134 2497 der
1163 2437 1259 2497 große

267 2485 474 2545 Theophrast
493 2482 504 2542 6
534 2479 665 2539 Monat
683 2476 765 2536 nicht
790 2478 819 2538 an
843 2482 968 2542 Speise
986 2485 1116 2545 dachte,
1140 2485 1217 2545 weil
1229 2488 1258 2548 er

264 2531 314 2591 sich
352 2533 453 2593 etwas
479 2528 834 2588 Sonnenquintessenz
860 2529 915 2589 auf
941 2532 1036 2592 seinen
1075 2536 1188 2596 Nabel
1214 2536 1264 2596 ge¬

267 2581 388 2641 bunden
433 2581 539 2641 hatte.
612 2578 689 2638 Die
723 2575 845 2635 Orakel
879 2577 1012 2637 gehören
1063 2581 1124 2641 mit
1163 2584 1257 2644 unter

268 2630 323 2690 den
354 2629 575 2689 Nichterstuhl
594 2632 722 2692 unseres
760 2624 993 2684 Kabbalisten,
1025 2630 1073 2690 der
1105 2632 1153 2692 sich
1185 2632 1252 2692 sehr

263 2677 401 2737 darüber
435 2679 585 2739 ereifert,
608 2679 662 2739 daß
696 2679 729 2739 es
752 2674 996 2734 Betrügereyen
1036 2677 1085 2737 der
1114 2682 1257 2742 Priester

269 2727 401 2787 gewesen
437 2727 505 2787 seyn
529 2727 644 2787 sollen.
685 2727 766 2787 Gab
802 2724 830 2784 es
866 2724 946 2784 nicht
969 2726 1102 2786 wirklich
1132 2730 1264 2790 Bauch¬

263 2778 506 2838 rednerinnen,
546 2778 778 2838 Dodonäische
806 2775 998 2835 Mädchen,
1039 2777 1084 2837 die
1118 2778 1248 2838 Tauben

254 2829 411 2889 wurden,
439 2832 501 2892 und
529 2831 555 2891 in
577 2829 768 2889 Frankreich
797 2828 906 2888 heilge
928 2823 1085 2883 Weiber,
1113 2827 1160 2887 die
1182 2829 1249 2889 eben

1278 345 1305 405 so
1329 345 1419 405 Luft=
1442 345 1498 405 und
1533 348 1776 408 Wasserorakel
1800 347 1958 407 wurden,
1987 348 2032 408 als
2072 348 2128 408 wir
2164 354 2293 414 Caffee¬

1279 395 1342 455 und
1380 392 1603 452 Sandorakel
1631 395 1768 455 haben?
1806 390 1821 450 —
1896 395 1976 455 Vom
2029 397 2151 457 Teufel
2178 401 2289 461 kamen

1286 444 1354 504 auch
1386 443 1465 503 nicht
1487 443 1533 503 die
1555 444 1697 504 Orakel,
1724 444 1797 504 denn
1834 443 1871 503 sie
1898 446 2018 506 redeten
2056 446 2081 506 ja
2114 446 2161 506 oft
2188 449 2287 509 wider

1285 494 1366 554 ihn,
1394 491 1453 551 und
1492 491 1562 551 noch
1606 491 1687 551 öfter
1720 493 1773 553 für
1807 495 1920 555 Gott:
1948 496 2008 556 und
2041 494 2089 554 die
2117 494 2209 554 ältste
2242 498 2290 558 der

1287 539 1443 599 Sibyllen
1484 539 1549 599 war
1580 539 1650 599 nach
1681 543 1736 603 dem
1777 545 1938 605 Calender
1969 545 2020 605 der
2045 545 2191 605 Kabbala
2227 545 2292 605 eine

1293 591 1425 651 Tochter
1452 589 1499 649 des
1526 589 1626 649 Noah
1653 590 1711 650 und
1738 593 1807 653 eine
1828 593 1912 653 Frau
1939 595 2098 655 Davids.
2130 594 2288 654 Plutarch

1292 640 1350 700 und
1388 640 1441 700 der
1473 640 1669 700 vergeßliche
1706 643 1919 703 Sonderling
1951 644 2110 704 Aristotel
2137 644 2285 704 träumen

1292 689 1374 749 zwar
1401 688 1452 748 von
1478 690 1779 750 beschwängernden
1805 692 2173 752 Erdausdünstungen;
2194 694 2282 754 allein

1286 736 1402 796 können
1435 736 1477 796 die
1499 739 1589 799 wohl
1611 739 1786 799 Gedanken
1814 742 1962 802 erregen,
1989 744 2116 804 Bauch=
2138 742 2196 802 und
2223 743 2297 803 Py¬

1287 785 1535 845 thonsstimmen
1578 786 1704 846 geben?
1742 789 1858 849 Kurz!
1885 789 2075 849 Sylphen,
2102 792 2202 852 waren
2240 792 2287 852 die

1293 834 1433 894 Apolls:
1472 837 1666 897 Sylphen,
1699 837 1747 897 die
1775 837 1824 897 die
1851 837 1997 897 Hebräer
2025 840 2220 900 Sedim,
2247 840 2290 900 die

1288 882 1447 942 Griechen
1475 885 1671 945 Dámone
1698 885 1868 945 nannten,
1895 885 1958 945 und
1985 885 2033 945 die
2060 888 2193 948 Laban,
2220 888 2294 948 Mi¬

1294 933 1341 993 cha
1368 932 1425 992 und
1452 933 1584 993 Michal
1606 933 1690 993 ohne
1707 933 1891 993 Abgötterey
1918 933 2012 993 unter
2034 936 2086 996 den
2109 939 2271 999 Teraphim

1282 981 1473 1041 verehrten.
1527 976 1616 1036 Blos
1638 981 1776 1041 Idioten
1803 982 1903 1042 halten
1936 984 1972 1044 sie
1994 984 2047 1044 für
2068 987 2185 1047 Teufel
2212 987 2286 1047 oder

1296 1025 1465 1085 Kobolde:
1492 1025 1523 1085 da
1554 1027 1600 1087 sich
1631 1025 1693 1085 doch
1725 1025 1776 1085 der
1802 1028 1848 1088 H.
1864 1031 1967 1091 Anton
1998 1034 2060 1094 mit
2086 1035 2168 1095 einem
2210 1034 2292 1094 Teu¬

1293 1075 1339 1135 fel
1360 1073 1457 1133 gewiß
1484 1073 1565 1133 nicht
1587 1074 1612 1134 so
1634 1073 1726 1133 lange
1747 1075 1819 1135 wird
1845 1079 2046 1139 unterhalten
2078 1084 2170 1144 haben
2202 1084 2284 1144 durch

1292 1119 1338 1179 ein
1364 1119 1555 1179 Gespräch,
1582 1121 1649 1181 was
1675 1121 1706 1181 er
1727 1121 1856 1181 hernach
1882 1124 1980 1184 seinen
2012 1130 2120 1190 10000
2152 1130 2296 1190 Einsied¬

1295 1166 1359 1226 lern
1392 1166 1548 1226 erzählte.
1614 1166 1672 1226 Da
1711 1168 1781 1228 nach
1814 1169 1921 1229 unsers
1954 1172 2099 1232 Gabalis
2138 1181 2294 1241 Offenba¬

1290 1213 1394 1273 rung,
1406 1213 1450 1273 die
1468 1211 1534 1271 Ehe
1556 1213 1606 1273 dem
1640 1213 1740 1273 Zweck
1763 1216 1879 1276 Gottes
1902 1216 2013 1276 gemäß
2042 1222 2124 1282 nicht
2141 1225 2285 1285 zwischen

1299 1264 1466 1324 Menschen
1510 1264 1569 1324 und
1602 1264 1807 1324 Menschen,
1840 1267 1969 1327 sondern
2013 1270 2185 1330 Menschen
2229 1273 2288 1333 und

1296 1315 1474 1375 Geistern,
1510 1315 1567 1375 und
1602 1316 1671 1376 ihre
1701 1315 1822 1375 Kinder
1858 1315 2001 1375 Riesen,
2025 1317 2088 1377 wie
2112 1320 2163 1380 der
2193 1318 2290 1378 große

1297 1369 1461 1429 Zoroaster
1484 1368 1551 1428 seyn
1580 1369 1709 1429 sollten:
1738 1369 1766 1429 so
1789 1369 1907 1429 erklärt
1925 1369 1958 1429 er
1981 1369 2032 1429 den
2060 1371 2133 1431 Fall
2151 1372 2291 1432 Adams,

1298 1416 1356 1476 und
1377 1416 1424 1476 den
1446 1419 1609 1479 Ursprung
1631 1419 1678 1479 der
1699 1419 1837 1479 Mohren
1864 1416 1916 1476 von
1943 1419 2027 1479 Cham
2069 1422 2127 1482 aus
2154 1421 2201 1481 der
2228 1418 2296 1478 ver¬

1292 1467 1424 1527 botenen
1451 1467 1683 1527 Vermischung
1710 1469 1767 1529 mit
1794 1470 1894 1530 seines
1926 1470 2084 1530 gleichen,
2111 1470 2169 1530 und
2201 1470 2290 1530 giebt

1298 1518 1359 1578 uns
1385 1515 1467 1575 einen
1499 1518 1627 1578 Roman
1664 1518 1720 1578 von
1757 1518 1807 1578 des
1834 1518 1931 1578 Noah
1957 1518 2065 1578 Frau,
2092 1521 2189 1581 seiner
2215 1518 2297 1578 Ent¬

1288 1566 1458 1626 mannung
1495 1566 1558 1626 und
1591 1566 1888 1626 Wiedergenesung
1931 1567 1957 1627 zu
1995 1568 2095 1628 lesen.
2154 1569 2286 1629 Endlich

1294 1610 1389 1670 führt
1416 1610 1447 1670 er
1474 1610 1537 1670 uns
1569 1610 1595 1670 in
1633 1610 1701 1670 eine
1723 1613 1797 1673 Liste
1829 1610 1924 1670 dieser
1956 1613 2109 1673 Sylphen
2146 1616 2294 1676 Abstam¬

1291 1655 1389 1715 mung
1424 1655 1478 1715 des
1513 1655 1709 1715 Romulus,
1745 1658 1932 1718 Herkules,
1957 1661 2183 1721 Alexanders,
2208 1664 2291 1724 Pla¬

1295 1700 1398 1760 tons,
1423 1700 1692 1760 Melchisedecks,
1727 1703 1786 1763 und
1821 1703 1845 1763 so
1880 1703 1977 1763 vieler
2007 1706 2198 1766 Jungfern=
2223 1709 2287 1769 und

1294 1748 1581 1808 Nonnenkinder,
1612 1750 1702 1810 deren
1739 1751 1870 1811 Mütter
1896 1751 1991 1811 theils
2027 1751 2082 1811 aus
2108 1754 2299 1814 Barmher¬

1297 1799 1432 1859 zigkeit,
1456 1799 1556 1859 theils
1580 1799 1662 1859 ohne
1680 1799 1732 1859 ihr
1751 1799 1868 1859 Wissen
1904 1799 1963 1859 und
1999 1800 2116 1860 Willen
2152 1805 2210 1865 mit
2234 1804 2292 1864 In¬

1289 1846 1389 1906 cubis
1416 1849 1558 1909 Umgang
1590 1852 1764 1912 geflogen,
1786 1852 1859 1912 oder
1891 1846 1949 1906 von
1981 1852 2076 1912 ihnen
2113 1854 2203 1914 unter
2235 1855 2287 1915 der

1298 1897 1428 1957 Gestalt
1450 1901 1569 1961 artiger
1586 1900 1759 1960 Liebhaber
1782 1902 1927 1962 betrogen
1956 1900 2101 1960 wurden.
2124 1898 2139 1958 -

2178 1905 2283 1965 Dies

1295 1948 1333 2008 ist
1362 1950 1411 2010 der
1446 1951 1573 2011 Inhalt
1607 1954 1701 2014 dieser
1730 1954 1746 2014 5
1780 1954 1902 2014 artigen
1930 1948 2224 2008 Unterredungen,
2247 1951 2297 2011 de¬

1294 1996 1343 2056 ren
1371 1999 1503 2059 Folge"
1520 1999 1614 2059 unser
1637 2000 1824 2060 Uebersetzer
1853 2002 1985 2062 zusagt;
2014 2002 2085 2062 aber
2113 1999 2196 2059 nicht
2229 1999 2295 2059 ver¬

1298 2049 1423 2109 spricht.
1472 2049 1592 2109 Kosten
1625 2049 1651 2109 in
1696 2049 1749 2109 der
1777 2051 1984 2111 Kanterschen
2022 2052 2288 2112 Buchhandlung

1288 2097 1401 2157 allhier
1425 2097 1484 2157 wie
1509 2098 1573 2158 auch
1604 2096 1627 2156 in
1657 2097 1776 2157 Elbing
1800 2099 1859 2159 und
1889 2101 1996 2161 Mitau
2026 2103 2043 2163 1
2068 2103 2103 2163 fl.
2122 2105 2156 2165 12
2181 2106 2234 2166 gr.

1650 2147 1938 2207 Mannheim.

1346 2193 1411 2253 Die
1430 2193 1538 2253 hiesige
1557 2191 1726 2251 Akademie
1751 2193 1804 2253 der
1823 2199 2077 2259 Wissenschaften
2102 2201 2197 2261 hielte
2222 2202 2294 2262 vor¬

1299 2243 1412 2303 gestern
1441 2243 1468 2303 in
1497 2240 1542 2300 der
1571 2240 1773 2300 Churfürstl.
1791 2246 1982 2306 Bibliothek
2017 2244 2073 2304 und
2107 2246 2129 2306 in
2158 2249 2293 2309 Gegen¬

1300 2291 1380 2351 wart
1404 2291 1485 2351 eines
1514 2285 1624 2345 großen
1653 2288 1769 2348 Theils
1798 2292 1844 2352 des
1874 2291 1972 2351 Hofes
1995 2291 2065 2351 ihre
2088 2296 2291 2356 halbjährige

1294 2341 1469 2401 öffentliche
1491 2336 1767 2396 Versammlung.
1816 2342 1889 2402 Der
1917 2339 2209 2399 Ehrenpräsident,
2225 2346 2294 2406 Hr.

1304 2390 1406 2450 Prof.
1423 2388 1596 2448 Schöflin,
1612 2387 1748 2447 eröfnete
1770 2390 1862 2450 solche
1884 2390 1948 2450 mit
1965 2390 2051 2450 einer
2074 2390 2182 2450 kurzen
2210 2396 2295 2456 latei¬

1296 2437 1411 2497 nischen
1441 2436 1532 2496 Rede
1556 2435 1631 2495 über
1655 2435 1700 2495 den
1730 2438 1891 2498 Fortgang
1921 2437 2013 2497 dieser
2037 2440 2192 2500 gelehrten
2222 2443 2290 2503 Ge¬

1297 2485 1449 2545 sellschaft
1472 2484 1523 2544 seit
1540 2479 1624 2539 ihrer
1648 2486 1806 2546 neulichen
1835 2488 2010 2548 Stiftung.
2067 2491 2140 2551 Der
2169 2492 2293 2552 bestän¬

1299 2534 1365 2594 dige
1388 2533 1597 2593 Secretarius
1620 2532 1702 2592 Herr
1720 2538 1847 2598 Lamey,
1859 2538 1902 2598 las
1925 2539 1941 2599 in
1975 2539 2041 2599 eben
2069 2542 2162 2602 dieser
2180 2542 2290 2602 Spra¬

1298 2582 1345 2642 che
1367 2584 1419 2644 das
1446 2581 1504 2641 Lob
1531 2581 1614 2641 eines
1647 2584 1842 2644 verstorbnen
1875 2587 2075 2647 Mitglieds,
2102 2591 2149 2651 des
2176 2591 2281 2651 Herrn

1296 2630 1353 2690 von
1383 2633 1544 2693 Sailern,
1568 2629 1660 2689 Ihro
1684 2635 1885 2695 Churfürstl.
1903 2638 2047 2698 Durchl.
2066 2639 2094 2699 zu
2123 2641 2221 2701 Pfalz
2239 2639 2290 2699 ge¬

1295 2682 1429 2742 wesenen
1468 2676 1554 2736 ersten
1587 2682 1831 2742 Leibmedicus,
1853 2685 1912 2745 und
1945 2685 2026 2745 setzte
2054 2688 2173 2748 darauf
2200 2688 2281 2748 zwey

1289 2729 1370 2789 neue
1392 2725 1587 2785 Mitglieder
1615 2726 1690 2786 ein,
1718 2733 1816 2793 Hrn.
1838 2733 1897 2793 D.
1919 2736 2033 2796 Nebel
2055 2736 2109 2796 von
2148 2734 2289 2794 Heydel¬

1289 2777 1378 2837 berg,
1400 2778 1455 2838 und
1490 2775 1583 2835 Hrn.
1601 2776 1734 2836 Hofrath
1768 2781 1946 2841 Medicus,
1964 2784 2075 2844 welche
2097 2784 2191 2844 beyde
2214 2781 2286 2841 kurz

1295 2826 1413 2886 vorher
1439 2826 1464 2886 in
1502 2823 1582 2883 einer
1608 2832 1921 2892 außerordentlichen
1953 2835 2202 2895 Versammlung
2241 2830 2284 2890 er¬

2181 2879 2289 2939 wäh-

304 2915 322 2975 *
361 2924 443 2984 Suite
470 2926 501 2986 ou
527 2924 692 2984 nouveaux
718 2924 896 2984 Entretiens
916 2924 966 2984 sur
986 2924 1030 2984 les
1050 2924 1183 2984 sciences
1210 2922 1336 2982 secretes
1363 2921 1515 2981 touchant
1535 2921 1560 2981 la
1580 2924 1726 2984 nouvelle
1752 2929 1981 2989 philosophie.
