2479 3508
1173 1216 1234 1276 den
1284 1217 1360 1277 22.
1388 1216 1554 1276 Junius
1596 1213 1741 1273 1764.

541 1225 661 1285 41tes
702 1222 862 1282 Stück.
920 1224 1096 1284 Freytag

471 1294 776 1354 Königsberg.

149 1357 259 1417 Von
293 1346 442 1406 derselben
487 1344 613 1404 Feder,
642 1342 696 1402 von
731 1339 857 1399 welcher
891 1333 946 1393 wir
974 1336 1023 1396 die
1052 1333 1123 1393 vor¬

154 1393 381 1453 Strefliche
401 1387 634 1447 Beschreibung
660 1384 710 1444 des
731 1382 903 1442 Frühlings
928 1378 978 1438 bey
1005 1378 1100 1438 seinem

142 1438 284 1498 Eintritt
309 1434 411 1494 unsern
446 1431 548 1491 Lesern
583 1429 803 1489 mitgetheilt,
843 1425 1004 1485 entlehnen
1044 1422 1116 1482 wir,

144 1488 249 1548 unserm
298 1482 503 1542 Versprechen
541 1479 678 1539 gemäß,
715 1474 857 1534 folgende
890 1470 1106 1530 Schilderung

143 1536 194 1596 des
220 1533 426 1593 Sommers,
452 1530 498 1590 der
519 1527 632 1587 gestern
658 1525 740 1585 seine
761 1524 827 1584 erste
854 1521 961 1581 Scene
993 1518 1018 1578 in
1055 1518 1116 1578 die¬

145 1588 188 1648 sem
226 1586 317 1646 Jahr
340 1581 474 1641 eröfnet.
524 1578 696 1638 Diejenige
724 1575 777 1635 von
816 1572 940 1632 unseren
973 1567 1118 1627 schätzba¬

141 1637 192 1697 ren
218 1634 317 1694 Lesern
348 1633 404 1693 und
431 1628 638 1688 Leserinnen,
665 1625 788 1685 welchen
820 1622 866 1682 die
887 1619 1037 1679 Sprache
1069 1615 1115 1675 der

145 1685 260 1745 Römer
302 1684 331 1744 in
372 1679 524 1739 deutschen
566 1675 849 1735 Wochenblättern
896 1669 1012 1729 fremde
1048 1666 1123 1726 vor¬

145 1736 281 1796 kömmt,
314 1733 412 1793 haben
445 1730 504 1790 wir
537 1730 569 1790 um
608 1727 776 1787 Nachsicht
799 1724 825 1784 zu
858 1721 1027 1781 ersuchen,
1060 1717 1119 1777 mit

144 1785 196 1845 dem
245 1782 445 1842 aufrichtigen
483 1775 715 1835 Versprechen,
748 1772 811 1832 uns
843 1769 938 1829 dieser
966 1766 1118 1826 Freyheit

144 1831 225 1891 nicht
245 1831 288 1891 oft
307 1828 336 1888 zu
370 1824 548 1884 bedienen,
577 1819 640 1879 und
674 1817 731 1877 wir
760 1814 865 1874 trauen
900 1812 1121 1872 insonderheit

149 1879 196 1939 dem
240 1876 359 1936 schönen
386 1868 564 1928 Geschlecht
592 1864 618 1924 zu
656 1861 753 1921 wenig
781 1857 959 1917 Eifersucht
981 1855 1040 1915 zu,
1067 1858 1115 1918 als

146 1925 204 1985 daß
229 1923 257 1983 es
282 1916 400 1976 einigen
430 1907 636 1967 Mitgliedern
672 1902 724 1962 des
749 1897 860 1957 andern
902 1897 944 1957 ein
974 1897 1126 1957 Vergnü=

144 1974 201 2034 gen
231 1963 415 2023 misgönnen
445 1957 548 2017 sollte,
572 1951 699 2011 welches
734 1948 762 2008 es
792 1945 913 2005 selbsten
954 1945 1034 2005 nicht
1064 1944 1121 2004 mit

141 2016 291 2076 genießen
318 2008 404 2068 will.

528 2064 612 2124 calet
645 2061 786 2121 inventus

242 2121 324 2181 nunc
353 2118 490 2178 omnis,
513 2118 545 2178 et
574 2115 645 2175 mox
678 2109 816 2169 virgines
844 2106 1009 2166 tepebunt.

922 2166 1078 2226 Horat.

162 2291 224 2351 Lam
280 2286 361 2346 calor
389 2282 551 2342 increscit,
571 2272 761 2332 prouectiot
790 2268 907 2328 aestuat
935 2264 1034 2324 annus

196 2359 309 2419 Feruet
334 2354 521 2414 Olympus,
540 2345 660 2405 humus
685 2342 793 2402 feruet
818 2339 848 2399 et
873 2339 950 2399 vnda
981 2336 1095 2396 maris.

152 2429 266 2489 Igneus
297 2427 418 2487 incedit
443 2423 497 2483 per
522 2415 643 2475 torrida
674 2412 771 2472 sidera
796 2408 947 2468 Phoebus

203 2497 235 2557 Et
263 2496 356 2556 pauca
391 2493 498 2553 requie
525 2485 626 2545 currit
653 2482 767 2542 anhela
795 2482 881 2542 dies;

155 2569 205 2629 lam
251 2567 296 2627 sua
331 2566 422 2626 regna
457 2560 564 2620 videns
593 2554 724 2614 effertur
747 2551 838 2611 Flora
873 2551 1043 2611 triumphis

203 2638 278 2698 Mox
308 2635 423 2695 cessura
453 2632 522 2692 suas
546 2627 685 2687 prodiga
715 2626 824 2686 fundit
848 2626 941 2686 opes.

156 2715 291 2775 Aemula
322 2703 504 2763 luminibus
528 2700 598 2760 rosa
628 2697 675 2757 iam
717 2696 746 2756 se
776 2697 876 2757 tingit
906 2697 976 2757 Eais

201 2784 353 2844 Delicium
399 2775 533 2835 Veneris
559 2769 809 2829 virgineumque
835 2769 943 2829 Decus

1157 1282 1234 1342 Siste
1262 1283 1367 1343 puella
1395 1283 1511 1343 gradum
1561 1279 1671 1339 similis
1700 1282 1755 1342 cui
1778 1279 1882 1339 gloria
1911 1279 2037 1339 formae

1197 1345 1312 1405 Disce,
1337 1348 1433 1408 breui
1457 1348 1539 1408 quam
1588 1345 1621 1405 sit
1646 1345 1694 1405 res
1723 1345 1863 1405 peritura
1892 1347 2003 1407 color.

1151 1411 1193 1471 En
1225 1413 1410 1473 pudibunda
1443 1413 1542 1473 micat
1570 1413 1648 1473 fusco
1686 1413 1845 1473 velamine
1872 1413 1961 1473 rupto

1205 1479 1258 1539 Vix
1292 1485 1351 1545 dum
1395 1485 1558 1545 permittit
1580 1485 1699 1545 rimula
1728 1482 1825 1542 parua
1852 1485 1955 1545 diem.

1152 1558 1184 1618 Se
1217 1558 1314 1618 negat
1343 1558 1369 1618 et
1397 1557 1456 1617 non
1489 1557 1555 1617 tota
1588 1557 1685 1617 negat
1713 1557 1903 1617 latitansque
1936 1557 1985 1617 sub
2013 1560 2137 1620 vmbris

1209 1632 1333 1692 Gaudet
1361 1631 1540 1691 turgidulos
1573 1628 1741 1688 occuluisse
1774 1628 1871 1688 sinus.

1155 1708 1194 1768 En
1229 1709 1323 1769 caput
1353 1706 1497 1766 extollit,
1522 1706 1626 1766 tentat
1651 1705 1809 1765 maturior
1839 1706 1928 1766 auras

1206 1780 1284 1840 Quo
1319 1781 1403 1841 patet
1427 1781 1482 1841 illa
1511 1781 1618 1841 minus
1647 1778 1714 1838 plus
1743 1780 1912 1840 verecunda
1947 1781 2065 1841 placet.

1157 1849 1357 1909 Rumpitur,
1379 1849 1471 1909 aucta
1497 1849 1620 1909 tumet,
1647 1849 1692 1909 iam
1745 1849 1790 1909 iam
1837 1849 1971 1909 resoluta
2002 1849 2141 1909 dehiscet

1211 1909 1300 1969 Nunc
1331 1909 1445 1969 monet
1476 1909 1505 1969 et
1530 1912 1619 1972 tacita
1651 1915 1680 1975 te
1705 1915 1794 1975 prece
1825 1915 1909 1975 bella
1940 1916 2047 1976 vocat.

1157 1980 1237 2040 Ante
1265 1978 1367 2038 Rosam
1411 1978 1562 2038 Phoebus
1590 1980 1687 2040 radiis
1715 1981 1795 2041 quam
1839 1983 1969 2043 pungat
1997 1984 2093 2044 acutis

1214 2046 1365 2106 Officiosa
1393 2043 1490 2103 faue,
1513 2043 1605 2103 carpe
1632 2045 1762 2105 puella,
1784 2046 1925 2106 Rosam.

1160 2118 1262 2178 Carpe
1296 2115 1397 2175 puella
1426 2112 1551 2172 rosam,
1580 2115 1681 2175 niteat
1704 2115 1840 2175 religata
1869 2118 2004 2178 corollie

1209 2187 1279 2247 Dum
1327 2185 1409 2245 viget
1440 2188 1493 2248 illa
1523 2190 1653 2250 recens,
1671 2190 1824 2250 languida
1854 2193 1966 2253 sponte
1997 2196 2078 2256 cadit

1162 2258 1394 2318 Submittitque
1425 2261 1533 2321 comas
1560 2264 1678 2324 laceras
1709 2267 1848 2327 ingloria
1880 2267 1982 2327 dumis

1209 2327 1276 2387 Nec
1307 2328 1442 2388 superest
1469 2334 1546 2394 vllus
1578 2336 1635 2396 qui
1661 2339 1729 2399 fuit
1755 2341 1822 2401 ante
1854 2342 1962 2402 decor.

1164 2400 1310 2460 Reginam
1356 2403 1457 2463 florum
1503 2408 1589 2468 vario
1625 2411 1827 2471 comitantur
1853 2411 1969 2471 amictu

1202 2470 1305 2530 Lilia,
1329 2474 1467 2534 pulcher
1497 2482 1612 2542 Adon,
1635 2482 1739 2542 Pacon
1774 2482 1802 2542 et
1832 2482 1895 2542 arte
1930 2482 2080 2542 medens.

1168 2545 1328 2605 lasminum
1379 2549 1550 2609 fragrans,
1573 2554 1694 2614 Bellis,
1717 2554 1778 2614 flos
1806 2551 1894 2611 afer,
1917 2551 2104 2611 amomum,

1213 2617 1283 2677 Flos
1311 2620 1485 2680 gladioque
1518 2626 1654 2686 minax,
1677 2623 1801 2683 calcar,
1824 2623 1965 2683 equestre
1999 2623 2107 2683 decus.

1161 2691 1377 2751 Pyramidalis
1406 2694 1541 2754 honor,
1565 2697 1669 2757 pictus
1699 2691 1915 2751 ranunculus,
1939 2690 2002 2750 Iris

1217 2760 1289 2820 Plos
1318 2766 1536 2826 matronalis,
1565 2769 1676 2829 Tuque
1705 2763 1839 2823 Paparer
1867 2763 1973 2823 iners,

2015 2830 2150 2890 Fronde
