2479 3508
209 356 408 416 Einfältigen
445 351 505 411 und
542 341 795 401 Abergläubigen
832 339 892 399 ist.
960 338 1062 398 Diese
1093 336 1183 396 Vor¬

202 404 327 464 theile,
363 400 458 460 dieses
482 393 618 453 reizende
643 386 833 446 Vergnügen
863 386 898 446 ist
917 386 999 446 nicht
1018 386 1089 446 etwa
1125 385 1178 445 nur

206 453 257 513 für
283 448 481 508 diejenigen,
508 438 553 498 die
579 436 630 496 sich
663 433 714 493 den
740 434 991 494 Wissenschaften
1024 437 1074 497 als
1101 434 1177 494 einer

211 496 390 556 Profession
428 485 586 545 widmen,
613 482 714 542 nein,
741 483 872 543 sondern
905 483 958 543 für
985 484 1095 544 jeden,
1133 480 1180 540 der

211 543 252 603 ein
282 541 412 601 Mensch
437 533 490 593 ist,
514 530 572 590 und
597 530 644 590 die
663 530 864 590 Fähigkeiten
888 533 947 593 und
971 530 1190 590 Empfindun=

211 592 262 652 gen
292 586 372 646 eines
396 578 564 638 Menschen
594 578 663 638 hat.
710 578 778 638 Die
802 578 1051 638 Wissenschaften
1081 578 1173 638 bieten

210 634 296 694 ihren
324 629 404 689 Reiz
421 622 502 682 jedem
541 625 698 685 Stande,
720 625 800 685 jedem
844 628 1060 688 Geschlechte,
1083 626 1163 686 jedem

215 681 299 741 Alter
320 676 385 736 an;
411 673 446 733 sie
476 672 632 732 wünschen
668 673 723 733 von
764 673 838 733 allen
875 674 1010 734 erkannt
1036 673 1091 733 und
1127 672 1191 732 em¬

208 725 348 785 pfunden
371 721 397 781 zu
425 718 565 778 werden.
614 720 683 780 Sie
706 721 765 781 sind
787 721 813 781 in
846 721 911 781 eine
933 722 1122 782 Schönheit
1144 719 1186 779 ge=

209 772 311 832 hullt,
336 772 384 832 die
404 769 488 829 jedem
525 769 725 829 empfindbar
750 771 817 831 seyn
848 772 957 832 kann,
982 775 1030 835 der
1061 772 1121 832 nur
1152 773 1188 833 se=

449 930 635 990 Berlin,
667 933 722 993 den
767 935 828 995 10.
860 933 940 993 Jul.

259 980 328 1040 Die
352 983 525 1043 Gemahlin
561 981 606 1041 des
630 981 763 1041 wirklich
787 981 972 1041 Geheimten
1002 981 1111 1041 Etats=
1124 981 1181 1041 und

210 1031 518 1091 Kriegesministers
546 1031 725 1091 Freyherrn
752 1028 806 1088 von
834 1031 1083 1091 Dankelmanns
1111 1028 1191 1088 Exc.

210 1078 318 1138 Lovise
340 1080 476 1140 Sophie
493 1078 569 1138 geb.
598 1076 651 1136 von
685 1080 864 1140 Freyberg,
897 1080 1006 1140 wurde
1034 1079 1082 1139 den
1116 1076 1186 1136 7ten

216 1127 309 1187 dieses
338 1132 393 1192 aus
416 1128 510 1188 dieser
533 1127 726 1187 Zeitlichkeit
743 1127 943 1187 abgefodert.

461 1172 607 1232 Wien,
643 1172 693 1232 den
734 1174 794 1234 20.
820 1175 911 1235 Jun.

265 1216 448 1276 Ehegestern
476 1216 702 1276 vertheidigten
730 1216 762 1276 16
789 1219 978 1279 Jungfern,
1001 1219 1108 1279 welche
1131 1218 1184 1278 bey

214 1267 307 1327 denen
342 1261 538 1321 Religieusen
569 1258 597 1318 de
628 1258 651 1318 la
677 1261 848 1321 Visitation
884 1262 1183 1322 Kostgängerinnen

218 1311 298 1371 sind,
318 1309 343 1369 in
374 1306 576 1366 Gegenwart
596 1300 647 1360 der
662 1303 773 1363 beyden
794 1305 1066 1365 Erzherzoginnen
1092 1306 1192 1366 Char¬

213 1354 287 1414 lotte
314 1351 371 1411 und
398 1351 535 1411 Antonia
562 1348 620 1408 und
651 1348 748 1408 vieler
775 1348 890 1408 andern
930 1348 1196 1408 Standesperso¬

208 1398 291 1458 nen,
316 1394 418 1454 einige
444 1393 541 1453 Sätze
566 1393 619 1453 von
654 1394 703 1454 der
733 1393 889 1453 Sphäre,
914 1392 972 1452 aus
1002 1390 1051 1450 dem
1101 1391 1173 1451 alten

214 1442 278 1502 und
311 1440 407 1500 neuen
446 1440 628 1500 Testament
661 1439 720 1499 und
758 1437 812 1497 aus
850 1437 898 1497 der
931 1437 1103 1497 Geschichte
1131 1436 1179 1496 der

214 1485 416 1545 Deutschen.

471 1535 659 1595 Pyrmont,
680 1533 734 1593 den
762 1533 822 1593 27.
850 1533 943 1593 Jun.

262 1581 337 1641 Die
361 1584 447 1644 Zahl
471 1582 522 1642 der
552 1584 830 1644 Brunnengäste,
871 1583 986 1643 welche
1016 1584 1039 1644 in
1074 1581 1166 1641 diesem

211 1634 307 1694 Jahr
336 1634 386 1694 bis
421 1634 477 1694 zum
523 1634 625 1694 24sten
666 1631 755 1691 dieses
791 1632 938 1692 Monats
972 1631 1068 1691 alhier
1097 1631 1198 1691 ange¬

217 1686 352 1746 kommen
381 1684 460 1744 sind,
483 1685 641 1745 erstrecket
659 1682 704 1742 sich
733 1682 789 1742 vom
824 1682 925 1742 hohen
949 1684 999 1744 bis
1028 1684 1084 1744 zum
1130 1682 1192 1742 nie¬

214 1736 347 1796 drigsten
377 1736 516 1796 Stande
534 1736 609 1796 über
633 1733 696 1793 700
726 1733 911 1793 Personen.

393 1783 670 1843 Amsterdam,
692 1783 744 1843 den
777 1781 840 1841 26.
868 1784 1022 1844 Junius.

269 1825 337 1885 Die
359 1828 517 1888 Englische
539 1825 740 1885 Compagnie
761 1823 819 1883 hat
836 1822 931 1882 dieses
952 1824 1036 1884 Jahr
1063 1824 1090 1884 so
1111 1825 1190 1885 viele

218 1876 347 1936 Schiffe
373 1874 440 1934 nach
471 1870 637 1930 Ostindien
673 1867 828 1927 geschickt,
859 1867 905 1927 als
937 1867 1004 1927 man
1040 1864 1092 1924 sich
1118 1864 1185 1924 noch

218 1927 269 1987 nie
295 1926 326 1986 zu
357 1924 501 1984 erinnern
538 1917 636 1977 weiß.
678 1909 729 1969 Es
761 1911 822 1971 sind
854 1909 910 1969 von
942 1912 1096 1972 derselben
1138 1909 1194 1969 seit

219 1972 272 2032 dem
316 1972 402 2032 19ten
430 1969 526 2029 Febr.
544 1963 581 2023 29
614 1958 738 2018 Schiffe
760 1957 846 2017 dahin
879 1960 1019 2020 gesendet
1047 1957 1192 2017 worden,

220 2023 310 2083 unter
336 2020 461 2080 welchen
487 2009 537 2069 sich
563 2008 577 2068 3
608 2008 738 2068 armirte
759 2005 920 2065 befinden.

468 2055 646 2115 Leiden,
673 2055 725 2115 den
763 2053 820 2113 15.
847 2052 941 2112 Jun.

265 2109 335 2169 Die
363 2107 535 2167 Curatores
563 2106 611 2166 des
644 2100 844 2160 Stolpischen
877 2103 990 2163 Legati
1012 2100 1104 2160 haben
1137 2096 1185 2156 zur

223 2158 417 2218 Preisfrage
436 2158 488 2218 für
512 2157 565 2217 das
589 2154 677 2214 Jahr
701 2154 789 2214 1765
813 2154 954 2214 folgende
978 2148 1125 2208 Aufgabe
1144 2143 1190 2203 be¬

220 2211 362 2271 stimmt:
384 2208 526 2268 Welches
559 2205 595 2265 ist
622 2205 674 2265 der
702 2202 822 2262 Grund
850 2202 902 2262 der
934 2196 1182 2256 gesetzgebenden

221 2258 375 2318 Gewalt,
401 2258 536 2318 wodurch
566 2251 661 2311 GOtt
677 2252 696 2312 in
728 2249 777 2309 der
793 2248 1008 2308 Offenbarung
1033 2243 1193 2303 insonder=

224 2311 292 2371 heit
309 2309 478 2369 erfordert,
489 2306 542 2366 daß
564 2303 605 2363 die
622 2297 785 2357 Menschen
812 2297 881 2357 ihre
898 2294 1072 2354 moralische
1088 2288 1199 2348 Hand¬

224 2360 334 2420 lungen
362 2357 430 2417 nach
457 2352 552 2412 seiner
574 2345 753 2405 Vorschrift
781 2345 945 2405 einrichten
972 2339 1093 2399 sollen?
1120 2336 1188 2396 Die

226 2404 488 2464 Beantwortung
514 2399 580 2459 muß
612 2393 766 2453 lateinisch
797 2393 864 2453 oder
895 2390 1075 2450 holländisch
1106 2384 1193 2444 seyn,

224 2455 283 2515 und
311 2452 364 2512 vor
392 2449 440 2509 dem
484 2446 559 2506 1sten
587 2441 705 2501 Julius
733 2440 820 2500 1765
853 2440 895 2500 dem
944 2436 1107 2496 Professor
1140 2432 1193 2492 Lu=

229 2500 289 2560 lofs
306 2497 427 2557 Franco
450 2493 632 2553 überschickt
655 2488 799 2548 werden.
844 2488 920 2548 Der
943 2485 1042 2545 Preis
1065 2484 1098 2544 ist
1120 2479 1181 2539 250

227 2545 378 2605 Gulden.

478 2586 635 2646 Paris,
674 2581 724 2641 den
762 2582 825 2642 26.
851 2581 938 2641 Jun.

270 2640 308 2700 Am
348 2635 503 2695 Freytage
526 2629 731 2689 Nachmittag
754 2630 792 2690 um
832 2632 842 2692 1
871 2630 937 2690 Uhr
960 2623 1093 2683 entstand
1116 2620 1182 2680 hier

214 2691 264 2751 ein
292 2685 482 2745 gewaltiges
511 2676 728 2736 Ungewitter.
785 2676 885 2736 Viele
914 2675 1047 2735 Bäume
1077 2671 1098 2731 in
1138 2669 1182 2729 den

226 2739 440 2799 Thuilleries,
463 2728 518 2788 auf
540 2727 584 2787 den
612 2724 810 2784 Bollwerken
839 2726 899 2786 und
922 2727 943 2787 in
971 2721 1175 2781 verschiednen

221 2792 394 2852 Gegenden
433 2781 483 2841 der
516 2778 631 2838 Stadt
664 2775 722 2835 sind
761 2775 786 2835 in
825 2778 965 2838 Stücken
1011 2775 1184 2835 geschlagen

1211 334 1268 394 hen
1298 337 1383 397 will.

1428 336 1503 396 Den
1532 336 1699 396 Gelehrten
1729 342 1826 402 zeigen
1862 342 1896 402 sie
1920 342 2000 402 sich,
2024 339 2081 399 wie
2105 339 2139 399 sie
2163 340 2191 400 in

1218 383 1384 443 Systemen
1427 383 1609 443 aussehen,
1641 384 1666 444 in
1703 388 1791 448 ihrer
1829 389 1979 449 Stärke,
2017 389 2073 449 mit
2105 386 2193 446 ihren

1219 431 1343 491 Nerven
1376 434 1432 494 und
1459 431 1647 491 Muskeln;
1679 434 1767 494 jedem
1810 437 1987 497 Liebhaber
2018 437 2086 497 aber
2118 434 2195 494 schön

1219 479 1392 539 bekleidet,
1420 479 1473 539 und
1501 478 1566 538 doch
1593 478 1647 538 mit
1669 482 1788 542 Nutzen
1816 485 1913 545 genug
1946 485 2000 545 für
2028 485 2097 545 ihn.
2147 479 2195 539 Es

1221 527 1300 587 fehlt
1321 526 1384 586 uns
1411 527 1495 587 nicht
1522 527 1611 587 mehr
1638 528 1669 588 an
1707 527 1760 587 gut
1787 530 1844 590 und
1871 533 1950 593 schön
1977 532 2188 592 geschriebnen

1223 575 1408 635 Schriften,
1429 578 1455 638 in
1476 575 1573 635 jeder,
1589 573 1640 633 von
1672 575 1765 635 denen
1786 580 2059 640 Wissenschaften,
2081 578 2132 638 von
2158 578 2204 638 de¬

1214 622 1270 682 nen
1307 622 1368 682 wir
1400 622 1575 682 gewünscht
1607 622 1736 682 haben,
1767 622 1823 682 daß
1860 624 1896 684 sie
1927 628 2196 688 gemeinnütziger

1220 670 1333 730 werden
1365 670 1520 730 möchten.
1568 670 1650 730 Wer
1677 671 1718 731 sie
1739 669 1816 729 liebt
1843 668 1905 728 und
1937 673 2045 733 sucht,
2067 673 2144 733 wird
2165 671 2196 731 sie

1224 720 1290 780 bald
1312 718 1434 778 finden.
1484 721 1634 781 Möchten
1662 721 1700 781 sie
1717 721 1783 781 doch
1812 720 1866 780 von
1900 718 1977 778 jedem
2022 718 2188 778 Menschen

1223 770 1339 830 geliebt
1361 766 1510 826 werden!

1227 929 1300 989 oder
1323 930 1567 990 umgeschmissen
1597 933 1744 993 worden,
1767 933 1830 993 und
1853 930 2063 990 verschiedene
2087 927 2205 987 Schor¬

1226 981 1317 1041 steine
1340 981 1397 1041 sind
1426 981 1631 1041 eingestürzt.
1677 984 1746 1044 Zum
1786 982 1883 1042 Glück
1918 981 1980 1041 sind
2015 978 2106 1038 dabey
2146 977 2203 1037 nur

1221 1028 1343 1088 wenige
1371 1030 1538 1090 Personen
1572 1031 1749 1091 beschädigt
1778 1030 1922 1090 worden.
1984 1024 2033 1084 Es
2067 1022 2106 1082 ist
2129 1025 2189 1085 nun

1230 1076 1323 1136 völlig
1351 1076 1444 1136 außer
1467 1079 1616 1139 Zweifel,
1644 1081 1693 1141 daß
1727 1079 1831 1139 unsere
1848 1077 2091 1137 Ostindianische
2114 1073 2202 1133 Com¬

1226 1124 1339 1184 pagnie
1362 1125 1496 1185 bleibet,
1518 1127 1578 1187 und
1600 1128 1627 1188 in
1660 1130 1740 1190 einer
1768 1127 1903 1187 Königl.
1915 1124 2206 1184 Rathsversamm¬

1228 1172 1300 1232 lung
1326 1172 1471 1232 bestatigt
1493 1175 1616 1235 worden
1643 1175 1694 1235 ist.
1742 1172 1814 1232 Se.
1851 1172 1943 1232 Maj.
1970 1169 2063 1229 treten
2100 1166 2213 1226 dersel¬

1226 1219 1275 1279 ben
1311 1219 1361 1279 zur
1388 1216 1549 1276 Ersetzung
1575 1219 1660 1279 ihres
1686 1216 1762 1276 beym
1803 1216 1899 1276 letzten
1925 1213 2035 1273 Kriege
2056 1213 2197 1273 erlittnen

1233 1264 1400 1324 Schadens
1433 1261 1526 1321 Dero
1559 1261 1666 1321 12000
1703 1261 1811 1321 Actien
1853 1258 1913 1318 und
1951 1255 2193 1315 Anleihebillets

1228 1306 1282 1366 ab,
1308 1306 1403 1366 stellen
1434 1303 1544 1363 selbige
1565 1303 1589 1363 in
1620 1303 1669 1363 den
1705 1303 1811 1363 Besitz
1832 1302 1881 1362 der
1907 1298 2017 1358 Stadt
2038 1300 2062 1360 l'
2078 1300 2198 1360 Orient

1230 1348 1274 1408 der
1299 1349 1397 1409 Küste
1422 1348 1476 1408 von
1511 1348 1618 1408 Afrika
1653 1348 1712 1408 und
1743 1351 1791 1411 der
1821 1348 1904 1408 Isle
1925 1348 1958 1408 de
1989 1348 2106 1408 France
2136 1348 2195 1408 und

1230 1392 1407 1452 Bourbon,
1433 1393 1488 1453 und
1524 1396 1717 1456 verlangen,
1748 1395 1803 1455 daß
1839 1396 1890 1456 die
1916 1394 2118 1454 Compagnie
2149 1395 2194 1455 sich

1227 1438 1375 1498 bemühe,
1398 1440 1469 1500 ihre
1487 1441 1663 1501 Handlung
1697 1442 1752 1502 auf
1775 1443 1829 1503 den
1863 1443 1957 1503 besten
1990 1444 2056 1504 Fuß
2090 1443 2200 1503 herzu¬

1222 1485 1348 1545 stellen.

1470 1536 1663 1596 London,
1697 1537 1752 1597 den
1792 1539 1858 1599 26.
1886 1539 1974 1599 Jun.

1276 1580 1347 1640 Die
1366 1584 1535 1644 Franzosen
1560 1587 1651 1647 sollen
1676 1587 1699 1647 in
1724 1587 1808 1647 ihrer
1846 1588 2002 1648 Fischerey
2040 1586 2069 1646 zu
2100 1584 2202 1644 Terre

1226 1631 1342 1691 Neuve
1375 1634 1449 1694 über
1476 1631 1539 1691 700
1577 1636 1678 1696 große
1710 1637 1768 1697 und
1801 1637 1895 1697 kleine
1928 1634 2135 1694 Fahrzeuge,
2157 1634 2204 1694 die

1228 1682 1286 1742 von
1313 1685 1449 1745 Kriegs=
1465 1684 1523 1744 und
1550 1688 1681 1748 kleinern
1708 1688 1849 1748 Schiffen
1876 1687 1997 1747 bedeckt
2013 1685 2092 1745 sind,
2108 1685 2208 1745 brau¬

1232 1733 1318 1793 chen.

1392 1734 1459 1794 Den
1506 1737 1612 1797 21sten
1659 1739 1805 1799 erhielten
1846 1737 1896 1797 die
1931 1738 2060 1798 hiesigen
2101 1736 2207 1796 Buch=

1231 1784 1361 1844 händler
1394 1784 1513 1844 Wilson
1557 1786 1621 1846 und
1655 1787 1725 1847 Fell
1752 1787 1795 1847 ein
1845 1786 1969 1846 Decret
2002 1785 2056 1845 zur
2089 1785 2213 1845 Verur¬

1229 1828 1369 1888 theilung
1408 1828 1434 1888 in
1473 1830 1537 1890 eine
1560 1831 1732 1891 Geldbusse
1765 1834 1819 1894 von
1852 1831 1916 1891 600
1950 1831 2062 1891 Pfund
2096 1831 2209 1891 Sterl.

1230 1871 1316 1931 gegen
1345 1870 1388 1930 die
1412 1874 1661 1934 Staatsboten,
1686 1876 1795 1936 welche
1825 1876 1872 1936 sich
1902 1877 1954 1937 vor
1978 1879 2098 1939 einiger
2127 1878 2208 1938 Zeit,

1227 1912 1285 1972 auf
1301 1914 1502 1974 Vermuthen
1537 1921 1590 1981 daß
1621 1921 1733 1981 selbige
1763 1922 1811 1982 den
1847 1922 2003 1982 Monitor
2034 1922 2087 1982 ans
2122 1924 2205 1984 Licht

1225 1960 1362 2020 gestellet
1372 1960 1494 2020 hatten,
1505 1966 1652 2026 derselben
1677 1969 1838 2029 Schriften
1863 1972 2069 2032 bemächtiget
2085 1972 2202 2032 hatten.

1459 2008 1655 2068 Dublin,
1680 2009 1737 2069 vom
1781 2011 1843 2071 12.
1872 2014 1963 2074 Jun.

1277 2049 1341 2109 Aus
1367 2049 1487 2109 Cloane
1513 2050 1538 2110 in
1564 2052 1613 2112 der
1639 2052 1825 2112 Grafschaft
1846 2055 1951 2115 Leitrin
1982 2058 2017 2118 ist
2038 2058 2133 2118 alhier
2153 2058 2198 2118 die

1225 2097 1393 2157 Nachricht
1415 2097 1647 2157 eingegangen,
1674 2100 1727 2160 daß
1764 2100 1816 2160 der
1843 2103 1964 2163 dortige
1996 2103 2101 2163 hitzige
2128 2105 2196 2165 Pö¬

1227 2145 1275 2205 bel
1297 2145 1379 2205 einen
1406 2145 1553 2205 Aufruhr
1575 2148 1711 2208 erreget,
1739 2151 1798 2211 und
1821 2151 1923 2211 einige
1952 2154 2093 2214 Königl.
2121 2156 2207 2216 Zoll¬

1226 2193 1364 2253 bediente
1386 2192 1443 2252 und
1470 2196 1539 2256 eine
1555 2199 1703 2259 Parthey
1730 2202 1915 2262 Soldaten,
1937 2202 1984 2262 die
2006 2205 2032 2265 in
2054 2205 2101 2265 der
2123 2202 2202 2262 Aus¬

1229 2243 1367 2303 führung
1395 2241 1478 2301 ihrer
1507 2246 1628 2306 Pflicht
1657 2249 1800 2309 begriffen
1835 2252 1967 2312 waren,
2001 2252 2195 2312 angegriffen

1226 2291 1297 2351 hat.
1339 2288 1409 2348 Die
1439 2290 1556 2350 letztern
1593 2298 1651 2358 sind
1687 2300 1816 2360 hierauf
1846 2305 2035 2365 genöthiget
2059 2303 2188 2363 gewesen

1229 2339 1321 2399 Feuer
1343 2336 1368 2396 zu
1400 2338 1513 2398 geben,
1534 2345 1679 2405 wodurch
1717 2345 1731 2405 3
1753 2349 1913 2409 Personen
1950 2353 2105 2413 getödtet,
2136 2351 2193 2411 und

1223 2384 1434 2444 verschiedene
1470 2392 1586 2452 andere
1617 2397 1789 2457 gefährlich
1835 2400 2026 2460 verwundet
2057 2396 2203 2456 worden.

1225 2432 1298 2492 Von
1330 2432 1378 2492 der
1398 2435 1526 2495 hiesigen
1558 2443 1724 2503 Dubliner
1755 2446 1909 2506 Societät
1934 2446 1970 2506 ist
1996 2446 2044 2506 den
2082 2443 2186 2503 31sten

1231 2479 1310 2539 May
1342 2480 1515 2540 einmüthig
1540 2490 1719 2550 beschlossen
1744 2493 1892 2553 worden,
1912 2491 1967 2551 daß
2005 2491 2053 2551 die
2073 2491 2202 2551 Errich=

1220 2527 1297 2587 tung
1327 2527 1409 2587 eines
1439 2535 1634 2595 öffentlichen
1664 2540 1919 2600 Waarenlagers
1949 2539 1972 2599 in
2008 2539 2055 2599 der
2085 2539 2197 2599 Stadt

1228 2575 1347 2635 Dublin
1378 2578 1468 2638 unter
1487 2581 1534 2641 den
1566 2590 1710 2650 nöthigen
1741 2584 2000 2644 Anordnungen,
2025 2587 2072 2647 zum
2115 2587 2199 2647 Ver=

1224 2622 1312 2682 kaufe
1340 2623 1384 2683 der
1406 2623 1433 2683 in
1467 2633 1594 2693 Irland
1623 2635 1815 2695 verfertigten
1849 2633 2104 2693 Seidenwaaren
2132 2635 2181 2695 von

1223 2669 1317 2729 dieser
1345 2672 1556 2732 Gesellschaft
1583 2682 1827 2742 aufgemuntert
1848 2676 1879 2736 zu
1912 2679 2033 2739 werden
2076 2681 2197 2741 verdie¬

1218 2718 1277 2778 ne.
1323 2721 1458 2781 Ferner,
1484 2728 1539 2788 daß
1565 2732 1609 2792 die
1635 2726 1826 2786 Errichtung
1852 2724 1931 2784 eines
1957 2727 2067 2787 solchen
2093 2724 2193 2784 Waa¬

1227 2771 1387 2831 renlagers
1410 2775 1504 2835 dieser
1527 2781 1682 2841 Societät
1705 2777 1749 2837 die
1766 2775 1955 2835 wirksamste
1978 2778 2039 2838 und
2067 2775 2200 2835 füglich=
