2479 3508
241 339 353 399 licher,
369 339 417 399 als
444 339 491 399 den
524 339 726 399 Voreltern;
753 339 811 399 und
844 339 934 399 unser
961 339 1094 399 Dichter
1121 339 1158 399 ist
1180 340 1259 400 viel¬

242 388 334 448 leicht
362 387 449 447 mehr
482 386 701 446 Horazisch
740 384 788 444 als
822 389 1122 449 Pindarisch,
1156 389 1248 449 wenn

251 437 320 497 man
347 434 427 494 schon
454 434 534 494 diese
556 434 635 494 zwey
662 431 757 491 völlig
785 437 1137 497 ungleichartige
1159 437 1259 497 Dich¬

254 482 295 542 ter
316 482 606 542 zusammenpassen
638 482 704 542 soll.
757 482 855 542 Denn
881 483 954 543 was
980 485 1047 545 sagt
1063 487 1166 547 Horaz
1192 488 1243 548 von

256 533 412 593 Pindars
442 533 649 593 Odenquell;
674 531 734 591 und
761 533 871 593 warum
911 536 967 596 gab
993 536 1022 596 es
1053 536 1077 596 in
1114 536 1164 596 der
1189 535 1259 595 Rö¬

252 580 377 640 mischen
405 579 551 639 Sprache
579 580 660 640 keine
688 583 950 643 Griechische
972 585 1250 645 Dithyramben?

256 631 292 691 ob
318 628 354 688 sie
375 628 468 688 gleich
495 631 551 691 auf
572 630 623 690 der
650 631 738 691 einen
769 631 867 691 Seite
899 632 950 692 den
982 633 1121 693 Vater
1153 633 1261 693 Bac¬

251 679 376 739 chus,
398 679 458 739 auf
479 679 534 739 der
555 679 671 739 andern
712 679 757 739 die
788 682 976 742 rasende
1002 682 1163 742 Salier
1194 682 1254 742 und

256 727 421 787 Galler
448 730 581 790 hatten,
603 727 660 787 von
691 730 784 790 denen
821 730 966 790 Catull
987 728 1018 788 in
1054 730 1152 790 seiner
1179 730 1261 790 Be¬

251 778 485 838 recynthia
524 778 627 838 einige
649 778 758 838 Züge,
780 781 954 841 (vielleicht
982 778 1041 838 von
1074 778 1161 838 einer
1183 777 1259 837 Rö¬

250 825 428 885 mischen
468 822 719 882 Dithyrambe)
754 825 865 885 giebt.
934 828 1107 888 Füglicher
1146 825 1257 885 könnte

259 875 359 935 man,
385 875 420 935 da
456 873 486 933 in
527 873 602 933 allen
649 873 871 933 Enthusiasten
912 876 1049 936 einerley
1084 876 1170 936 Ader
1211 876 1266 936 ra¬

254 923 326 983 set,
347 923 399 983 den
431 924 707 984 Dithyramben,
733 924 790 984 aus
816 922 868 982 der
890 922 1066 982 Cassandra
1093 924 1144 984 des
1171 921 1269 981 Lyko¬

256 970 412 1030 phrons,
438 972 498 1032 und
524 972 573 1032 den
604 972 725 1032 ältesten
756 971 1069 1031 morgenländischen
1100 972 1251 1032 Dichtern

260 1014 412 1074 ersetzen.
442 1018 451 1078 —
513 1015 527 1075 —

578 1018 652 1078 Der
674 1019 786 1079 vorige
808 1019 985 1079 Maasstab
1017 1019 1071 1079 aus
1103 1019 1157 1079 dem
1200 1017 1263 1077 Ho¬

256 1067 315 1127 raz
338 1064 413 1124 wird
441 1064 561 1124 darauf
583 1064 637 1124 (p.
648 1068 686 1128 7)
708 1070 729 1130 in
763 1067 773 1127 3
796 1067 882 1127 Zolle
905 1064 1057 1124 getheilt;
1085 1067 1176 1127 allein
1204 1066 1263 1126 im¬

272 1122 337 1182 mer
356 1118 427 1178 fehlt
446 1118 493 1178 das
519 1120 752 1180 Tanzmäßige,
766 1121 909 1181 sinnliche
928 1118 1264 1178 d.uραt.

261 1166 335 1226 Die
362 1168 654 1228 Dithyrambische
681 1166 856 1226 Kühnheit
884 1169 962 1229 kann
996 1166 1154 1226 vielleicht
1182 1168 1266 1228 nicht

261 1216 319 1276 von
352 1216 463 1276 allen
506 1216 617 1276 großen
650 1216 893 1276 Gegenstanden
921 1216 952 1276 z.
974 1216 1016 1276 E.
1043 1216 1090 1276 dem
1133 1213 1266 1273 Erstau¬

259 1267 472 1327 nensvollen,
489 1267 733 1327 hergenommen
766 1267 861 1327 seyn:
889 1267 920 1327 da
953 1267 995 1327 ein
1022 1267 1208 1327 Bacchant,
1230 1264 1261 1324 ei

265 1318 338 1378 mag
371 1318 461 1378 nun,
493 1318 556 1378 wie
583 1318 657 1378 ihre
684 1318 858 1378 Erfinder,
892 1318 949 1378 vor
982 1318 1029 1378 dem
1078 1318 1257 1378 bäurischen

270 1365 447 1425 Weinkrug
481 1366 593 1426 sitzen,
616 1367 686 1427 oder
719 1366 772 1426 vor
805 1369 858 1429 dem
903 1369 994 1429 Altar
1027 1369 1070 1429 ein
1103 1371 1259 1431 cyklischen

272 1413 399 1473 Tänzer
421 1416 515 1476 seyn,
543 1416 625 1476 nicht
643 1416 725 1476 jeden
753 1416 885 1476 Schritt
908 1417 963 1477 mit
985 1418 1084 1478 offnem
1129 1417 1256 1477 Munde

262 1467 392 1527 staunen
427 1464 528 1524 kann.
580 1468 648 1528 Ist
672 1465 733 1525 also
769 1464 813 1524 die
842 1467 950 1527 Wahl
974 1467 1030 1527 der
1053 1469 1189 1529 Plane,
1212 1467 1263 1527 die

256 1513 332 1573 blos
366 1515 627 1575 Bewunderung
666 1515 861 1575 ausdrücken
906 1515 1069 1575 sollen,
1097 1516 1178 1576 nicht
1206 1516 1265 1576 un¬

265 1563 544 1623 dithyrambisch?
613 1563 704 1623 Was
756 1564 835 1624 geht
882 1563 967 1623 einem
1030 1566 1167 1626 Säufer
1214 1563 1258 1623 die

270 1612 480 1672 Belagerung
529 1608 696 1668 Wiens,
740 1610 794 1670 die
837 1610 1026 1670 Abreißung
1076 1610 1243 1670 Siciliens

261 1659 336 1719 an?
397 1658 462 1718 und
508 1655 568 1715 wie
610 1655 680 1715 viel
721 1654 847 1714 leichter
893 1655 978 1715 hätte
1024 1652 1079 1712 der
1120 1654 1261 1714 Dichter

259 1704 305 1764 die
342 1700 477 1760 übrigen
519 1702 675 1762 ebenfalls
722 1700 794 1760 noch
837 1700 997 1760 entfernte
1029 1700 1263 1760 Gegenstände

268 1748 327 1808 von
362 1749 410 1809 der
435 1746 538 1806 Seite
558 1745 612 1805 des
637 1745 838 1805 Bacchanten
878 1748 1005 1808 ansehen
1040 1746 1192 1806 können?

269 1794 343 1854 Bey
381 1796 433 1856 dem
476 1793 608 1853 zweyten
646 1793 762 1853 Punkt
795 1793 842 1853 der
874 1794 1075 1854 Schreibart
1113 1796 1186 1856 muß
1229 1793 1266 1853 sie

260 1845 347 1905 nicht
375 1842 440 1902 blos
473 1843 675 1903 harmonisch
709 1846 774 1906 voll
797 1846 982 1906 rauschen,
1005 1846 1136 1906 sondern
1169 1846 1273 1906 melo¬

268 1894 341 1954 disch
364 1894 494 1954 herab
517 1894 692 1954 rauschen,
727 1896 806 1956 nicht
835 1897 908 1957 über
937 1899 1038 1959 Stock
1068 1898 1124 1958 und
1158 1897 1254 1957 Stein

261 1945 397 2005 rasseln,
419 1945 478 2005 und
506 1945 561 2005 alle
588 1947 653 2007 drey
681 1945 795 2005 Worte
817 1948 1018 2008 auffahren:
1052 1948 1269 2008 deuoluantur

264 1993 384 2053 könnte
405 1995 469 2055 man
501 1997 616 2057 sagen,
642 1996 732 2056 wenn
763 1996 828 2056 man
864 1998 1004 2058 wörtlich
1040 1998 1105 2058 seyn
1146 1999 1266 2059 wollte.

259 2046 435 2106 Vielleicht
457 2043 544 2103 wäre
576 2046 643 2106 auch
675 2046 809 2106 drittens
846 2044 892 2104 die
924 2046 1069 2106 Versart
1101 2043 1152 2103 des
1179 2046 1267 2106 Ver¬

270 2097 401 2157 fassers,
419 2097 467 2157 die
485 2096 534 2156 sich
557 2096 628 2156 nach
656 2096 705 2156 den
739 2094 855 2154 Oden
889 2094 938 2154 des
966 2094 1121 2154 Pindars
1143 2092 1253 2152 richtet

262 2145 345 2205 nicht
379 2145 446 2205 blos
485 2145 518 2205 zu
552 2145 724 2205 mühsam,
759 2142 830 2202 blos
870 2142 975 2202 lyrisch
1010 2144 1070 2204 und
1110 2142 1266 2202 undithy.

264 2190 455 2250 rambisch,
491 2193 620 2253 sondern
657 2193 703 2253 dem
755 2190 998 2250 Dithyramben
1035 2193 1127 2253 völlig
1164 2190 1267 2250 entge¬

264 2240 348 2300 gen;
375 2237 465 2297 wenn
497 2236 523 2296 er
545 2237 592 2297 sich
619 2236 704 2296 nicht
725 2237 852 2297 hernach
879 2240 969 2300 selbst
980 2243 1170 2303 weitläuftig
1197 2240 1266 2300 drü¬

269 2286 318 2346 ber
344 2282 592 2342 entschuldigte,
623 2284 677 2344 und
708 2282 769 2342 also
795 2282 845 2342 das
870 2290 1022 2350 geleistete
1053 2291 1148 2351 lieber
1179 2288 1269 2348 mes¬

268 2336 330 2396 sen
359 2333 404 2393 als
433 2333 570 2393 wågen
599 2330 683 2390 laßen
713 2330 831 2390 wollte.
884 2339 929 2399 In
958 2339 1031 2399 allen
1060 2339 1146 2399 ihren
1175 2336 1270 2396 Thei¬

266 2384 309 2444 len
342 2384 396 2444 soll
419 2381 494 2441 diese
516 2378 728 2438 Sammlung
756 2380 798 2440 ein
821 2383 945 2443 Ganzes
973 2390 1185 2450 ausmachen,
1202 2387 1261 2447 und

263 2437 350 2497 durch
377 2432 592 2492 Verbindung
625 2426 668 2486 der
694 2430 948 2490 Handlung,
962 2435 1019 2495 des
1038 2439 1171 2499 Ortes
1197 2436 1253 2496 und

263 2483 313 2543 der
337 2483 427 2543 Zeit
445 2482 536 2542 wäre
553 2478 621 2538 dies
645 2476 752 2536 leicht,
781 2476 838 2536 und
867 2481 992 2541 alsdenn
1027 2485 1146 2545 freylich
1169 2485 1248 2545 schön

258 2533 421 2593 gewesen.
484 2530 587 2590 Allein
624 2527 691 2587 hier
722 2524 764 2584 ist
789 2524 813 2584 ja
844 2524 899 2584 bey
930 2530 1070 2590 wenigen
1107 2536 1253 2596 Stücken

268 2581 343 2641 kaum
384 2581 435 2641 der
454 2581 651 2641 einzelne
676 2573 902 2633 Standpunkt
926 2579 1088 2639 bemerkt,
1118 2582 1170 2642 oft
1194 2584 1262 2644 ver¬

262 2632 387 2692 gessen,
413 2632 475 2692 und
501 2631 570 2691 noch
596 2629 670 2689 öfter
696 2626 847 2686 verfehlt,
873 2626 922 2686 den
954 2626 1016 2686 doch
1042 2632 1193 2692 Pindar,
1218 2632 1243 2692 in

1296 339 1377 399 seine
1401 339 1511 399 Oden
1540 342 1563 402 so
1581 342 1656 402 gar,
1668 344 1743 404 recht
1761 342 1923 402 sorgfältig
1947 344 2005 404 und
2029 345 2075 405 oft
2093 350 2214 410 vielfach
2238 352 2301 412 ein¬

1298 388 1408 448 webt:
1433 386 1463 446 so
1489 389 1543 449 daß
1569 389 1614 449 ein
1640 392 1770 452 neuerer
1796 392 2032 452 Vergleicher“
2062 392 2112 452 der
2143 396 2218 456 alten
2259 401 2303 461 ly¬

1293 437 1406 497 rischen
1437 437 1561 497 Stücke
1587 437 1679 497 einzig
1716 442 1777 502 und
1814 443 1901 503 allein
1943 442 2025 502 darin
2061 440 2112 500 des
2139 447 2293 507 Pindars

1299 485 1411 545 innern
1439 485 1617 545 Charakter
1639 488 1719 548 setzt.
1747 488 1789 548 Es
1817 490 1854 550 sey
1882 491 1978 551 dieses
2001 491 2081 551 letzte
2103 494 2173 554 oder
2195 497 2302 557 nicht:

1300 538 1325 598 so
1362 534 1470 594 mußte
1497 535 1563 595 doch
1600 536 1687 596 jeder
1714 539 1946 599 Dithyrambe
1972 542 2044 602 eben
2081 545 2205 605 daher,
2236 545 2298 605 und

1293 583 1375 643 nicht
1397 583 1454 643 aus
1486 583 1537 643 dem
1584 586 1777 646 nüchternen
1814 589 1954 649 Evan!
1981 591 2120 651 Evoe!
2158 594 2215 654 sein
2252 594 2303 654 Le¬

1290 632 1348 692 ben
1380 634 1597 694 hernehmen.
1672 637 1725 697 Ja
1757 637 1831 697 kann
1868 637 1900 697 es
1933 637 2022 697 wohl
2049 640 2091 700 ein
2129 641 2303 701 Bacchi¬

1300 681 1407 741 sches
1429 682 1541 742 Ganze
1568 682 1660 742 seyn,
1686 682 1716 742 da
1743 682 1840 742 dieser
1872 688 1943 748 kaum
1985 688 2144 748 zweymal
2170 694 2299 754 wesent¬

1296 729 1381 789 lich,
1409 730 1490 790 sonst
1518 730 1626 790 müßig
1659 730 1729 790 oder
1757 733 1815 793 gar
1843 736 1956 796 widrig
2000 739 2168 799 erscheint.
2239 740 2292 800 So

1298 778 1437 838 taumelt
1458 778 1478 838 in
1509 778 1560 838 dem
1597 778 1731 838 zweyten
1762 781 1865 841 Stück
1891 783 1937 843 die
1958 786 2112 846 Mänade
2134 786 2190 846 vom
2221 787 2303 847 Wa¬

1294 829 1354 889 gen
1383 825 1432 885 des
1460 826 1571 886 Evans
1599 828 1621 888 in
1655 828 1699 888 die
1716 828 1876 888 Kindheit
1899 831 1948 891 der
1966 834 2054 894 Welt
2072 838 2204 898 zurück;
2227 840 2304 900 sieht

1295 876 1398 936 Aetna
1424 876 1486 936 und
1512 876 1656 936 Riesen,
1693 876 1863 936 (vielleicht
1895 879 1967 939 aber
1998 885 2081 945 nicht
2107 885 2169 945 mit
2185 887 2298 947 Wein¬

1297 924 1475 984 glühenden
1511 924 1643 984 Augen)
1661 924 1718 984 und
1748 927 1874 987 vergißt
1892 925 1932 985 sich
1962 930 2077 990 endlich
2101 936 2129 996 zu
2158 936 2296 996 fragen:

1333 968 1430 1028 Welch
1463 972 1506 1032 ein
1545 975 1685 1035 Streit,
1713 975 1728 1035 o
1761 972 1896 1032 Liber!"
1940 975 2059 1035 Dieser
2092 981 2140 1041 den
2174 984 2303 1044 Augen¬

1296 1016 1372 1076 blick
1394 1019 1613 1079 Aeonenweit
1630 1022 1810 1082 entfernte,
1843 1022 1914 1082 muß
1953 1022 2018 1082 hier
2052 1026 2122 1086 noch
2155 1028 2183 1088 im
2222 1028 2303 1088 Wa¬

1301 1067 1358 1127 gen
1385 1064 1496 1124 sitzen;
1523 1068 1580 1128 und
1607 1070 1655 1130 als
1682 1070 1707 1130 er
1734 1070 1781 1130 ihn
1809 1072 1898 1132 gleich
1930 1070 2025 1130 drauf
2047 1072 2072 1132 im
2105 1078 2300 1138 Löwenpan¬

1293 1114 1347 1174 zer
1369 1112 1423 1172 von
1452 1115 1609 1175 ungefehr
1632 1118 1735 1178 sieht:
1758 1121 1790 1181 so
1812 1121 1959 1181 erinnert
1981 1119 2013 1179 er
2031 1121 2112 1181 sich,
2134 1124 2189 1184 daß
2216 1127 2292 1187 Zevs

1299 1157 1467 1217 Gewitter
1492 1161 1621 1221 geredet
1646 1165 1756 1225 habe,
1781 1169 1843 1229 und
1878 1169 2060 1229 Bacchus,
2085 1172 2137 1232 der
2166 1172 2296 1232 damals

1304 1206 1330 1266 so
1363 1207 1563 1267 kriegerische
1591 1209 1742 1269 Bacchus
1775 1216 2018 1276 verschwindet.
2068 1219 2143 1279 Wie
2176 1220 2300 1280 schlecht

1300 1252 1336 1312 ist
1357 1255 1424 1315 hier
1445 1255 1492 1315 die
1513 1255 1637 1315 Ideale
1659 1258 1721 1318 mit
1737 1258 1788 1318 der
1810 1263 1970 1323 sinnlichen
2007 1267 2210 1327 Gegenwart
2236 1270 2303 1330 ver¬

1302 1303 1469 1363 wechselt?
1499 1303 1515 1363 -

1561 1306 1641 1366 Die
1667 1309 1773 1369 Noten
1799 1312 2057 1372 charakterisiren
2088 1317 2184 1377 weder
2210 1321 2290 1381 einen

1294 1360 1539 1420 Dithyramben
1573 1359 1723 1419 Dichter,
1741 1360 1807 1420 noch
1836 1363 1941 1423 Leser.
1964 1363 2120 1423 Pindars
2138 1366 2304 1426 Sonnen¬

1293 1407 1378 1467 adler
1400 1410 1458 1470 flog
1486 1407 1570 1467 nicht
1593 1410 1779 1470 Stoßweise
1801 1412 1854 1472 und
1876 1413 1977 1473 dorfte
1993 1413 2073 1473 nicht
2090 1416 2207 1476 immer
2224 1416 2292 1476 nach

1294 1458 1386 1518 gutem
1419 1457 1539 1517 Winde
1561 1459 1615 1519 auf
1637 1459 1714 1519 seine
1731 1461 1844 1521 Flügel
1861 1463 2008 1523 herunter
2031 1465 2145 1525 sehen;
2178 1467 2237 1527 und
2254 1467 2303 1527 ra¬

1293 1506 1381 1566 sende
1407 1505 1563 1565 Griechen
1594 1509 1714 1569 wollten
1746 1509 1829 1569 nicht
1850 1511 1933 1571 jeden
1965 1512 2048 1572 Takt
2069 1515 2131 1575 eine
2158 1515 2303 1575 Predigt

1293 1554 1404 1614 hören.
1426 1551 1437 1611 —
1491 1555 1721 1615 Ueberhaupt,
1743 1558 1827 1618 wenn
1860 1560 1908 1620 der
1935 1562 2116 1622 Nordische
2138 1566 2298 1626 Deutsche

1295 1602 1379 1662 nicht
1401 1599 1454 1659 zur
1470 1604 1772 1664 Dithyrambischen
1800 1606 2022 1666 Empfindung
2049 1610 2075 1670 zu
2102 1613 2181 1673 kalt,
2198 1613 2223 1673 zu
2251 1613 2298 1673 ih¬

1294 1643 1346 1703 rem
1380 1643 1528 1703 Gesange
1547 1646 1599 1706 von
1629 1647 1657 1707 zu
1682 1649 1829 1709 schwerer
1849 1652 1969 1712 Zunge,
1988 1654 2045 1714 und
2065 1655 2093 1715 zu
2118 1658 2198 1718 ihrer
2218 1658 2299 1718 Mu¬

1302 1690 1335 1750 sik
1355 1688 1412 1748 gar
1436 1688 1464 1748 zu
1494 1688 1632 1748 eintönig
1662 1691 1747 1751 sind:
1786 1694 1838 1754 wo
1868 1694 1939 1754 ihre
1964 1698 2140 1758 Stimme:
2175 1704 2299 1764 Evan!

1293 1735 1375 1795 nicht
1402 1736 1470 1796 blos
1496 1736 1537 1796 ein
1564 1737 1720 1797 Geschrey
1747 1739 1793 1799 des
1814 1742 1959 1802 schweren
1991 1745 2163 1805 Straußes
2190 1751 2298 1811 wäre:

1294 1784 1337 1844 ich
1366 1787 1432 1847 will
1454 1787 1504 1847 zur
1533 1788 1654 1848 Sonne
1677 1787 1755 1847 hin!
1778 1787 1793 1847 —
1844 1790 1871 1850 so
1900 1793 2010 1853 müßte
2028 1799 2216 1859 wenigstens
2245 1800 2294 1860 ihr

1297 1837 1524 1897 Dithyrambe
1542 1840 1576 1900 am
1622 1842 1873 1902 Gegenstande,
1902 1846 1963 1906 Art
1987 1846 2038 1906 der
2067 1850 2289 1910 Empfindung

1295 1888 1358 1948 und
1386 1889 1449 1949 Ton
1481 1891 1534 1951 des
1561 1891 1746 1951 Ausdrucks
1768 1894 1857 1954 ihnen
1890 1894 1979 1954 völlig
2007 1897 2123 1957 eigen,
2150 1901 2208 1961 und
2240 1901 2287 1961 ihr

1300 1939 1454 1999 Arion,
1476 1942 1523 2002 der
1544 1942 1692 2002 vielleicht
1714 1942 1825 2002 irgend
1847 1945 1867 2005 in
1900 1945 1984 2005 einem
2022 1945 2287 2005 wollüstigen

1298 1987 1484 2047 Corinth
1511 1992 1707 2052 aufstünde,
1733 1993 1774 2053 ein
1801 1993 1987 2053 besonderes
2014 1993 2174 2053 Original
2200 1996 2298 2056 seyn:

1298 2040 1325 2100 so
1348 2037 1408 2097 wie
1431 2037 1475 2097 die
1498 2037 1648 2097 Griechen
1676 2040 1725 2100 die
1743 2040 1942 2100 Fähigkeiten
1965 2043 2031 2103 nach
2060 2043 2109 2103 der
2132 2043 2298 2103 Dithy¬

1290 2086 1551 2146 rambischen
1591 2088 1693 2148 Seele
1722 2088 1950 2148 bestimmten,
1978 2091 2038 2151 und
2071 2093 2125 2153 das
2153 2095 2300 2155 Sprich¬

1300 2144 1382 2204 wort
1406 2144 1595 2204 brauchten:
1620 2137 1926 2197 Aνρανοοi
2070 2145 2151 2205 Syet
2170 2151 2287 2211 eat-

1638 2193 1736 2253 Doch
1763 2199 1840 2259 alles
1872 2199 1939 2259 dies
1976 2202 2038 2262 sind
2070 2208 2142 2268 blos
2169 2211 2283 2271 Flecken

1299 2199 1417 2259 rove)

1296 2249 1346 2309 des
1374 2246 1792 2306 Dithyrambensängers,
1826 2246 1909 2306 nicht
1938 2248 1987 2308 des
2016 2252 2172 2312 Dichters
2200 2258 2300 2318 über¬

1299 2299 1429 2359 haupt,
1458 2297 1514 2357 und
1537 2294 1672 2354 möchten
1701 2295 1768 2355 auch
1791 2294 1875 2354 nicht
1893 2294 1938 2354 die
1961 2299 2158 2359 Mänaden,
2187 2303 2232 2363 die
2261 2304 2288 2364 er

1300 2348 1325 2408 im
1367 2347 1455 2407 10ten
1481 2342 1585 2402 Stück
1606 2342 1746 2402 verläßt;
1772 2346 1802 2406 so
1824 2345 1932 2405 wollen
1959 2342 2015 2402 wir
2037 2348 2124 2408 doch,
2140 2348 2171 2408 zu
2192 2351 2285 2411 denen

1296 2393 1322 2453 er
1350 2396 1458 2456 zurück
1486 2392 1600 2452 kehrt,
1623 2391 1671 2451 ihm
1710 2396 1927 2456 zuklatschen,
1955 2393 2015 2453 und
2037 2396 2113 2456 statt
2130 2399 2178 2459 des
2206 2404 2281 2464 alten

1297 2442 1604 2502 Dithyrambischen
1635 2443 1797 2503 Preises,
1822 2445 1869 2505 ihm
1912 2443 1936 2503 zu
1973 2445 2069 2505 seiner
2093 2452 2292 2512 Daphne,

1300 2492 1361 2552 mit
1379 2491 1429 2551 der
1453 2489 1480 2549 er
1504 2486 1600 2546 davon
1629 2491 1707 2551 eilt,
1731 2494 1832 2554 Glück
1861 2492 2053 2552 wünschen!
2105 2500 2224 2560 Kosten
2258 2503 2280 2563 in

1299 2542 1348 2602 der
1382 2539 1588 2599 Kanterschen
1627 2545 1888 2605 Buchhandlung
1922 2545 2038 2605 allhier
2067 2546 2128 2606 wie
2156 2553 2227 2613 auch
2261 2551 2283 2611 in

1303 2590 1420 2650 Elbing
1445 2590 1507 2650 und
1532 2587 1643 2647 Mitau
1676 2590 1687 2650 1
1712 2594 1749 2654 fl.

304 2694 414 2754 XA.
427 2703 469 2763 F.
476 2700 720 2760 Ruckersfelder
752 2696 947 2756 Comment.
972 2697 1008 2757 de
1034 2702 1168 2762 canticis
1193 2706 1290 2766 sacris
1323 2705 1352 2765 ex
1384 2703 1481 2763 genio
1513 2701 1647 2761 Pindari
1672 2708 1702 2768 in
1727 2709 1855 2769 Sylloge
1881 2709 2064 2769 Comment.
2077 2712 2101 2772 et
2120 2712 2285 2772 obseruat.

370 2753 490 2813 Philol.
538 2751 717 2811 Auentriae
752 2751 874 2811 1762,
898 2751 978 2811 8vo.
