2479 3508
264 377 442 437 vermacht;
470 377 524 437 dem
563 377 687 437 Herzog
715 375 769 435 von
808 377 1014 437 Penthievre
1042 377 1112 437 eine
1145 380 1259 440 gleiche

264 428 415 488 Summe
435 427 490 487 auf
516 425 728 485 Lebenszeit;
754 422 804 482 dem
840 425 1017 485 Marschall
1032 426 1173 486 Prinzen
1199 428 1254 488 von

264 476 413 536 Soubise
435 473 477 533 die
504 471 722 531 Glasfabrike
744 473 776 533 zu
803 473 898 533 Seve
926 476 1011 536 nebst
1033 476 1117 536 ihren
1150 476 1272 536 Mobi¬

267 527 349 587 lien,
375 522 467 582 unter
488 521 534 581 der
561 524 787 584 Bedingung,
803 522 849 582 als
880 525 1040 585 Executor
1061 527 1267 587 Testamenti

266 577 292 637 zu
319 572 461 632 besorgen
504 572 557 632 daß
584 572 632 632 die
653 575 764 635 Legata
791 575 849 635 und
876 575 1072 635 Schulden,
1105 575 1157 635 die
1189 575 1258 635 man

271 622 328 682 auf
352 620 414 680 eine
438 622 576 682 Million
618 622 744 682 schätzt,
762 622 894 682 gehörig
929 622 1102 682 abgeführt
1126 622 1275 682 werden,

272 671 333 731 und
360 670 452 730 dabey
478 670 504 730 in
530 670 685 730 streitigen
716 670 845 730 Dingen
876 670 922 730 den
955 670 1057 730 Herrn
1089 671 1202 731 Bertin
1233 673 1264 733 zu

272 721 380 781 Rathe
402 721 427 781 zu
459 718 588 778 ziehen;
620 718 785 778 Madame
807 718 1076 778 d'Amblimont,
1103 721 1165 781 eine
1186 720 1274 780 Gar¬

267 769 357 829 nitur
378 769 579 829 Diamanten
605 767 660 827 von
686 766 792 826 20000
823 766 924 826 Rthl.
939 768 969 828 an
1000 769 1151 829 Werth;
1177 769 1252 829 Dem

272 819 393 879 Herzog
426 816 483 876 und
516 814 568 874 der
595 814 753 874 Herzogin
792 816 844 876 von
881 816 1056 876 Choiseul,
1078 817 1162 877 jedem
1205 815 1273 875 eine

271 867 398 927 goldene
431 864 548 924 Dose,
586 864 783 924 desgleichen
826 864 895 924 auch
938 863 986 923 die
1013 867 1172 927 Herzogin
1210 863 1268 923 von

272 915 499 975 Grammont,
525 912 695 972 Madame
721 912 773 972 von
799 912 1083 972 Chateauremond
1109 915 1171 975 und
1197 915 1279 975 Ma¬

276 966 368 1026 dame
389 965 425 1025 du
451 963 564 1023 Roure
585 963 776 1023 empfangen
812 963 884 1023 (In
910 960 962 1020 der
983 963 1101 1023 letztern
1127 963 1188 1023 war
1215 963 1271 1023 das

267 1010 404 1070 Bildniß
432 1008 481 1068 der
509 1010 762 1070 Mademoiselle
784 1008 1015 1068 Alexandrine,
1037 1010 1124 1070 einer
1141 1010 1278 1070 Tochter

274 1061 328 1121 der
369 1056 569 1116 verstorbnen
615 1056 856 1116 Marquisin.)
907 1052 982 1112 Dem
1028 1055 1178 1115 Herzoge
1208 1055 1268 1115 von

279 1104 435 1164 Gontaud
472 1103 539 1163 eine
561 1100 727 1160 prächtige
743 1100 832 1160 Uhr;
864 1100 936 1160 Der
968 1100 1182 1160 Marschallin
1214 1100 1270 1160 von

281 1152 450 1212 Mirepoix
477 1148 580 1208 zween
616 1148 750 1208 Ringe;
787 1145 895 1205 Ihrem
942 1145 1034 1205 Artzt
1055 1145 1127 1205 Hn.
1149 1145 1282 1205 Quenet

276 1203 343 1263 und
364 1200 452 1260 ihrem
494 1196 681 1256 Wundarzt
697 1196 769 1256 Hn.
790 1193 893 1253 Hevin
925 1192 1013 1252 jedem
1045 1193 1132 1253 4000
1169 1193 1278 1253 Livres

285 1252 495 1312 Leibrenten;
518 1246 605 1306 ihrem
650 1243 938 1303 Haushofmeister
960 1240 1048 1300 6000
1077 1240 1203 1300 Livres,
1232 1238 1281 1298 ih¬

276 1303 323 1363 rem
366 1300 588 1360 Stallmeister
621 1294 689 1354 eben
722 1294 753 1354 so
780 1294 859 1354 viel.
912 1294 1002 1354 Allen
1035 1293 1272 1353 Domestiquen

279 1351 490 1411 Leibrenten;
529 1348 616 1408 ihren
654 1345 926 1405 Kammerfrauen
954 1343 1025 1403 ihre
1047 1345 1177 1405 Spitzen
1216 1345 1275 1405 und

273 1399 430 1459 Kleider;
458 1396 512 1456 der
534 1396 774 1456 Magdalenen,
785 1394 834 1454 als
856 1394 943 1454 ihrer
960 1393 1182 1453 Pfarrkirche,
1210 1395 1275 1455 eine

278 1450 357 1510 schon
390 1446 532 1506 einmahl
554 1443 696 1503 bezahlte
718 1443 882 1503 Summe,
898 1442 956 1502 und
993 1443 1046 1503 dem
1083 1443 1279 1503 Capuciner¬

273 1497 384 1557 kloster
422 1494 469 1554 als
507 1494 560 1554 dem
609 1491 672 1551 Ort
699 1491 789 1551 ihres
822 1491 1061 1551 Begräbnisses
1082 1491 1151 1551 eine
1179 1491 1274 1551 andre

284 1545 450 1605 Summe.
476 1542 569 1602 Jhre
594 1541 692 1601 ganze
724 1541 996 1601 Verlassenschaft
1016 1541 1071 1601 soll
1097 1540 1146 1600 sich
1184 1542 1238 1602 auf
1258 1544 1269 1604 3

288 1596 464 1656 Millionen
498 1590 611 1650 Livres
634 1590 803 1650 betragen.

513 1682 774 1742 Warschau,
800 1681 850 1741 den
884 1679 914 1739 7.
941 1679 1048 1739 May.

334 1742 555 1802 Ohngeachtet
576 1739 645 1799 man
676 1739 731 1799 von
762 1736 812 1796 dem
848 1736 999 1796 heutigen
1025 1735 1115 1795 Tage
1146 1734 1195 1794 bey
1221 1735 1271 1795 den

284 1795 500 1855 Spaltungen
522 1790 570 1850 der
587 1787 717 1847 Großen
744 1786 771 1846 im
809 1784 901 1844 Reich
934 1784 993 1844 viel
1015 1784 1188 1844 gefurchtet
1211 1784 1280 1844 hat,

285 1843 312 1903 so
335 1842 373 1902 ist
401 1837 534 1897 dennoch
562 1837 612 1897 der
635 1835 807 1895 Reichstag
841 1836 935 1896 ruhig
970 1835 1024 1895 und
1058 1834 1197 1894 glücklich
1225 1832 1280 1892 an¬

290 1891 445 1951 gegangen
473 1888 528 1948 und
551 1888 595 1948 der
612 1888 795 1948 Marschall
807 1887 951 1947 desselben
973 1885 1128 1945 erwählet
1140 1884 1284 1944 worden.

294 1942 438 2002 Nachdem
477 1939 544 1999 Sr.
556 1938 694 1998 Durchl.
706 1937 750 1997 der
773 1938 861 1998 Fürst
878 1936 1017 1996 Primas
1039 1936 1089 1996 aus
1112 1936 1161 1996 der
1173 1934 1289 1994 Pfarr=

284 1993 395 2053 kirche,
406 1990 550 2050 woselbst
568 1990 617 2050 der
640 1984 856 2044 gewöhnliche
884 1985 1111 2045 Gottesdienst
1134 1984 1189 2044 und
1212 1983 1278 2043 eine

293 2043 431 2103 Predigt
447 2040 504 2100 vom
535 2034 968 2094 Interregnumssecretario
990 2031 1046 2091 und
1067 2031 1278 2091 Gnesenscher

282 2091 471 2151 Domherrn
494 2088 537 2148 H.
549 2088 765 2148 Szaniawski
783 2082 842 2142 war
864 2084 999 2144 gehalten
1032 2081 1179 2141 worden,
1185 2079 1206 2139 in
1223 2079 1288 2139 Be=

286 2142 424 2202 gleitung
446 2137 493 2197 der
515 2136 632 2196 Herren
659 2133 845 2193 Senatoren
873 2132 931 2192 und
953 2132 1000 2192 der
1027 2129 1202 2189 Landboten
1235 2128 1282 2188 sich

287 2189 346 2249 auf
374 2186 427 2246 das
455 2181 579 2241 Schloß
607 2181 742 2241 begeben
769 2178 905 2238 hatten,
938 2181 1100 2241 verfügten
1139 2177 1187 2237 sich
1220 2173 1289 2233 Sr.

284 2236 432 2296 Durchl.
443 2230 469 2290 in
491 2229 539 2289 den
571 2228 852 2288 Senatorensaal,
864 2226 890 2286 in
917 2229 1044 2289 welchem
1087 2228 1134 2288 der
1156 2226 1288 2286 Königl.

294 2282 471 2342 Baldachin
494 2275 623 2335 schwarz
640 2273 833 2333 überzogen,
850 2275 909 2335 und
937 2275 985 2335 der
1007 2276 1142 2336 Königl.
1153 2273 1282 2333 schwarz

290 2335 431 2395 bezogne
454 2322 567 2382 Sessel
584 2321 753 2381 rückwärts
782 2321 866 2381 unter
895 2324 940 2384 dem
986 2326 1160 2386 Baldachin
1195 2323 1217 2383 zu
1251 2322 1290 2382 se=

291 2384 342 2444 hen
371 2380 457 2440 war,
475 2376 538 2436 und
562 2368 695 2428 nachdem
736 2369 770 2429 sie
793 2370 845 2430 auf
857 2372 937 2432 einem
973 2374 1163 2434 besondern,
1181 2372 1290 2432 außer¬

291 2434 363 2494 halb
404 2430 450 2490 der
484 2426 590 2486 Reihe
625 2418 677 2478 der
705 2417 831 2477 übrigen
872 2423 1198 2483 Senatorenstühle,
1226 2420 1298 2480 seit¬

293 2479 394 2539 wärts
427 2475 464 2535 am
504 2473 644 2533 Königl.
664 2464 766 2524 Thron
805 2467 1016 2527 hingestellten
1049 2470 1164 2530 Sessel
1190 2470 1272 2530 ihren

289 2522 366 2582 Sitz
385 2521 600 2581 genommen,
630 2521 707 2581 auch
744 2514 791 2574 die
821 2514 952 2574 übrigen
989 2518 1108 2578 Herren
1138 2518 1293 2578 Senato¬

283 2577 364 2637 ves,
387 2575 480 2635 unter
515 2569 643 2629 welchen
673 2566 748 2626 Sr.
766 2565 939 2625 Erlaucht.
958 2565 1004 2625 der
1034 2569 1288 2629 Krongroßfeld¬

294 2626 390 2686 herr,
419 2618 503 2678 nebst
521 2617 667 2677 andern,
696 2617 774 2677 nicht
798 2615 927 2675 zugegen
967 2614 1102 2674 waren,
1126 2616 1176 2676 sich
1210 2616 1289 2676 gese¬

294 2675 344 2735 tzet
368 2670 502 2730 hatten,
526 2664 689 2724 ertheilten
718 2661 751 2721 sie
780 2661 831 2721 dem
883 2661 1125 2721 letztgewesenen
1154 2664 1289 2724 Reichs=

289 2720 543 2780 tagsmarschall
566 2712 612 2772 dem
653 2712 756 2772 Herrn
786 2712 1184 2772 Krongroßvorschneider
1208 2714 1288 2774 Ma¬

292 2772 488 2832 lachowski,
524 2764 587 2824 auf
617 2760 674 2820 sein
716 2756 872 2816 Gesuch,
913 2760 1289 2820 gewöhnlichermaßen,

287 2820 334 2880 die
359 2818 572 2878 Erlaubniß,
590 2811 638 2871 die
663 2805 937 2865 Landbotenstube
968 2807 997 2867 zu
1034 2811 1192 2871 eröfnen,
1223 2810 1283 2870 und

287 2872 340 2932 zur
365 2868 474 2928 Wahl
486 2864 564 2924 eines
589 2856 970 2916 Reichstagsmarschalls
1001 2855 1140 2915 schreiten
1165 2856 1194 2916 zu
1219 2858 1291 2918 kön¬

287 2922 378 2982 nen,
407 2918 539 2978 worauf
569 2911 614 2971 der
649 2909 787 2969 Senat,
816 2906 885 2966 nach
920 2906 977 2966 und
1012 2905 1115 2965 nach,
1145 2906 1207 2966 wie
1231 2905 1282 2965 ge¬

1309 383 1497 443 wöhnlich,
1523 389 1747 449 auselnander
1769 389 1883 449 gieng.

1936 386 2055 446 Dieses
2094 380 2239 440 geschahe
2271 381 2327 441 ge=

1309 434 1361 494 gen
1394 434 1435 494 11
1462 432 1525 492 Uhr
1547 437 1779 497 Vormittags.
1811 435 1858 495 Es
1885 434 1995 494 wurde
2023 431 2091 491 aber
2112 430 2180 490 noch
2208 431 2307 491 nichts

1314 482 1335 542 im
1372 482 1670 542 Landbotensaale,
1697 484 1750 544 der
1771 488 1840 548 jetzo
1868 485 1925 545 auf
1947 485 2016 545 eine
2038 482 2117 542 ganz
2139 479 2308 539 besonders

1312 533 1473 593 prächtige
1501 533 1560 593 und
1588 533 1733 593 bequeme
1755 536 1820 596 Art
1843 536 1918 596 ganz
1940 535 1993 595 neu
2021 530 2226 590 eingerichtet
2249 527 2307 587 und

1309 580 1442 640 erbauet
1474 580 1545 640 ist,
1582 583 1870 643 vorgenommen,
1912 583 1948 643 da
1984 580 2190 640 obgedachter
2232 575 2308 635 alter

1312 631 1687 691 Reichstagsmarschall
1704 631 1753 691 der
1776 633 1842 693 Hr.
1859 631 2101 691 Malachowski
2118 628 2167 688 sich
2190 626 2217 686 zu
2245 625 2311 685 Sr.

1309 673 1381 733 Erl.
1412 679 1464 739 dem
1512 679 1620 739 Herrn
1652 679 2000 739 Krongroßfeldherrn
2032 679 2203 739 begaben,
2250 673 2317 733 wo¬

1313 724 1403 784 selbst
1424 727 1621 787 verschiedne
1647 727 1829 787 Magnaten
1860 730 2067 790 versammlet
2088 727 2214 787 waren.
2250 724 2320 784 Ge¬

1312 775 1368 835 gen
1394 775 1409 835 2
1435 777 1502 837 Uhr
1529 775 1580 835 kam
1621 778 1714 838 dieser
1735 778 1802 838 Hr.
1823 778 2070 838 Malachowski
2091 777 2117 837 in
2138 775 2184 835 den
2216 772 2318 832 Land=

1313 822 1498 882 botensaal,
1531 825 1594 885 und
1621 825 1764 885 eröfnete
1791 825 1844 885 die
1872 825 2036 885 Session,
2068 825 2121 885 bey
2159 822 2206 882 der
2239 822 2307 882 bald

1318 870 1365 930 die
1387 873 1502 933 Säbel
1530 873 1661 933 gezogen
1698 876 1851 936 wurden,
1878 875 1931 935 daß
1969 875 2063 935 dieser
2090 873 2174 933 Herr
2202 870 2317 930 Mala¬

1317 921 1456 981 chowski
1477 921 1559 981 nebst
1580 921 1631 981 dem
1674 922 1761 982 Hrn.
1783 924 1932 984 General
1953 921 2191 981 Mokronoski,
2207 919 2320 979 Kron¬

1313 969 1680 1029 postadministratorn,
1702 972 1763 1032 und
1795 972 1831 1032 d.
1858 973 1898 1033 Z.
1920 970 2132 1030 Landboten,
2164 968 2215 1028 sich
2247 969 2308 1029 aus

1321 1013 1370 1073 der
1391 1016 1663 1076 Landbotenstube
1689 1019 1926 1079 wegbegeben,
1946 1019 2077 1079 worauf
2098 1017 2148 1077 der
2174 1016 2319 1076 Siradi,

1322 1061 1376 1121 sche
1407 1061 1548 1121 Starost
1574 1064 1665 1124 Herr
1691 1065 1903 1125 Kossowski,
1943 1069 1988 1129 als
2020 1065 2211 1125 Landbote,
2252 1064 2307 1124 den

1324 1106 1588 1166 Marschallsstab
1610 1109 1734 1169 ergrif,
1767 1112 1831 1172 und
1864 1115 1994 1175 nachdem
2043 1115 2091 1175 die
2124 1114 2312 1174 Eütigkeit

1321 1151 1381 1211 und
1405 1152 1633 1212 Wirksamkeit
1657 1154 1703 1214 der
1726 1156 1889 1216 doppelten
1918 1160 2127 1220 Landboten,
2160 1162 2215 1222 von
2253 1160 2299 1220 den

1318 1196 1509 1256 zweyfachen
1551 1201 1758 1261 Landtägen,
1790 1201 1841 1261 bis
1878 1204 1950 1264 nach
1992 1204 2043 1264 der
2075 1206 2183 1266 Wahl
2220 1207 2308 1267 eines

1317 1246 1412 1306 neuen
1448 1249 1645 1309 Marschalls
1681 1249 1711 1309 zu
1747 1249 1949 1309 untersuchen
1985 1252 2045 1312 und
2086 1250 2116 1310 zu
2157 1252 2303 1312 gestatten

1318 1300 1492 1360 ausgesetzt
1519 1300 1683 1360 worden,
1720 1300 1751 1360 zu
1789 1300 2001 1360 Sammlung
2038 1297 2085 1357 der
2117 1297 2313 1357 Stimmen,

1319 1351 1376 1411 auf
1406 1351 1487 1411 einen
1523 1351 1703 1411 Marschall
1727 1351 1826 1411 dieses
1850 1351 2066 1411 Reichstages
2096 1345 2218 1405 schritt.
2265 1342 2316 1402 Es

1318 1402 1386 1462 traf
1403 1402 1533 1462 hierauf
1551 1402 1596 1462 die
1619 1402 1727 1462 Wahl
1750 1402 1800 1462 zum
1846 1400 2220 1460 Reichstagsmarschall
2244 1396 2316 1456 Sr.

1318 1450 1461 1510 Durchl.
1488 1449 1535 1509 den
1573 1450 1669 1510 Fürst
1696 1452 1780 1512 Adam
1824 1453 2046 1513 Chatexyski,
2068 1449 2222 1509 General
2249 1446 2307 1506 von

1325 1501 1479 1561 Podolien
1505 1500 1566 1560 und
1598 1500 1705 1560 Ritter
1737 1500 1787 1560 des
1814 1503 1989 1563 Russischen
2020 1500 2086 1560 St.
2108 1497 2313 1557 Andreasor=

1317 1548 1401 1608 den,
1428 1548 1571 1608 einzigen
1608 1545 1709 1605 Sohn
1746 1550 1793 1610 des
1821 1550 1915 1610 Fürst
1942 1548 2101 1608 Woywod
2133 1546 2191 1606 von
2224 1545 2318 1605 Ruß¬

1318 1596 1387 1656 land
1426 1596 1647 1656 Chatoryski,
1680 1598 1956 1658 Schwiegersohn
1989 1596 2042 1656 des
2075 1596 2302 1656 Litthauischen

1321 1640 1653 1700 Großschatzmeisters
1684 1640 1916 1700 Reichsgrafen
1941 1640 1996 1700 von
2027 1643 2208 1703 Flemming
2239 1643 2299 1703 und

1316 1685 1661 1745 Großschwiegersohn
1706 1688 1760 1748 des
1800 1687 2027 1747 Litthauischen
2062 1688 2309 1748 Großkanzlers

1327 1730 1447 1790 Fürsten
1478 1733 1685 1793 Chatoryski
1700 1733 1760 1793 und
1786 1733 1902 1793 Cousin
1928 1732 2073 1792 germain
2105 1733 2150 1793 der
2176 1732 2301 1792 Grafen

1331 1781 1574 1841 Poniatowski.
1624 1784 1701 1844 Sr.
1724 1784 1867 1844 Durchl.
1895 1784 1989 1844 dieser
2018 1781 2134 1841 Fürst,
2162 1780 2311 1840 General

1326 1828 1377 1888 von
1407 1834 1598 1894 Podolien,
1628 1834 1725 1894 legten
1761 1836 1906 1896 darauf,
1935 1834 2021 1894 ohne
2052 1831 2103 1891 daß
2138 1828 2312 1888 diesesmal

1324 1880 1366 1940 die
1394 1885 1557 1945 förmliche
1590 1888 1833 1948 Niederlegung
1867 1885 1921 1945 des
1954 1882 2083 1942 Stabes
2116 1882 2176 1942 vom
2225 1881 2300 1941 alten

1322 1933 1519 1993 Marschall,
1542 1936 1649 1996 wegen
1684 1936 1774 1996 dessen
1808 1933 2057 1993 Abwesenheit,
2081 1928 2233 1988 erfolgte,
2267 1925 2312 1985 so=

1318 1985 1409 2045 gleich
1437 1983 1485 2043 den
1513 1984 1739 2044 gewöhnlichen
1773 1984 1859 2044 Eyd,
1875 1984 1918 2044 als
1940 1976 2308 2036 Reichstagsmarschall

1318 2029 1383 2089 ab,
1405 2031 1540 2091 nahmen
1573 2031 1621 2091 die
1649 2031 1919 2091 Glückswünsche
1952 2029 2016 2089 an,
2044 2026 2103 2086 und
2131 2025 2298 2085 limitirten

1320 2079 1368 2139 die
1390 2079 1519 2139 Session
1552 2080 1601 2140 bis
1634 2079 1687 2139 auf
1715 2079 1768 2139 den
1796 2079 1969 2139 Mittwoch
1991 2076 2208 2136 Vormittag,
2235 2072 2310 2132 weil

1318 2127 1442 2187 morgen
1474 2127 1530 2187 das
1562 2127 1841 2187 Stanislausfest
1868 2128 2023 2188 einfällt,
2060 2127 2189 2187 welches
2231 2121 2298 2181 auch

1317 2178 1375 2238 das
1408 2174 1625 2234 Namensfest
1653 2175 1706 2235 des
1738 2175 1834 2235 Hrn.
1855 2175 2009 2235 Stolnick
2031 2177 2153 2237 Grafen
2186 2172 2318 2232 Ponia¬

1313 2226 1434 2286 towski
1457 2226 1506 2286 ist.
1562 2223 1718 2283 Nachdem
1763 2223 1856 2283 dieses
1890 2222 2029 2282 zwischen
2063 2223 2079 2283 4
2107 2223 2168 2283 und
2196 2221 2212 2281 5
2241 2220 2306 2280 Uhr

1318 2273 1530 2333 Nachmittag
1557 2270 1668 2330 vorbey
1705 2270 1795 2330 war,
1827 2269 1917 2329 gieng
1949 2268 2028 2328 alles
2060 2267 2086 2327 in
2119 2265 2309 2325 Sicherheit

1313 2321 1371 2381 und
1393 2322 1489 2382 Ruhe
1511 2318 1750 2378 auseinander,
1767 2321 1825 2381 und
1852 2319 1916 2379 man
1943 2318 2038 2378 hoffet
2055 2315 2214 2375 fernerhin
2236 2315 2305 2375 auch

1316 2372 1429 2432 solcher
1453 2366 1702 2426 Glückseligkeit
1720 2371 1750 2431 zu
1780 2369 1945 2429 genießen.

1328 2459 1650 2519 Wechsel-Cours
1685 2455 1697 2515 &
1753 2461 1907 2521 Species
1929 2461 1968 2521 d.
1982 2461 2049 2521 17.
2070 2459 2157 2519 Mai
2178 2462 2305 2522 1764.

1319 2515 1498 2575 Amsterdam
1534 2512 1574 2572 41
1592 2512 1678 2572 Tage
1708 2518 1840 2578 418gr.
1906 2510 1945 2570 71
1963 2512 2049 2572 Tage
2086 2515 2143 2575 416
2184 2514 2235 2574 gr.

1891 2560 1902 2620 6
1928 2560 1989 2620 W.
2008 2566 2136 2626 181gr.

1321 2566 1491 2626 Hamburg
1526 2563 1607 2623 3W.
1636 2563 1765 2623 182gr.

1784 2610 1935 2670 Dantzig

1319 2612 1425 2672 Berlin

1331 2661 1465 2721 Ducaten
1494 2655 1571 2715 neue
1593 2658 1628 2718 12
1650 2659 1678 2719 fl.
1693 2664 1798 2724 24gr.

1850 2659 1978 2719 Alberts
2005 2658 2102 2718 Taler
2124 2660 2134 2720 6
2172 2659 2203 2719 fl.

1322 2709 1436 2769 Rubel
1468 2703 1486 2763 5
1519 2703 1556 2763 fl.

1825 2709 1878 2769 Alt
1895 2708 2034 2768 Polnisch
2056 2706 2131 2766 Geld

1862 2757 2100 2817 Graumansch.
2125 2754 2195 2814 Fusz

1337 2759 1383 2819 Alt
1404 2751 1557 2811 Märcksch
1585 2753 1658 2813 Geld

1323 2829 1416 2889 Diese
1432 2823 1564 2883 Gelehrte
1588 2827 1642 2887 und
1667 2829 1822 2889 Politische
1838 2832 1962 2892 Zeitung
1987 2830 2057 2890 wird
2089 2829 2135 2889 des
2159 2829 2306 2889 Montag=

1415 2867 1473 2927 und
1503 2868 1649 2928 Freytags
1673 2872 1695 2932 in
1720 2871 1766 2931 dem
1801 2873 1995 2933 Kanterschen
2031 2874 2200 2934 Buchladen

1704 2912 1919 2972 ausgegeben.
