2479 3508
260 369 345 429 wenn
375 372 405 432 es
431 370 597 430 irgendwo
623 369 723 429 liegen
749 369 865 429 bleibt,
890 370 940 430 den
971 372 1072 432 Rasen
1103 370 1263 430 verderbt,

263 422 307 482 die
333 422 459 482 Wiesen
495 416 646 476 sumpfigt
677 416 777 476 macht
808 418 868 478 und
899 419 1040 479 schlechte
1066 421 1252 481 Grasarten

265 470 400 530 pflanzt.
466 464 642 524 Ueberdies
678 466 753 526 muß
789 467 859 527 man
900 467 945 527 die
980 467 1252 527 Wassergräblein

262 515 360 575 öfters
390 515 577 575 abändern,
607 515 710 575 damit
731 515 774 575 die
795 512 917 572 Wiesen
952 515 987 575 an
1022 518 1095 578 allen
1125 518 1253 578 Stellen

263 566 378 626 gleiche
406 563 575 623 Vortheile
602 563 760 623 erhalten.
808 565 855 625 Um
903 563 950 623 die
977 566 1262 626 Düngungskraft

260 615 311 675 bey
338 613 389 673 der
405 610 592 670 Wasserung
618 613 639 673 zu
676 613 883 673 vermehren,
899 613 1065 673 vermischt
1081 616 1252 676 Kleinjoga

262 664 311 724 die
331 661 404 721 oben
435 661 627 721 angeführte
652 661 735 721 Erde
766 660 819 720 von
859 661 1031 721 verfaulten
1062 664 1165 724 Rasen
1200 662 1259 722 aus

270 709 406 769 Weyden
431 711 491 771 und
522 712 683 772 grasichten
710 709 835 769 Feldern
867 712 926 772 mit
947 710 998 770 dem
1038 712 1180 772 Wasser,
1200 712 1255 772 und

265 760 333 820 läßt
363 760 407 820 die
432 760 550 820 Wiesen
580 760 864 820 verschwemmen.
914 760 996 820 Eine
1021 760 1115 820 dritte
1135 760 1188 820 Art
1208 760 1257 820 der

265 807 439 867 Düngung
467 809 517 869 für
544 807 590 867 die
611 807 730 867 Wiesen
761 807 858 867 findet
880 807 905 867 er
932 807 957 867 in
989 808 1034 868 dem
1082 810 1252 870 verfaulten

260 856 481 916 Herbstgras.
544 852 590 912 Er
621 855 776 915 verwirft
802 855 858 915 das
890 855 1070 915 Abweyden
1107 858 1251 918 desselben

266 906 310 966 als
341 906 507 966 ungemein
538 903 759 963 nachtheilig,
791 903 866 963 weil
896 906 987 966 neben
1028 906 1078 966 dem
1124 906 1259 966 Verlust

270 954 362 1014 dieser
383 954 559 1014 Düngung
586 952 642 1012 das
668 954 745 1014 Vieh
777 954 828 1014 den
855 954 957 1014 Rasen
990 954 1113 1014 zertritt
1140 954 1201 1014 und
1233 952 1258 1012 in

266 1001 437 1061 demselben
473 1001 644 1061 sonderlich
680 1001 730 1061 bey
761 1001 902 1061 feuchter
928 1001 1115 1061 Witterung
1151 999 1261 1059 Löcher

265 1049 451 1109 eindrückt,
477 1049 501 1109 in
531 1046 639 1106 welche
664 1046 713 1106 sich
743 1046 940 1106 verdorbnes
965 1046 1088 1106 Wasser
1108 1049 1269 1109 sammelt,

260 1094 373 1154 wovon
401 1094 424 1154 im
465 1092 593 1152 Winter
616 1091 666 1151 die
685 1092 927 1152 Graswurzeln
955 1091 1128 1151 erfrieren.
1197 1096 1256 1156 Ein

264 1145 360 1205 neuer
380 1140 514 1200 Beweis
543 1139 600 1199 von
630 1139 682 1199 dem
721 1140 875 1200 Schaden
914 1141 1000 1201 einer
1030 1142 1255 1202 überflüßigen

266 1192 395 1252 Anzahl
416 1187 566 1247 Viehes,
592 1188 736 1248 wodurch
768 1187 840 1247 man
872 1187 944 1247 eben
980 1188 1151 1248 genöthigt
1177 1187 1254 1247 wird

260 1240 320 1300 alle
346 1240 437 1300 Arten
468 1237 523 1297 von
555 1237 732 1297 Futterung
763 1237 940 1297 zusammen
976 1237 1006 1297 zu
1037 1237 1169 1297 suchen,
1195 1237 1255 1297 und

265 1291 352 1351 wenn
379 1291 451 1351 auch
478 1289 607 1349 dadurch
638 1289 695 1349 den
722 1288 850 1348 Gütern
883 1288 944 1348 alle
966 1288 1131 1348 Nahrung
1163 1286 1266 1346 entzo¬

267 1342 314 1402 gen
346 1339 452 1399 wird,
479 1339 537 1399 und
564 1339 611 1399 die
633 1341 728 1401 ganze
750 1339 967 1399 Wirthschaft
989 1339 1057 1399 nach
1095 1338 1153 1398 und
1186 1338 1254 1398 nach

262 1391 292 1451 zu
324 1387 468 1447 Grunde
495 1387 592 1447 gehen
624 1389 722 1449 muß.
780 1390 898 1450 Neben
935 1389 986 1449 der
1018 1390 1250 1450 Verbesserung

265 1437 314 1497 der
340 1437 461 1497 Wiesen
492 1437 583 1497 denkt
609 1437 639 1497 er
670 1437 725 1497 auf
756 1437 806 1497 die
827 1437 1055 1497 Vermehrung
1085 1440 1262 1500 derselben.

269 1484 308 1544 Er
334 1485 520 1545 beobachtet
540 1485 610 1545 aber
636 1485 767 1545 allemal
788 1485 837 1545 den
868 1487 1064 1547 Grundsatz,
1085 1488 1165 1548 nicht
1185 1488 1255 1548 eher

265 1536 299 1596 an
329 1534 447 1594 letztere
467 1534 496 1594 zu
526 1536 668 1596 denken,
693 1534 737 1594 als
773 1533 821 1593 bis
847 1534 915 1594 man
955 1536 1013 1596 mit
1044 1536 1171 1596 ersterer
1201 1532 1264 1592 fer¬

261 1584 308 1644 tig
335 1584 392 1644 ist.
467 1581 604 1641 Denn,
636 1583 704 1643 sagt
731 1581 788 1641 er,
821 1581 857 1641 ist
884 1583 968 1643 einer
1000 1584 1068 1644 noch
1101 1585 1184 1645 nicht
1211 1584 1237 1644 im

260 1626 421 1686 "Stande
453 1628 584 1688 gewesen
620 1628 700 1688 seine
732 1628 843 1688 Güter
874 1628 929 1688 auf
955 1628 1000 1688 die
1031 1628 1107 1688 beste
1133 1631 1193 1691 Art
1219 1631 1249 1691 zu

259 1679 465 1739 "bearbeiten
503 1676 563 1736 und
598 1676 649 1736 den
696 1673 865 1733 möglichen
903 1673 1021 1733 Nutzen
1063 1676 1185 1736 daraus
1223 1673 1256 1733 zu

265 1722 423 1782 „ziehen,
447 1721 507 1781 wie
536 1721 601 1781 viel
625 1719 769 1779 weniger
798 1718 877 1778 wird
910 1718 938 1778 er
971 1718 999 1778 es
1027 1718 1078 1778 bey
1107 1718 1158 1778 der
1181 1717 1265 1777 Ver¬

269 1768 451 1828 "mehrung
476 1766 574 1826 seiner
599 1766 707 1826 Güter
732 1763 806 1823 thun
836 1763 983 1823 können,
1008 1766 1037 1826 da
1067 1765 1111 1825 sich
1141 1765 1190 1825 die
1210 1761 1268 1821 Ar¬

265 1809 352 1869 "heit
374 1816 439 1876 noch
472 1814 564 1874 mehr
592 1814 761 1874 vertheilt.
816 1811 980 1871 Mehrere
1007 1814 1116 1874 Güter
1149 1814 1268 1874 zusam¬

270 1858 365 1918 men
392 1864 509 1924 müssen
541 1864 748 1924 nothwendig
781 1864 865 1924 nicht
892 1867 982 1927 mehr
1009 1866 1131 1926 Frucht
1153 1864 1258 1924 tragen

276 1909 342 1969 als
374 1915 492 1975 vorher
524 1915 684 1975 wenigere
710 1915 849 1975 trugen,
876 1915 906 1975 da
943 1918 989 1978 die
1020 1918 1263 1978 Fruchtbarkeit

266 1956 353 2016 "mit
375 1966 421 2026 der
442 1966 550 2026 Arbeit
572 1966 592 2026 in
624 1966 706 2026 einem
743 1966 918 2026 genaueren
945 1966 1136 2026 Verhältnis
1157 1969 1260 2029 stund.

272 2008 344 2068 „Ja
365 2017 431 2077 man
464 2017 540 2077 wird
567 2017 825 2077 wahrnehmen,
851 2015 903 2075 daß
935 2017 1022 2077 wenn
1048 2016 1115 2076 man
1147 2017 1260 2077 gleiche

271 2064 409 2124 "Arbeit
429 2066 483 2126 auf
503 2066 586 2126 einen
621 2064 843 2124 verdoppelten
873 2064 1011 2124 Umfang
1046 2063 1099 2123 von
1130 2064 1257 2124 Gütern

269 2114 441 2174 „wendet,
466 2115 508 2175 als
538 2115 605 2175 man
634 2112 748 2172 vorher
774 2112 826 2172 auf
850 2112 932 2172 einen
961 2112 1119 2172 einfachen
1153 2112 1263 2172 wand¬

269 2157 343 2217 te,
368 2163 422 2223 daß
453 2163 521 2223 man
561 2163 615 2223 aus
655 2160 704 2220 dem
754 2160 977 2220 verdoppelten
1007 2160 1145 2220 Umfang
1180 2160 1263 2220 nicht

266 2209 416 2269 einmal
432 2211 457 2271 so
483 2206 548 2266 viel
568 2210 689 2270 Nutzen
715 2209 840 2269 ziehet,
866 2208 911 2268 als
942 2211 1012 2271 man
1048 2211 1168 2271 vorher
1199 2208 1254 2268 aus

270 2249 345 2309 „dem
402 2255 559 2315 einfachen
600 2252 732 2312 gezogen
773 2252 844 2312 hat.
854 2253 894 2313 ”.

953 2258 1040 2318 Man
1082 2258 1159 2318 kann
1196 2258 1257 2318 also

267 2305 337 2365 auch
359 2303 391 2363 zu
419 2300 483 2360 viel
506 2298 614 2358 Güter
636 2297 787 2357 besitzen,
810 2299 869 2359 wie
897 2303 929 2363 es
957 2309 1032 2369 oben
1071 2306 1130 2366 vom
1168 2306 1249 2366 Vieh

262 2353 459 2413 angemerkt
483 2345 634 2405 worden.
687 2346 791 2406 Unser
815 2354 1082 2414 Schriftsteller,
1112 2355 1164 2415 den
1199 2354 1262 2414 wir

266 2405 350 2465 nicht
372 2401 462 2461 müde
484 2396 605 2456 werden
638 2396 892 2456 abzuschreiben,
909 2405 977 2465 fügt
999 2405 1094 2465 diesem
1132 2404 1264 2464 Grund¬

265 2455 324 2515 satz
341 2451 389 2511 die
411 2448 601 2508 Erfahrung
635 2444 688 2504 bey
721 2443 770 2503 den
808 2446 916 2506 großen
950 2452 1156 2512 Bauerhöfen
1194 2452 1253 2512 und

268 2502 478 2562 Pächtereyen
512 2495 627 2555 hinzu,
645 2492 672 2552 da
706 2494 749 2554 oft
772 2494 827 2554 aus
856 2496 932 2556 einem
978 2502 1088 2562 großen
1116 2503 1249 2563 Umfang

262 2560 517 2620 wohlgelegener
541 2554 648 2614 Güter
682 2551 756 2611 kaum
848 2558 1086 2618 eingesammlet
1115 2560 1189 2620 wird
1223 2563 1251 2623 in

256 2610 417 2670 Vergleich
454 2608 519 2668 mit
543 2605 740 2665 bevölkerten
777 2599 956 2659 Dörfern,
987 2605 1034 2665 wo
1064 2608 1112 2668 die
1143 2611 1255 2671 Güter

267 2659 419 2719 vertheilt
437 2655 516 2715 sind.
562 2655 607 2715 Zu
641 2655 692 2715 dem
738 2649 845 2709 Anbau
880 2649 975 2709 neuer
999 2655 1117 2715 Wiesen
1152 2657 1259 2717 wählt

256 2709 426 2769 Kleinjogg
455 2703 506 2763 den
541 2703 762 2763 fruchtbarsten
792 2700 888 2760 Acker
911 2700 996 2760 aus,
1019 2703 1081 2763 und
1116 2708 1235 2768 reinige

264 2758 420 2818 denselben
459 2751 518 2811 vor
541 2753 616 2813 allem
660 2754 713 2814 von
746 2748 914 2808 Steinen,
942 2751 1078 2811 nachher
1111 2757 1256 2817 bepflügt

261 2808 289 2868 er
312 2811 385 2871 ihn,
414 2805 471 2865 und
494 2805 578 2865 läßt,
601 2805 652 2865 den
681 2805 816 2865 Furchen
845 2799 936 2859 nach,
964 2801 1009 2861 die
1032 2805 1157 2865 Steine
1180 2807 1253 2867 wie¬

1299 369 1394 429 derum
1432 369 1595 429 sorgfaltig
1622 372 1754 432 auflefen
1786 372 1844 432 und
1877 369 1934 429 auf
1961 369 2008 429 die
2030 369 2130 429 Seite
2162 371 2299 431 werfen,

1298 419 1431 479 alsdenn
1461 417 1554 477 ebnet
1574 417 1603 477 er
1633 419 1681 479 den
1712 421 1804 481 Acker
1830 416 1893 476 mit
1918 416 1967 476 der
1992 418 2105 478 Egge,
2130 419 2188 479 und
2228 420 2297 480 läßt

1299 467 1389 527 dabey
1420 465 1581 525 nochmals
1612 465 1656 525 die
1677 468 1767 528 übrig
1793 467 1975 527 gebliebene
2001 467 2137 527 kleinern
2173 466 2293 526 Steine

1298 513 1515 573 wegwerfen,
1540 514 1672 574 worauf
1692 518 1717 578 er
1747 518 1904 578 denselben
1935 515 1993 575 mit
2013 515 2220 575 Heublumen
2250 515 2298 575 be¬

1298 564 1374 624 säet.
1421 562 1472 622 In
1505 563 1737 623 Auswählung
1768 566 1814 626 des
1840 569 2016 629 Saamens
2042 566 2166 626 wendet
2187 566 2217 626 er
2239 566 2300 626 kei¬

1292 611 1334 671 ne
1367 613 1558 673 sonderliche
1591 611 1755 671 Sorgfalt
1783 613 1851 673 an,
1873 616 1910 676 da
1942 616 1989 676 ihn
2028 613 2075 673 die
2102 615 2293 675 Erfahrung

1293 661 1443 721 gelehrt,
1469 660 1518 720 daß
1554 660 1604 720 die
1625 663 1907 723 Verschiedenheit
1937 664 1987 724 der
2013 664 2193 724 Grasarten
2229 664 2289 724 nur

1292 707 1348 767 von
1385 707 1436 767 der
1458 709 1723 769 Beschaffenheit
1745 710 1796 770 des
1823 712 1963 772 Bodens
1995 713 2171 773 herrühre.
2224 712 2296 772 Die

1304 757 1482 817 schlechteste
1504 758 1630 818 Wiese,
1657 760 1704 820 die
1726 760 1783 820 fast
1805 760 1931 820 überall
1953 760 2010 820 mit
2032 762 2137 822 Moos
2169 763 2290 823 bedeckt

1297 805 1357 865 ist,
1378 804 1458 864 wird
1489 804 1534 864 die
1566 804 1661 864 besten
1692 807 1783 867 Arten
1824 810 1879 870 von
1915 810 1991 870 Klee
2022 810 2300 870 hervorbringen,

1302 852 1399 912 sobald
1426 852 1461 912 sie
1482 855 1570 915 durch
1602 855 1663 915 eine
1689 857 1901 917 angemessene
1928 858 2103 918 Düngung
2129 858 2289 918 fruchtbar

1294 903 1433 963 gemacht
1454 903 1552 963 wird.
1599 903 1686 963 Eine
1713 903 1801 963 weise
1822 906 2028 966 Einrichtung
2055 909 2106 969 des
2132 909 2282 969 gütigsten

1299 951 1506 1011 Schöpfers,
1532 951 1673 1011 wodurch
1705 951 1755 1011 der
1776 951 1907 1011 redliche
1933 957 2115 1017 Landmann
2147 957 2192 1017 der
2212 957 2293 1017 Mü=

1295 998 1326 1058 he
1364 998 1411 1058 sich
1449 998 1517 1058 eine
1544 998 1761 1058 weitläuftige
1788 998 1951 1058 Kenntniß
1984 1000 2036 1060 der
2058 1004 2216 1064 Pflanzen
2249 1004 2280 1064 zu

1297 1043 1455 1103 erwerben
1494 1046 1551 1106 und
1585 1046 1743 1106 kostbarer
1772 1046 1944 1106 Ausgaben
1983 1049 2160 1109 überhoben
2199 1052 2295 1112 wird,

1299 1088 1374 1148 weil
1395 1090 1475 1150 sonst
1501 1091 1551 1151 der
1577 1092 1783 1152 Grassaame
1814 1093 1874 1153 mit
1900 1092 2016 1152 großer
2042 1097 2153 1157 Mühe
2183 1102 2294 1162 müßte

1300 1136 1486 1196 gesammelt
1507 1139 1653 1199 werden.
1699 1139 1748 1199 Er
1774 1142 1845 1202 darf
1866 1142 1925 1202 nur
1946 1142 2027 1202 seine
2047 1145 2173 1205 Pflicht
2194 1148 2219 1208 in
2249 1148 2294 1208 ge¬

1299 1184 1402 1244 treuer
1427 1187 1651 1247 Bearbeitung
1681 1187 1779 1247 seiner
1799 1187 1921 1247 Wiesen
1956 1190 2097 1250 ausüben
2142 1193 2200 1253 und
2230 1193 2278 1253 den

1303 1231 1452 1291 Himmel
1473 1234 1525 1294 für
1546 1234 1602 1294 das
1629 1234 1737 1294 übrige
1764 1237 1866 1297 sorgen
1898 1237 2022 1297 laßen:
2058 1237 2110 1297 die
2142 1238 2301 1298 nahrhaf¬

1300 1282 1387 1342 testen
1419 1282 1480 1342 und
1522 1285 1718 1345 gesundesten
1755 1285 1910 1345 Pflanzen
1952 1288 2070 1348 werden
2112 1288 2288 1348 freywillig

1306 1333 1582 1393 hervorwachsen;
1613 1336 1668 1396 von
1698 1337 1773 1397 allen
1800 1338 1899 1398 Orten
1925 1339 1980 1399 her
2006 1339 2121 1399 werden
2157 1339 2202 1399 die
2227 1339 2297 1399 Ge¬

1298 1387 1403 1447 saame
1424 1387 1504 1447 edler
1530 1387 1677 1447 Krauter
1702 1389 1793 1449 durch
1829 1389 1879 1449 die
1905 1390 1981 1450 Luft
2007 1390 2299 1450 zusammengetra¬

1297 1435 1381 1495 gen,
1406 1435 1514 1495 welche
1540 1437 1599 1497 nur
1624 1437 1707 1497 einen
1738 1440 1826 1500 ihnen
1856 1440 2073 1500 angenehmen
2104 1442 2217 1502 Boden
2247 1440 2301 1500 nö=

1299 1482 1362 1542 thig
1384 1484 1479 1544 haben
1501 1485 1538 1545 um
1571 1488 1868 1548 hervorzukeimen,
1879 1488 2022 1548 woselbst
2038 1490 2081 1550 die
2103 1490 2288 1550 schädlichen

1297 1530 1474 1590 Gewächse
1499 1533 1588 1593 keine
1608 1536 1770 1596 Nahrung
1806 1537 1909 1597 finden
1944 1538 2003 1598 und
2033 1539 2200 1599 deswegen
2230 1537 2298 1597 ver¬

1295 1578 1400 1638 dorren
1433 1581 1570 1641 müssen.
1619 1584 1794 1644 Kleinjogg
1826 1584 1932 1644 wußte
1959 1587 2070 1647 bisher
2102 1585 2160 1645 von
2193 1587 2293 1647 künst¬

1297 1625 1390 1685 lichen
1420 1625 1542 1685 Wiesen
1577 1628 1704 1688 nichts,
1729 1631 1797 1691 doch
1827 1631 1919 1691 hörte
1945 1631 1973 1691 er
2003 1633 2047 1693 die
2077 1634 2155 1694 erste
2180 1636 2292 1696 Nach¬

1293 1669 1374 1729 richt
1407 1670 1507 1730 davon
1544 1670 1603 1730 mit
1631 1673 1759 1733 größter
1791 1676 2083 1736 Aufmerksamkeit
2111 1680 2161 1740 zu.

2213 1680 2287 1740 Die

1302 1712 1593 1772 Naturforschende
1624 1718 1834 1778 Gesellschaft
1860 1721 1915 1781 gab
1946 1721 1995 1781 ihm
2046 1724 2146 1784 einige
2172 1722 2282 1782 Pfund

1299 1760 1505 1820 Kleesaamen
1541 1763 1596 1823 vom
1642 1766 1874 1826 holländischen
1910 1769 2127 1829 Wiesenklee.
2199 1772 2284 1832 Man

1303 1811 1352 1871 bat
1375 1812 1446 1872 ihn,
1463 1814 1523 1874 mit
1541 1817 1707 1877 demselben
1740 1819 1823 1879 einen
1851 1818 1984 1878 Versuch
2006 1822 2216 1882 anzustellen.
2244 1823 2288 1883 Er

1303 1862 1373 1922 fand
1401 1864 1471 1924 aber
1493 1866 1563 1926 nach
1591 1867 1640 1927 den
1673 1868 1900 1928 sorgfaltigsten
1923 1871 2075 1931 Proben,
2086 1873 2140 1933 daß
2162 1873 2189 1933 es
2217 1876 2286 1936 auch

1303 1912 1349 1972 bey
1375 1915 1473 1975 dieser
1494 1917 1648 1977 Pflanze,
1664 1919 1725 1979 wie
1752 1918 1804 1978 bey
1830 1921 1938 1981 unsern
1964 1921 2149 1981 gewohnten
2181 1921 2294 1981 Gras¬

1298 1963 1406 2023 arten,
1416 1966 1480 2026 viel
1500 1966 1554 2026 auf
1574 1966 1618 2026 die
1633 1969 1805 2029 Düngung
1826 1969 1958 2029 ankäme
1979 1971 2037 2031 und
2058 1969 2121 2029 man
2151 1969 2200 2029 bey
2225 1972 2298 2032 glei=

1297 2011 1363 2071 cher
1379 2014 1539 2074 Wartung
1571 2014 1668 2074 keinen
1700 2017 1875 2077 wirklichen
1902 2017 2030 2077 Vorzug
2057 2019 2159 2079 hätte.
2186 2017 2289 2077 Unser

1297 2061 1456 2121 Verfasser
1483 2064 1573 2124 führt
1600 2064 1705 2124 hiebey
1738 2067 1790 2127 das
1818 2067 2035 2127 einstimmige
2063 2067 2200 2127 Zeugnis
2227 2067 2280 2127 von

1297 2109 1514 2169 verschiednen
1565 2112 1818 2172 einsichtsvollen
1864 2115 2055 2175 Liebhabern
2106 2118 2157 2178 der
2198 2121 2298 2181 Land¬

1295 2157 1496 2217 wirthschaft
1513 2155 1577 2215 an,
1599 2157 1713 2217 welche
1735 2157 1783 2217 sich
1811 2161 1903 2221 besser
1925 2163 2082 2223 befänden
2110 2166 2180 2226 ihre
2202 2169 2294 2229 Wie¬

1298 2207 1339 2267 sen
1370 2208 1442 2268 nach
1484 2205 1671 2265 gewohnter
1702 2206 1769 2266 Art
1796 2207 1884 2267 wohl
1911 2210 1941 2270 zu
1968 2211 2107 2271 pflegen,
2128 2213 2174 2273 als
2211 2217 2289 2277 neue

1302 2255 1483 2315 Grasarten
1514 2252 1747 2312 einzuführen,
1763 2255 1793 2315 da
1820 2255 1892 2315 über
1919 2252 2011 2312 dieses
2038 2255 2089 2315 das
2115 2258 2198 2318 Vieh
2229 2261 2280 2321 von

1299 2303 1350 2363 dem
1387 2305 1474 2365 fetten
1495 2301 1676 2361 Kleefutter
1697 2303 1743 2363 sich
1769 2306 1857 2366 leicht
1878 2303 2053 2363 überfülle,
2070 2305 2126 2365 und
2152 2306 2203 2366 der
2224 2307 2291 2367 Ge¬

1300 2354 1368 2414 fahr
1400 2351 1526 2411 hitziger
1553 2351 1769 2411 Krankheiten
1807 2353 1980 2413 ausgesetzt
2007 2351 2123 2411 werde.
2176 2359 2292 2419 Klein¬

1297 2403 1363 2463 jogg
1391 2402 1507 2462 machte
1530 2399 1579 2459 den
1613 2405 1929 2465 Geschichtschreiber
1952 2402 2051 2462 seiner
2074 2406 2290 2466 Wirthschaft

1294 2449 1361 2509 noch
1397 2451 1454 2511 auf
1476 2449 1558 2509 einen
1590 2449 1756 2509 besondern
1788 2450 1933 2510 Umstand
1959 2450 2198 2510 aufmerksam,
2224 2461 2281 2521 und

1295 2500 1393 2560 zeigte
1422 2497 1468 2557 ihm
1515 2497 1578 2557 eine
1602 2500 1729 2560 Wiese,
1753 2501 1799 2561 die
1823 2500 1880 2560 fast
1904 2500 1996 2560 völlig
2026 2502 2083 2562 mit
2106 2506 2291 2566 Wegbreit¬

1288 2548 1419 2608 blättern
1455 2545 1652 2605 verkleistert
1683 2548 1744 2608 und
1785 2551 1917 2611 dadurch
1953 2552 2038 2612 ganz
2070 2558 2282 2618 unfruchtbar

1297 2596 1455 2656 geworden
1487 2593 1571 2653 war.
1619 2593 1666 2653 Er
1693 2599 1798 2659 wußte
1825 2599 1893 2659 auch
1925 2599 1951 2659 in
1989 2602 2084 2662 diesem
2121 2605 2194 2665 Fall
2216 2608 2274 2668 kein

1296 2645 1412 2705 andres
1434 2641 1650 2701 Hülfsmittel
1673 2649 1933 2709 vorzuschlagen,
1950 2649 2000 2709 als
2028 2651 2072 2711 die
2095 2652 2200 2712 Wiese
2217 2657 2288 2717 um¬

1288 2694 1483 2754 zupflügen,
1516 2689 1575 2749 und
1608 2693 1694 2753 wenn
1727 2697 1765 2757 sie
1799 2699 1896 2759 einige
1929 2699 2020 2759 Jahr
2043 2701 2205 2761 Getreyde
2233 2703 2286 2763 ge¬

1285 2744 1421 2804 tragen,
1457 2736 1574 2796 wieder
1615 2741 1670 2801 von
1706 2751 1802 2811 neuem
1854 2751 1924 2811 nach
1955 2751 2031 2811 oben
2067 2752 2280 2812 beschriebner

1286 2793 1396 2853 Weise
1428 2790 1638 2850 anzubauen.
