2479 3508
269 343 455 403 genwärtig
490 339 557 399 eine
592 333 687 393 große
727 336 857 396 Menge
886 336 1072 396 Fahrzeuge
1101 333 1157 393 alle
1192 335 1242 395 zum

282 386 554 446 Stockfischfange
580 380 781 440 ausgerüstet
807 383 953 443 werden;
984 382 1044 442 und
1075 380 1271 440 verschiedne

279 435 438 495 Familien
470 430 588 490 machen
615 428 660 488 sich
698 431 811 491 bereit,
832 431 904 491 nach
936 428 1074 488 dortiger
1101 428 1199 488 Jnsel
1220 427 1271 487 ab=

280 483 441 543 zugehen,
464 479 523 539 und
550 479 631 539 zwar
659 478 717 538 mit
740 479 901 539 Vorschub
935 479 1058 539 einiger
1086 476 1269 536 Personen,

282 530 329 590 die
351 530 409 590 alle
431 525 562 585 nöthige
584 527 816 587 Verfügungen
843 527 1049 587 vorgekehret
1071 524 1187 584 haben,
1208 524 1245 584 um

282 579 329 639 die
351 575 547 635 Stocksische
569 573 600 633 an
639 575 808 635 besonders
841 575 914 635 dazu
948 572 1160 632 ausersehnen
1192 572 1271 632 Plä¬

277 625 338 685 tzen
365 624 395 684 zu
432 625 565 685 trocknen
607 621 663 681 und
695 623 916 683 einzusalzen,
947 622 1009 682 und
1035 621 1081 681 die
1102 619 1267 679 schätzbare

283 673 443 733 Fischerey
472 673 493 733 so
522 672 704 732 einträglich
733 670 787 730 und
816 670 1043 730 vortheilhäft,
1071 670 1115 730 als
1138 670 1265 730 möglich

280 729 313 789 zu
341 724 488 784 machen.

568 766 688 826 Abo,
710 764 763 824 den
805 765 872 825 29.
907 763 1007 823 Mai.

283 862 537 922 Wissenschaften
570 861 597 921 zu
630 861 694 921 St.
711 859 917 919 Petersburg
945 858 993 918 als
1015 858 1183 918 Professor
1206 854 1275 914 Bo=

283 915 406 975 tanicus
431 909 583 969 berufen,
609 909 668 969 und
693 906 742 966 ihm
791 906 889 966 dabey
915 903 959 963 ein
994 906 1161 966 Salarium
1211 903 1265 963 von

289 960 373 1020 1000
404 957 554 1017 Rubeln,
580 956 665 1016 freye
686 954 862 1014 Wohnung
888 951 947 1011 und
978 951 1078 1011 andre
1104 951 1269 1011 Vortheile

283 1004 475 1064 angetragen
505 1001 653 1061 worden,
678 999 766 1059 allein
807 998 831 1058 er
866 997 919 1057 hat
945 997 998 1057 den
1033 997 1102 1057 Ruf
1127 995 1279 1055 großmü=

283 1051 327 1111 tig
352 1046 613 1106 ausgeschlagen,
644 1046 722 1106 weil
747 1041 781 1101 er
811 1043 909 1103 seinem
960 1043 1156 1103 Vaterlande
1182 1040 1274 1100 lieber

291 1099 345 1159 bey
380 1096 463 1156 einem
508 1094 621 1154 kleinen
646 1091 774 1151 Gehalt
794 1088 897 1148 dienen
922 1088 990 1148 wil.

498 1139 751 1199 Warschau,
784 1136 836 1196 den
879 1136 942 1196 14.
975 1136 1069 1196 Jun.

342 1187 412 1247 Der
437 1190 673 1250 gegenwärtige
691 1184 856 1244 Reichstag
886 1183 957 1243 wird
987 1183 1051 1243 noch
1081 1181 1187 1241 fleißig
1206 1178 1264 1238 fort

290 1241 436 1301 gesetzet,
464 1239 517 1299 und
545 1237 605 1297 soll
621 1234 691 1294 noch
714 1231 762 1291 bis
785 1228 947 1288 künftigen
975 1231 1121 1291 Montag
1149 1228 1279 1288 dauren,

292 1291 347 1351 und
373 1289 454 1349 zwar
480 1285 582 1345 wegen
613 1285 708 1345 vieler
730 1282 958 1342 vorgesallenen
984 1281 1146 1341 Materien
1173 1279 1203 1339 an
1224 1279 1289 1339 ein=

287 1339 458 1399 gegebenen
489 1333 655 1393 Projecten
686 1333 736 1393 zur
756 1333 963 1393 Constitution
994 1333 1039 1393 als
1065 1330 1165 1390 wegen
1191 1329 1271 1389 eines

284 1387 552 1447 Generalzolles,
573 1381 674 1441 wegen
705 1381 964 1441 Einschränkung
995 1381 1045 1441 der
1071 1381 1208 1441 Gewalt
1234 1376 1284 1436 de¬

284 1434 334 1494 rer
360 1434 476 1494 Herren
507 1428 720 1488 Feldherren,
746 1428 847 1488 wegen
878 1428 923 1488 der
950 1429 1040 1489 denen
1066 1426 1284 1486 Reichskanz¬

289 1480 352 1540 lern
380 1479 614 1539 zuzugebenden
646 1478 682 1538 24
715 1476 890 1536 Beysitzer,
901 1476 1002 1536 wegen
1029 1476 1199 1536 Erhebung
1226 1473 1273 1533 des

293 1527 492 1587 Wildaschen
525 1524 768 1584 Bischofthums
801 1524 849 1584 zum
898 1524 1195 1584 Erzbischofthum,
1217 1520 1281 1580 we=

292 1578 346 1638 gen
377 1575 563 1635 Errichtung
589 1572 709 1632 zweyer
730 1572 896 1632 besondern
927 1572 1163 1632 Tribunalien,
1189 1569 1274 1629 eines

288 1622 342 1682 für
367 1622 476 1682 Klein=
497 1619 550 1679 und
581 1619 635 1679 das
660 1618 773 1678 andere
804 1616 853 1676 für
878 1616 1121 1676 Großpohlen,
1147 1613 1274 1673 welches

289 1667 405 1727 letztere
431 1664 455 1724 zu
487 1664 664 1724 Peterkau,
690 1660 817 1720 Pohsen
848 1660 908 1720 und
934 1658 1041 1718 Thorn
1072 1658 1157 1718 sollte
1178 1655 1284 1715 gehal=

294 1714 340 1774 ten
372 1709 511 1769 werden,
532 1707 589 1767 auf
605 1703 786 1763 geschehene
807 1701 1004 1761 Vorstellung
1031 1700 1102 1760 aber
1124 1700 1155 1760 ist
1171 1700 1279 1760 Thorn

296 1757 493 1817 ausgelaßen
524 1751 674 1811 worden,
706 1748 762 1808 und
794 1747 819 1807 in
856 1745 1021 1805 Vorschlag
1053 1748 1219 1808 gebracht,
1245 1748 1276 1808 an

297 1805 410 1865 Stelle
427 1799 520 1859 dieser
537 1799 580 1859 die
602 1796 711 1856 Stadt
728 1796 907 1856 Bromberg
930 1796 983 1856 zum
1017 1796 1081 1856 3ten
1104 1796 1164 1856 Ort
1186 1796 1289 1856 sotha=

301 1850 351 1910 nen
386 1849 561 1909 Tribunals
585 1846 801 1906 auszusetzen.
858 1840 932 1900 Die
955 1846 1035 1906 heil.
1052 1848 1279 1908 Pfingstferien

302 1900 454 1960 hindurch
483 1900 607 1960 wurden
642 1897 686 1957 die
715 1897 930 1957 Conferenzen
965 1897 1015 1957 bey
1049 1898 1100 1958 der
1129 1897 1275 1957 Fürstlich

300 1948 593 2008 Czartoryskischen
622 1948 754 2008 Familie
777 1945 882 2005 fleißig
910 1948 1076 2008 gehalten.
1126 1947 1170 2007 Am
1220 1945 1286 2005 letz¬

297 2002 341 2062 ten
370 1999 542 2059 Teyertage
565 1996 659 2056 gaben
700 1993 749 2053 des
783 1990 911 2050 Fürsten
945 1996 1118 2056 Primatis
1146 1996 1291 2056 Durchl.

303 2056 330 2116 zu
358 2049 484 2109 Wola,
507 2045 573 2105 eine
601 2040 705 2100 Meile
728 2040 777 2100 von
806 2040 971 2100 Warschau
999 2043 1081 2103 einen
1110 2042 1197 2102 Ball
1220 2043 1275 2103 und

299 2097 526 2157 Tractement,
559 2093 617 2153 auf
644 2091 770 2151 welchem
820 2091 867 2151 sich
904 2091 999 2151 außer
1032 2090 1121 2150 denen
1159 2091 1286 2151 pohlni¬

292 2146 377 2206 schen
406 2142 588 2202 Magnaten
617 2139 685 2199 auch
715 2136 759 2196 der
783 2138 885 2198 Russ.
903 2139 1051 2199 Kayserl.
1074 2139 1131 2199 und
1160 2136 1205 2196 der
1223 2138 1285 2198 Kö=

302 2193 388 2253 nigl.
410 2187 540 2247 Preuß.
557 2184 724 2244 Gesandte
746 2183 925 2243 befunden.
975 2185 1023 2245 Am
1067 2184 1278 2244 verwichenen

301 2232 533 2292 Donnerstage
557 2229 636 2289 hatte
660 2229 710 2289 der
728 2229 938 2289 Französische
962 2234 1126 2294 Gesandte
1150 2233 1195 2293 bey
1218 2234 1285 2294 Sr.

310 2279 453 2339 Durchl.
465 2276 508 2336 dem
548 2274 669 2334 Fürsten
692 2272 830 2332 Primas
847 2277 907 2337 eine
925 2280 996 2340 part
1013 2282 1129 2342 culaire
1146 2282 1262 2342 Audien

301 2330 327 2390 in
355 2325 561 2385 Gegenwart
583 2318 678 2378 vieler
700 2321 816 2381 Herren
849 2328 1055 2388 Senatoren,
1082 2332 1140 2392 und
1167 2328 1199 2388 da
1231 2327 1278 2387 sich

312 2376 447 2436 derselbe
465 2369 623 2429 erkläret,
647 2366 731 2426 wie,
754 2369 805 2429 daß
833 2371 878 2431 der
901 2375 1003 2435 König
1037 2378 1093 2438 sein
1122 2378 1206 2438 Herr
1230 2378 1285 2438 auf

308 2429 358 2489 die
376 2425 534 2485 erhaltene
558 2414 750 2474 Nachricht,
784 2417 835 2477 daß
869 2423 915 2483 die
938 2426 1096 2486 Republik
1125 2426 1288 2486 getrennet

307 2479 377 2539 sey,
403 2476 454 2536 den
480 2464 736 2524 gegenwärtigen
763 2464 936 2524 Reichstag
962 2470 1013 2530 fur
1039 2473 1187 2533 ungultig
1220 2472 1277 2532 und

311 2528 358 2588 für
388 2521 470 2581 keine
494 2516 699 2576 vollstäudige
724 2509 876 2569 Republik
901 2518 1041 2578 erkläre,
1072 2521 1136 2581 und
1166 2521 1277 2581 dahero

311 2572 402 2632 dessen
432 2569 633 2629 Gegenwart
651 2565 679 2625 in
703 2557 870 2617 Warschau
905 2566 985 2626 nicht
1009 2569 1187 2629 vonnöthen
1223 2569 1285 2629 sey,

305 2620 399 2680 gaben
427 2617 516 2677 Jhro
539 2614 683 2674 Durchl.
695 2610 745 2670 zur
773 2605 945 2665 Antwort,
968 2612 1023 2672 daß
1057 2614 1107 2674 ihn
1141 2617 1191 2677 die
1219 2617 1285 2677 Re=

298 2666 408 2726 publik
434 2663 613 2723 gleichfalls
645 2662 707 2722 für
745 2652 849 2712 keinen
881 2659 1098 2719 Abgesandten
1136 2664 1265 2724 erkenne

305 2715 364 2775 und
397 2712 445 2772 den
485 2709 587 2769 kurzen
626 2709 767 2769 Abschied
801 2700 1028 2760 hinzusetzten:
1062 2712 1159 2772 Adicu
1187 2709 1262 2769 Mon

303 2760 380 2820 sieur
398 2759 421 2819 le
446 2757 611 2817 Marquis.
654 2757 718 2817 Als
743 2753 873 2813 hierauf
891 2751 938 2811 der
962 2756 1157 2816 Abgesandte
1176 2760 1282 2820 erwie=

308 2813 418 2873 derte:
443 2807 547 2867 Adicu
572 2803 799 2863 Monseigneur
825 2802 1063 2862 l'Archieveque
1089 2807 1119 2867 de
1144 2808 1266 2868 Cnesue

1306 333 1365 393 und
1393 333 1484 393 davon
1517 342 1696 402 gegangen,
1724 345 1826 405 wurde
1854 342 1902 402 der
1924 341 2038 401 Wache
2066 342 2282 402 unverzüglich

1298 377 1344 437 die
1371 380 1474 440 Ordre
1495 386 1624 446 gegeben
1656 389 1754 449 weder
1780 391 1832 451 das
1858 388 1998 448 Gewehr
2024 386 2076 446 vor
2097 386 2148 446 ihn
2169 387 2195 447 zu
2216 389 2288 449 prä¬

1300 428 1461 488 sentiren,
1487 431 1552 491 noch
1588 432 1638 492 den
1663 437 1795 497 Wirbel
1821 440 1850 500 zu
1886 435 2053 495 schlagen,
2084 434 2214 494 welcher
2235 436 2265 496 am

1300 476 1463 536 folgenden
1492 479 1582 539 Tage
1606 480 1685 540 seine
1719 485 1810 545 Reise
1839 487 1912 547 über
1941 482 2031 542 Wien
2066 482 2134 542 nach
2168 482 2287 542 Frank¬

1300 524 1379 584 reich
1411 525 1611 585 angetreten.
1675 533 1764 593 Man
1797 533 1865 593 will
1892 536 2008 596 sagen,
2040 533 2098 593 daß
2130 532 2198 592 auch
2235 533 2282 593 der

1301 572 1409 632 Röm.
1426 575 1577 635 Kayserl.
1594 575 1756 635 Gesandte
1784 582 1919 642 ehestens
1942 580 2109 640 abreisen,
2137 580 2196 640 und
2229 578 2278 638 sich

1298 618 1383 678 durch
1416 619 1468 679 den
1501 622 1686 682 Residenten
1724 628 1819 688 seines
1847 628 1937 688 Hofs
1964 628 2016 688 bey
2049 628 2123 688 Sr.
2145 628 2283 688 Durchl.

1299 667 1348 727 dem
1388 670 1516 730 Fürsten
1547 670 1685 730 Primas
1710 676 1902 736 beurlauben
1933 676 2046 736 werde,
2056 676 2185 736 welches
2215 676 2283 736 aber

1308 716 1362 776 gar
1393 717 1478 777 nicht
1504 718 1559 778 das
1590 720 1750 780 Publicum
1797 725 1953 785 alteriret.
2014 723 2139 783 Vorige
2170 724 2285 784 Woche

1308 763 1368 823 sind
1393 763 1458 823 hier
1479 765 1524 825 die
1551 766 1671 826 Grafen
1702 772 1954 832 Poniatowski,
1970 772 2283 832 Kronkammerherr

331 816 435 876 Unser
460 813 625 873 Professor
656 813 736 873 Kalm
779 810 822 870 ist
847 810 901 870 von
933 811 987 871 der
1019 810 1190 870 Akademie
1215 810 1270 870 der
1314 809 1374 869 und
1400 810 1546 870 Kayserl.
1566 813 1737 873 General,
1756 816 1817 876 wie
1836 819 1903 879 auch
1940 819 1989 879 der
2020 819 2118 879 Russ.
2137 819 2290 879 General

1309 857 1402 917 Fürst
1422 860 1555 920 Daskow
1594 860 1653 920 mit
1679 864 1688 924 2
1718 864 1811 924 Ruß.
1826 867 2052 927 Regimentern
2083 868 2293 928 retourniret,

1305 903 1434 963 nachdem
1481 906 1522 966 sie
1559 906 1620 966 mit
1652 909 1708 969 dem
1755 912 1858 972 Herrn
1900 914 2153 974 Kronfeldherrn
2195 918 2278 978 einen

1306 951 1589 1011 Waffenstillstand
1618 954 1661 1014 bis
1684 956 1734 1016 zum
1768 954 1834 1014 7ten
1863 959 2001 1019 getroffen
2030 963 2152 1023 hatten,
2163 963 2285 1023 welchen

1307 996 1378 1056 aber
1403 996 1450 1056 den
1479 996 1547 1056 5ten
1576 998 1671 1058 dieses
1696 1000 1753 1060 mit
1772 1000 1820 1060 der
1845 1001 1892 1061 bey
1922 1004 1969 1064 sich
1998 1007 2157 1067 habenden
2186 1010 2291 1070 Kron=

1304 1042 1409 1102 armee
1433 1043 1500 1103 nach
1529 1045 1717 1105 Podgoriev
1741 1046 1774 1106 an
1804 1046 1847 1106 die
1866 1047 2054 1107 Ungarische
2073 1053 2202 1113 Gränze
2222 1058 2294 1118 auf¬

1309 1088 1504 1148 gebrochen,
1528 1091 1588 1151 und
1617 1091 1644 1151 zu
1682 1093 1822 1153 Duzta,
1851 1094 1939 1154 einer
1963 1096 2009 1156 dem
2047 1098 2149 1158 Herrn
2187 1101 2293 1161 Kron¬

1313 1136 1565 1196 hofmarschallen
1596 1139 1761 1199 gehörigen
1788 1140 1895 1200 Stadt
1917 1144 2138 1204 eingetroffen.

1554 1184 1741 1244 Wilda,
1769 1187 1822 1247 den
1866 1190 1903 1250 8.
1941 1191 2037 1251 Jun.

1360 1228 1475 1288 Bevor
1502 1229 1543 1289 die
1565 1234 1828 1294 Kapturgerichte
1850 1237 1881 1297 am
1918 1239 2044 1299 vorigen
2076 1240 2281 1300 Sonnabend

1305 1277 1353 1337 ihr
1375 1279 1465 1339 Ende
1487 1282 1652 1342 nahmen,
1685 1285 1797 1345 wurde
1830 1285 1878 1345 der
1900 1288 2027 1348 Befehl
2049 1288 2300 1348 ausgefertiget,

1310 1327 1363 1387 daß
1395 1330 1437 1390 die
1458 1333 1654 1393 Preußische
1676 1333 1803 1393 Münze
1830 1333 1855 1393 so
1888 1336 1945 1396 wie
1972 1338 1993 1398 in
2036 1339 2083 1399 der
2105 1339 2279 1399 Reduction

1314 1381 1501 1441 geschehen,
1524 1382 1606 1442 ihren
1641 1384 1745 1444 Werth
1774 1384 1801 1444 in
1829 1386 1878 1446 dem
1918 1388 2205 1448 Großherzogthum
2250 1389 2294 1449 Li¬

1311 1428 1421 1488 thauen
1450 1428 1544 1488 haben
1578 1430 1683 1490 sollte;
1711 1431 1766 1491 und
1795 1434 1889 1494 dieser
1912 1435 2039 1495 Befehl
2056 1437 2089 1497 ist
2106 1437 2178 1497 auch
2207 1437 2295 1497 hiesi=

1313 1476 1360 1536 gen
1392 1476 1471 1536 Orts
1493 1477 1641 1537 öffentlich
1673 1481 1847 1541 publiciret
1869 1482 2017 1542 worden.
2070 1486 2139 1546 Aus
2171 1487 2292 1547 Minsk

1309 1522 1387 1582 wird
1413 1526 1585 1586 gemeldet,
1610 1527 1664 1587 daß
1694 1530 1827 1590 daselbst
1852 1530 1896 1590 ein
1926 1533 2059 1593 Courier
2089 1532 2143 1592 von
2173 1533 2295 1593 Nowo=

1309 1572 1383 1632 grod
1408 1572 1619 1632 angelanget,
1645 1575 1772 1635 welcher
1802 1575 1896 1635 denen
1931 1578 2000 1638 nach
2030 1578 2133 1638 Potok
2153 1581 2300 1641 marschi=

1309 1613 1417 1673 renden
1452 1614 1598 1674 Truppen
1629 1617 1678 1677 die
1698 1619 1805 1679 Ordre
1821 1620 2027 1680 überbringt,
2047 1622 2130 1682 ihren
2165 1622 2288 1682 Marsch

1309 1658 1525 1718 geschwinder
1545 1661 1760 1721 fortzusetzen.
1810 1663 1893 1723 Auch
1923 1664 1977 1724 hat
1997 1664 2040 1724 sich
2075 1664 2129 1724 das
2149 1667 2295 1727 Gerücht

1312 1700 1548 1760 ausgebreitet,
1572 1706 1625 1766 daß
1655 1706 1702 1766 die
1722 1706 1833 1766 Stadt
1852 1709 2006 1769 Nieswiz
2026 1709 2083 1769 von
2118 1712 2209 1772 denen
2248 1714 2295 1774 die

1319 1746 1367 1806 sich
1400 1748 1454 1808 zur
1476 1751 1725 1811 Conföderation
1758 1754 1958 1814 geschlagen,
1981 1757 2127 1817 erobert,
2154 1762 2214 1822 und
2241 1763 2295 1823 zur

1311 1799 1467 1859 Residenz
1501 1799 1556 1859 der
1590 1802 1830 1862 Conföderirten
1881 1805 2042 1865 erwählet
2076 1809 2137 1869 sey.

2214 1813 2284 1873 Das

1316 1849 1435 1909 Schloß
1465 1849 1530 1909 aber
1555 1852 1626 1912 will
1644 1853 1691 1913 sich
1716 1853 1781 1913 noch
1811 1853 2043 1913 vertheidigen.

1483 1903 1873 1963 Constantinopel,
1897 1906 1946 1966 den
1975 1906 2013 1966 2.
2042 1906 2147 1966 May.

1361 1947 1432 2007 Auf
1457 1948 1576 2008 Befehl
1601 1951 1648 2011 der
1673 1954 1793 2014 Pforte
1811 1954 1871 2014 hat
1890 1954 1931 2014 ein
1956 1954 2171 2014 ansehnliches
2190 1954 2292 2014 Corps

1318 1996 1488 2056 Truppen,
1515 1999 1644 2059 welches
1670 2002 1898 2062 meistentheils
1924 2004 1950 2064 in
1971 2005 2152 2065 Cavallerie
2173 2003 2307 2063 besteht,

1310 2043 1363 2103 den
1390 2043 1517 2103 Marsch
1544 2045 1613 2105 nach
1640 2046 1693 2106 den
1720 2049 1890 2109 polnischen
1922 2052 1980 2112 und
2008 2054 2161 2114 rußischen
2194 2055 2305 2115 Gren¬

1319 2094 1364 2154 zen
1391 2092 1586 2152 angetreten,
1613 2093 1651 2153 um
1691 2097 1795 2157 wegen
1822 2102 1873 2162 der
1894 2103 2063 2163 polnischen
2090 2109 2219 2169 Affairen
2246 2109 2291 2169 bey

1318 2140 1371 2200 der
1393 2142 1488 2202 Hand
1515 2142 1541 2202 zu
1573 2142 1657 2202 seyn.

1616 2231 2003 2291 AVERTISSEMENT.

1361 2277 1436 2337 Bey
1471 2281 1518 2341 dem
1565 2279 1722 2339 Verleger
1757 2282 1850 2342 dieser
1880 2288 2014 2348 Zeitung
2044 2286 2084 2346 ist
2108 2288 2136 2348 zu
2172 2291 2299 2351 haben:

1319 2330 1496 2390 Geschichte
1524 2328 1618 2388 Ernst
1640 2330 1773 2390 Johann
1801 2330 1834 2390 v.
1851 2333 1978 2393 Biron,
2001 2333 2144 2393 Herzogs
2172 2336 2194 2396 in
2222 2336 2299 2396 Lief=

1318 2378 1410 2438 land,
1436 2378 1462 2438 zu
1499 2378 1643 2438 Curland
1675 2378 1737 2438 und
1763 2383 1969 2443 Semgallien
2006 2382 2032 2442 in
2068 2384 2290 2444 verschiedenen

1320 2426 1453 2486 Briefen
1482 2426 1673 2486 entworfen,
1680 2429 1714 2489 8,
1726 2432 1795 2492 Frf.
1808 2432 1865 2492 und
1889 2432 1987 2492 Leipz.
2011 2434 2092 2494 764.
2121 2434 2132 2494 1
2150 2435 2185 2495 fl.
2197 2436 2231 2496 18
2255 2439 2300 2499 gr.

1317 2474 1471 2534 Poxtrait
1492 2475 1539 2535 der
1567 2473 1604 2533 90
1636 2476 1842 2536 Madchens,
1875 2477 1922 2537 die
1950 2480 2002 2540 den
2030 2482 2210 2542 Nummern
2253 2485 2300 2545 der

1319 2521 1418 2581 Berl.
1435 2524 1567 2584 Lotterie
1590 2524 1788 2584 angehangen
1822 2527 1965 2587 worden,
1988 2527 2003 2587 5
2032 2533 2147 2593 Achth.
2175 2536 2291 2596 Neues

1319 2570 1458 2630 Königl.
1475 2572 1604 2632 Preuß.
1621 2572 1815 2632 Munzedict
1832 2575 1864 2635 de
1886 2575 1956 2635 dato
1979 2577 2092 2637 Berlin
2114 2581 2162 2641 den
2189 2582 2286 2642 29sten

1319 2620 1438 2680 Marz,
1461 2620 1545 2680 764,
1569 2620 1648 2680 Fol.
1694 2623 1858 2683 Memoire
1881 2623 1926 2683 sur
1949 2624 1989 2684 les
2006 2627 2130 2687 Samoje
2142 2629 2187 2689 les
2210 2629 2238 2689 et
2255 2628 2294 2688 les

1321 2667 1487 2727 Lappons,
1510 2667 1548 2727 8,
1570 2664 1653 2724 762,
1681 2667 1697 2727 1
1720 2670 1758 2730 fl.

1318 2726 1409 2786 Diese
1425 2721 1562 2781 Gelehrte
1578 2724 1631 2784 und
1654 2727 1814 2787 Politische
1830 2733 1960 2793 Zeitung
1984 2730 2051 2790 wird
2075 2730 2120 2790 des
2144 2730 2296 2790 Montags

1420 2769 1472 2829 und
1506 2769 1647 2829 Freytags
1668 2769 1694 2829 in
1715 2769 1762 2829 dem
1803 2770 1991 2830 Kanterschen
2025 2772 2192 2832 Buchladen

1696 2808 1915 2868 ausgegeben.
