2479 3508
237 354 480 414 schwefelhaft,
504 354 660 414 verfliegt
684 348 753 408 aber
783 351 852 411 bald
917 351 968 411 der
992 354 1177 414 Geschmack
1207 354 1246 414 ist

243 404 342 464 etwas
370 401 541 461 säuerlich,
569 401 619 461 die
641 398 735 458 Kälte
757 401 823 461 nach
851 402 900 462 dem
940 403 1238 463 Fahrenheitischen

247 461 500 521 Thermometer
528 460 605 520 40°,
638 458 687 518 die
710 458 869 518 Schwere
892 463 936 523 6,
964 461 1057 521 Grad
1085 461 1250 521 schwerer,

243 518 291 578 als
330 518 384 578 das
422 515 628 575 Flußwasser
661 512 688 572 in
732 514 786 574 der
819 517 959 577 Ekau,
993 518 1074 578 einem
1129 513 1242 573 kleinen

252 578 395 638 Strome
424 575 473 635 bey
501 574 639 634 Mitau.
684 578 799 638 Durch
823 578 871 638 die
894 579 1132 639 Ausdünstung
1166 577 1242 637 bliel

255 634 311 694 von
346 634 408 694 17,
431 631 459 691 Ib
488 634 658 694 Wasser,
682 636 766 696 Unze
795 635 959 695 kalkichter
988 637 1072 697 Erde
1102 634 1169 694 nach

248 683 294 743 Es
325 685 443 745 werden
475 688 671 748 verschiedne
692 688 862 748 chymische
888 690 1042 750 Versuche
1074 689 1182 749 damit
1208 685 1254 745 er¬

251 739 356 799 zählt.
405 736 494 796 Man
521 739 648 799 schließt
664 739 722 799 aus
749 739 854 799 allen:
881 738 918 798 1.
934 738 965 798 es
992 737 1035 797 sey
1056 738 1119 798 eine
1146 737 1251 797 subtile

248 785 414 845 alkalische
431 784 530 844 Erde,
553 786 591 846 2.
614 786 652 846 ein
675 786 835 846 flüchtiger
852 786 1040 846 Schwefel,
1063 786 1095 846 3.
1118 785 1156 845 ein
1179 784 1251 844 Aci-

247 831 309 891 dum
347 828 530 888 vitriolicum
573 831 722 891 martiale
761 833 785 893 in
819 834 909 894 diesem
954 834 1256 894 Brunnenwasser,

254 879 314 939 wie
339 880 364 940 in
390 881 440 941 dem
486 879 697 939 Tönnsteiner
723 882 783 942 und
809 882 1025 942 Corbacenser
1046 882 1071 942 in
1101 882 1151 942 der
1167 879 1257 939 Wet¬

250 932 361 992 terau.
409 928 451 988 2)
473 930 738 990 Unpartheyische
755 933 999 993 Beurtheilung
1026 932 1073 992 der
1100 927 1254 987 Schrift:

255 972 357 1032 „Der
379 975 487 1035 Christ
509 978 536 1038 in
563 978 612 1038 der
634 978 851 1038 Einsamkeit.
933 978 1003 1038 Auf
1025 976 1171 1036 Anfrage
1188 975 1263 1035 ant¬

255 1025 365 1085 wortet
386 1025 436 1085 der
462 1025 548 1085 Herr
574 1022 736 1082 Verfasser
763 1025 813 1085 des
839 1025 1010 1085 Urtheils:
1037 1024 1122 1084 jener
1148 1023 1254 1083 Autor

258 1073 299 1133 sey
325 1070 412 1130 wohl
434 1070 475 1130 ein
501 1070 702 1130 Weltweiser
724 1070 796 1130 aber
823 1073 879 1133 kein
911 1070 1008 1130 ächter
1030 1070 1153 1130 Christ,
1180 1072 1257 1132 weil

247 1118 277 1178 er
304 1119 356 1179 den
388 1115 508 1175 Grund
535 1118 634 1178 seiner
661 1120 828 1180 Seligkeit
854 1118 938 1178 nicht
960 1118 985 1178 im
1028 1120 1132 1180 Blute
1154 1118 1200 1178 J.
1216 1118 1263 1178 C.

254 1169 364 1229 finde,
395 1166 526 1226 sondern
567 1166 591 1226 in
627 1169 737 1229 eignen
784 1166 1071 1226 Tugendwerken.
1142 1164 1257 1224 Seine

251 1216 432 1276 Millionen
464 1216 525 1276 und
552 1216 748 1276 Milliarden
775 1216 930 1276 überlaße
956 1214 987 1274 er
1019 1213 1070 1273 ihm
1117 1213 1174 1273 und
1205 1210 1262 1270 sei¬

258 1261 313 1321 nen
346 1264 534 1324 schlafenden
567 1264 710 1324 Seelen.
755 1267 815 1327 S.
827 1264 887 1324 69.
915 1261 1014 1321 "Das
1042 1264 1147 1324 wahre
1170 1261 1263 1321 Chri¬

310 1315 462 1375 enthum"
490 1315 571 1375 eines
598 1317 750 1377 öffentlich
778 1315 1011 1375 erscheinenden
1050 1315 1255 1375 demüthigen

259 1357 308 1417 J.
325 1365 463 1425 Arndt
497 1363 535 1423 sey
574 1366 640 1426 viel
663 1366 779 1426 anders
813 1366 862 1426 als
896 1366 906 1426 "
929 1366 979 1426 der
1002 1366 1112 1426 Christ
1140 1365 1167 1425 in
1206 1363 1256 1423 der

258 1414 506 1474 »Einsamkeit"
545 1414 631 1474 eines
664 1416 842 1476 versteckten
876 1416 1130 1476 hochfliegenden
1163 1413 1260 1473 Soci¬

249 1461 408 1521 nianers.
457 1464 594 1524 Unten:
616 1467 727 1527 Joh.
744 1464 893 1524 Loder,
915 1464 1015 1524 Lycei
1032 1461 1174 1521 Rector,
1191 1461 1265 1521 Pa¬

259 1514 324 1574 stor
347 1512 396 1572 des
425 1512 574 1572 Kayserl.
597 1511 868 1571 Oberconsistorii
886 1509 1035 1569 Assessor.

685 1558 912 1618 „Fortsetzung
945 1560 999 1620 vom
1048 1560 1248 1620 barberschen

311 1557 406 1617 IVtes
440 1560 569 1620 Stück.
620 1560 659 1620 1)

254 1606 482 1666 „Brunnen."
541 1605 615 1665 Sie
636 1608 763 1668 enthält
791 1608 939 1668 Beweise
971 1608 1023 1668 der
1050 1607 1167 1667 Kräfte
1199 1605 1262 1665 die¬

261 1655 302 1715 ses
333 1655 478 1715 Wassers
509 1652 586 1712 beym
634 1655 830 1715 äußerlichen
856 1652 1026 1712 Gebrauch
1058 1649 1088 1709 zu
1120 1649 1249 1709 Bädern

262 1703 290 1763 in
319 1700 529 1760 angeführten
563 1697 772 1757 verschiednen
801 1697 977 1757 glücklichen
1007 1694 1106 1754 Curen
1135 1694 1259 1754 scorbu¬

260 1745 368 1805 tischer
399 1745 461 1805 und
503 1744 684 1804 gelähmter
710 1742 896 1802 Personen.
944 1742 985 1802 2)
1016 1739 1021 1799 "
1047 1733 1119 1793 Die
1141 1738 1264 1798 Pflicht

261 1788 340 1848 der
369 1790 527 1850 Mütter,
551 1790 623 1850 ihre
647 1790 765 1850 Kinder
794 1790 885 1850 selbst
908 1790 941 1850 zu
970 1787 1083 1847 stillen.
1163 1787 1253 1847 Man

262 1840 325 1900 hat
343 1840 411 1900 viel
429 1840 550 1900 Recht,
580 1840 661 1900 diese
690 1840 782 1900 Lehre
812 1840 880 1900 hier
910 1843 939 1903 zu
974 1840 1153 1900 predigen,
1177 1837 1251 1897 denn

267 1890 362 1950 unsre
382 1891 510 1951 Damen
543 1891 633 1951 gehen
666 1894 729 1954 gern
762 1891 819 1951 mit
845 1894 896 1954 sich
929 1894 1019 1954 selbst
1045 1891 1109 1951 sehr
1141 1891 1269 1951 säuber¬

262 1942 320 2002 lich
345 1940 415 2000 um.

316 1990 392 2050 Vtes
423 1993 552 2053 Stück.
600 1990 831 2050 "Fortsetzung
867 1993 920 2053 des
957 1991 1134 2051 vorigen."
1187 1987 1263 2047 Die

267 2041 414 2101 Gründe
443 2043 499 2103 sind
534 2041 759 2101 hauptsächlich
795 2043 856 2103 aus
885 2040 935 2100 der
959 2039 1196 2099 Arzeneykunst
1220 2037 1264 2097 ge¬

260 2092 441 2152 nommen,
468 2091 552 2151 nicht
574 2091 659 2151 neu,
686 2091 760 2151 aber
782 2091 872 2151 wohl
889 2088 1133 2148 durchgeführt.
1186 2085 1260 2145 Der

267 2139 428 2199 Verfasser
463 2139 607 2199 wünscht
630 2141 769 2201 zuletzt:
814 2139 853 2199 vt
876 2139 970 2199 omne
999 2136 1059 2196 fiat
1088 2133 1205 2193 ordine
1239 2133 1266 2193 et

265 2186 436 2246 decenter.

635 2231 874 2291 "Anmerkung
911 2233 994 2293 über
1042 2234 1096 2294 die
1132 2231 1269 2291 Benen¬

318 2230 414 2290 VItes
451 2233 577 2293 Stück.

265 2276 379 2336 "nung
412 2279 471 2339 von
510 2273 738 2333 Kirchholm,
782 2279 912 2339 Daelen
956 2282 1032 2342 oder
1065 2282 1265 2342 Daelholm,

290 2330 411 2390 Urkull
438 2324 501 2384 und
528 2324 787 2384 Kockenhausen,
851 2330 924 2390 alles
951 2330 1067 2390 Oerter
1094 2330 1131 2390 um
1174 2330 1257 2390 Riga

266 2381 398 2441 herum.
448 2372 564 2432 Schon
592 2372 647 2432 vor
670 2372 752 2432 1187
781 2376 891 2436 müssen
925 2381 1096 2441 Kaufleute
1118 2378 1168 2438 den
1196 2377 1262 2437 lief=

268 2430 445 2490 ländischen
476 2421 664 2481 Meerbusen
695 2423 836 2483 befahren
867 2429 984 2489 haben.
1038 2429 1126 2489 1203
1157 2426 1268 2486 wohn=

264 2479 315 2539 ten
342 2478 497 2538 Deutsche
518 2473 550 2533 am
596 2469 706 2529 alten
733 2470 889 2530 Berge,
910 2478 974 2538 und
994 2476 1091 2536 neben
1118 2475 1163 2535 bey
1190 2475 1254 2535 war

273 2529 404 2589 Riga.
453 2521 709 2581 Meinhard
745 2518 835 2578 baute
863 2521 966 2581 zuerst
995 2524 1057 2584 eine
1086 2524 1196 2584 Kirche
1224 2522 1251 2582 zu

267 2575 455 2635 Ykeskola,
487 2575 556 2635 jetzt
588 2567 745 2627 Uexkull.
808 2568 984 2628 Kirchholm
1029 2572 1097 2632 war
1130 2572 1185 2632 erst
1211 2571 1254 2631 ein

263 2626 423 2686 Holm,
455 2623 608 2683 (Insel,)
635 2618 679 2678 wo
711 2619 845 2679 hernach
878 2620 1063 2680 Meinhard
1089 2623 1159 2683 auch
1192 2622 1261 2682 eine

263 2673 384 2733 Kirche
406 2670 537 2730 erbaut.
586 2667 701 2727 Daelen
733 2667 802 2727 oder
824 2661 976 2721 Daelholm
1019 2668 1103 2728 leitet
1125 2668 1172 2728 der
1199 2668 1262 2728 Au¬

262 2721 312 2781 tor
347 2720 403 2780 her
432 2718 488 2778 von
523 2716 608 2776 einem
654 2716 836 2776 Geschrey,
870 2712 990 2772 dael,
1019 2717 1052 2777 na
1092 2718 1262 2778 daelen,

267 2769 318 2829 bey
352 2769 436 2829 einem
482 2766 646 2826 Ueberfall
674 2766 719 2826 der
754 2763 940 2823 Geistlichen
980 2763 1036 2823 von
1071 2766 1121 2826 den
1150 2766 1262 2826 Liven,

264 2820 324 2880 wie
347 2819 413 2879 noch
442 2817 508 2877 jetzt
530 2817 574 2877 die
598 2817 775 2877 Holländer
803 2815 858 2875 und
886 2811 1030 2871 Lübecker
1058 2814 1130 2874 beym
1170 2814 1263 2874 Abse¬

262 2870 332 2930 gelu
363 2870 409 2930 na
446 2870 540 2930 dael
564 2867 677 2927 rufen.
737 2867 813 2927 Die
844 2864 962 2924 Kirche
986 2864 1015 2924 zu
1051 2864 1164 2924 Holm
1212 2863 1252 2923 sey

1283 353 1369 413 nicht
1387 348 1519 408 dieselbe
1543 352 1600 412 mit
1624 351 1675 411 der
1699 351 1773 411 alten
1804 354 1832 414 zu
1862 351 2121 411 Kirchholm,
2139 352 2179 412 (s.
2197 354 2288 414 Liefl.

1285 398 1443 458 Chronick
1470 398 1522 458 S.
1544 398 1601 458 32.
1656 398 1798 458 Uexkull
1825 401 1861 461 ist
1888 396 1946 456 aus
1979 392 2137 452 Ykeskola
2169 401 2290 461 zusam=

1283 446 1518 506 mengezogen,
1534 446 1592 506 und
1622 446 1764 506 bedeutet
1779 449 1838 509 Kol
1858 446 1882 506 im
1917 443 2172 503 Sklavonischen
2197 449 2275 509 einen

1286 494 1477 554 Thurm;
1499 494 1711 554 Kokenhusen
1744 497 1807 557 hieß
1834 497 1887 557 bey
1909 497 1956 557 den
1983 494 2094 554 Russen
2116 494 2291 554 Koknois;

1286 545 1344 605 und
1371 545 1439 605 war
1461 545 1503 605 ein
1535 545 1614 605 altes
1641 544 1730 604 festes
1763 548 1926 608 russisches
1953 548 2080 608 Schloß
2112 545 2144 605 an
2187 544 2271 604 einem

1286 592 1397 652 Bache
1424 592 1562 652 Kokna,
1584 590 1657 650 jetzt
1679 591 1779 651 Berse.

1336 640 1446 700 VIltes
1474 641 1600 701 Stück.
1632 640 1674 700 1)
1696 642 1711 702 ”
1733 642 1844 702 Neuer
1871 643 2008 703 Beweis
2035 643 2087 703 von
2119 643 2166 703 den
2193 640 2293 700 Kräf=

1300 691 1356 751 ten
1382 691 1433 751 des
1465 691 1661 751 barberschen
1693 691 1966 751 Heilbrunnens"
2003 691 2039 751 an
2070 693 2153 753 einer
2179 694 2292 754 Hand¬

1290 739 1501 799 werksfrau,
1543 739 1588 799 die
1620 739 1697 799 beym
1744 739 1888 799 Säugen
1914 739 1996 799 ihres
2033 741 2156 801 Kindes
2193 742 2280 802 durch

1286 787 1330 847 ein
1361 786 1644 846 Sternschneutzen
1680 788 1867 848 erschrocken
1898 789 1923 849 in
1964 788 2029 848 eine
2050 789 2191 849 Raserey
2222 790 2292 850 ver¬

1294 834 1359 894 fiel.
1408 831 1488 891 Das
1516 834 1586 894 Bad
1614 832 1738 892 besserte
1760 837 1819 897 sie,
1847 837 1906 897 und
1934 837 1998 897 half
2025 836 2080 896 ihr
2107 837 2220 897 wieder
2253 840 2280 900 zu

1287 882 1338 942 der
1367 882 1555 942 verstopften
1590 882 1801 942 monatlichen
1836 885 2046 945 Reinigung.
2098 888 2143 948 2)
2167 886 2178 946 ”
2201 882 2269 942 Vom

1309 930 1423 990 Hause
1450 930 1504 990 der
1532 930 1699 990 schwarzen
1732 930 1900 990 Häupter.
1971 931 2057 991 Eine
2079 933 2290 993 Gesellschaft

1294 980 1404 1040 junger
1424 978 1731 1038 unverheyratheter
1757 978 1953 1038 Kaufleute,
1979 981 2074 1041 theils
2100 982 2154 1042 von
2180 984 2290 1044 Frem¬

1283 1023 1364 1083 den,
1392 1025 1490 1085 theils
1513 1024 1797 1084 Einheimischen,
1825 1022 1928 1082 nennt
1950 1025 1999 1085 sich
2022 1030 2175 1090 schwarze
2197 1031 2295 1091 Häu¬

1287 1073 1377 1133 pter,
1403 1073 1503 1133 haben
1529 1070 1579 1130 ihr
1605 1073 1725 1133 eigenes
1756 1070 1852 1130 Haus
1872 1070 1932 1130 mit
1958 1070 2039 1130 einem
2075 1075 2195 1135 Wapen
2221 1079 2276 1139 von

1288 1118 1388 1178 drey
1434 1121 1832 1181 Mohrenköpfen,
1879 1119 2004 1179 machen
2051 1120 2141 1180 zwar
2182 1124 2282 1184 keinen

1292 1166 1407 1226 Stand
1438 1166 1462 1226 in
1503 1166 1559 1226 der
1590 1168 1832 1228 Bürgerschaft
1858 1169 1943 1229 aus,
1979 1168 2079 1228 haben
2115 1168 2185 1228 aber
2216 1172 2281 1232 doch

1294 1211 1365 1271 ihre
1399 1213 1487 1273 eigne
1515 1216 1703 1276 Stiftung,
1737 1215 1848 1275 Titel,
1887 1216 2048 1276 Gestühle
2076 1216 2103 1276 in
2143 1217 2292 1277 Kirchen,

1293 1264 1430 1324 Wahlen
1475 1264 1513 1324 u.
1536 1264 1563 1324 d.
1580 1266 1629 1326 gl.
1685 1264 1811 1324 Woher
1851 1264 1977 1324 kömmt
2006 1264 2055 1324 ihr
2088 1267 2281 1327 Wapen?

1292 1315 1402 1375 Haben
1435 1315 1466 1375 sie
1493 1315 1535 1375 wo
1562 1315 1651 1375 gegen
1683 1315 1825 1375 Mauren
1852 1317 1978 1377 gedient
2006 1318 2068 1378 und
2101 1318 2285 1378 gefochten?

1293 1368 1352 1428 Ist
1376 1368 1422 1428 der
1447 1366 1594 1426 englische
1619 1366 1725 1426 König
1755 1364 1915 1424 Arthur
1939 1366 1986 1426 ihr
2017 1366 2164 1426 Stifter?
2200 1366 2288 1426 Alles

1294 1416 1358 1476 dies
1391 1416 1428 1476 ist
1461 1414 1628 1474 ungewiß.
1677 1416 1763 1476 Man
1801 1416 1871 1476 hoft
1899 1416 1984 1476 mehr
2017 1416 2098 1476 Licht
2125 1416 2184 1476 aus
2217 1416 2265 1476 dem

1294 1464 1407 1524 Archiv
1440 1463 1494 1523 des
1522 1464 1673 1524 löblichen
1701 1464 1841 1524 Hauses.
1897 1464 2031 1524 (Einige
2059 1467 2151 1527 geben
2190 1464 2286 1524 diesen

1293 1512 1583 1572 wahrscheinlichen
1610 1512 1773 1572 Ursprung
1801 1512 1853 1572 des
1880 1512 2022 1572 Wapens
2055 1515 2123 1575 an,
2150 1515 2202 1575 daß
2234 1515 2281 1575 sich

1293 1562 1416 1622 einmal
1442 1561 1505 1621 eine
1540 1560 1742 1620 Compagnie
1767 1563 2009 1623 Handelsleute
2034 1563 2216 1623 zusammen
2246 1561 2295 1621 ge¬

1288 1610 1395 1670 than,
1422 1608 1488 1668 nach
1525 1608 1679 1668 Afrika
1716 1608 1746 1668 zu
1788 1608 1952 1668 handeln,
1979 1609 2040 1669 und
2077 1613 2133 1673 den
2169 1610 2293 1670 Moh¬

1293 1655 1475 1715 renkopf
1500 1651 1553 1711 zum
1593 1649 1716 1709 Wapen
1741 1650 1888 1710 gewählt
1908 1652 2050 1712 hätten.)

1491 1694 1576 1754 (Die
1605 1696 1803 1756 Fortsetzung
1832 1697 1916 1757 folgt
1945 1700 2102 1760 künftig.)

1593 1823 1708 1883 Ueber
1731 1822 1781 1882 die
1811 1825 1985 1885 Gesänge

1520 1904 1573 1964 der
1604 1903 1804 1963 Madame
1847 1909 2065 1969 Karschin.

1299 2011 1469 2071 Meisterin
1508 2011 1557 2071 der
1589 2008 1785 2068 sapphischen
1824 2014 1975 2074 Gesänge

1345 2085 1469 2145 Strafe
1498 2084 1571 2144 mich
1606 2082 1691 2142 nicht
1720 2082 1833 2142 mehr!

1295 2157 1425 2217 Deiner
1455 2157 1561 2217 Lieder
1591 2155 1680 2215 leicht
1704 2157 1851 2217 gezählte
1882 2158 2005 2218 Menge

1344 2229 1470 2289 Drückt
1496 2228 1574 2288 mich
1605 2226 1689 2286 schon
1726 2226 1757 2286 zu
1787 2228 1878 2288 sehr.

1301 2327 1491 2387 Schenktest
1520 2324 1548 2384 du
1589 2321 1623 2381 sie
1653 2324 1739 2384 nicht
1768 2324 1825 2384 mit
1849 2327 1935 2387 Fleiß
1970 2324 2022 2384 zur
2057 2324 2177 2384 Strafe

1344 2399 1402 2459 So
1432 2399 1543 2459 vergiß
1578 2396 1642 2456 dein
1678 2396 1771 2456 Ziel!

1299 2470 1403 2530 Mehr
1435 2470 1483 2530 als
1515 2467 1613 2527 Muse
1645 2467 1656 2527 —
1720 2470 1836 2530 Göttin
1874 2473 1942 2533 sey!
1980 2473 2146 2533 umschaffe

1344 2544 1423 2604 Erst
1450 2545 1529 2605 mein
1562 2542 1648 2602 ganz
1673 2545 1821 2605 Gefühl.

1305 2643 1407 2703 Schon
1450 2643 1517 2703 drey
1554 2641 1644 2701 Töne
1675 2644 1784 2704 deiner
1809 2646 1929 2706 sanften
1967 2646 2057 2706 Leyer

1345 2715 1469 2775 Gießen
1509 2712 1600 2772 solche
1634 2715 1724 2775 Glut

1296 2792 1347 2852 In
1380 2789 1430 2849 die
1457 2787 1585 2847 Seele,
1618 2790 1668 2850 daß
1708 2793 1746 2853 ein
1785 2794 1880 2854 neues
1914 2793 2016 2853 Feuer

1341 2864 1449 2924 Keine
1480 2863 1642 2923 Wirkung
1674 2867 1763 2927 thut.

2168 2910 2289 2970 Meine
