2479 3508
605 1201 721 1261 33tes
770 1198 933 1258 Stück.
1005 1196 1223 1256 Freytag,
1263 1191 1326 1251 den
1374 1193 1451 1253 25.
1484 1192 1592 1252 May
1641 1190 1788 1250 1764.

574 1268 785 1328 Fortsetzung

313 1375 632 1435 Kleinjoggs
672 1375 1061 1435 Wirthschaft.

440 1438 667 1498 (Zweyter
698 1434 924 1494 Auszug.)

203 1509 356 1569 Seine
374 1503 497 1563 Wiesen
522 1500 621 1560 liegen
651 1500 704 1560 alle
728 1500 751 1560 im
793 1500 898 1560 flachen
928 1500 1022 1560 Felde
1046 1500 1104 1560 und
1129 1497 1181 1557 be=

306 1560 402 1620 stehen
431 1557 488 1617 aus
517 1555 682 1615 folgenden
711 1551 881 1611 Stücken:

211 1622 378 1682 Morgen.
405 1619 513 1679 Geben
541 1619 572 1679 an
595 1618 670 1678 Heu
703 1617 762 1677 und
784 1613 1005 1673 Grummet

1053 1611 1184 1671 Fuder.

282 1688 297 1748 1
329 1687 406 1747 Der
433 1682 662 1742 Baumgarten
700 1679 788 1739 dient
815 1676 866 1736 den
899 1676 1065 1736 Sommer

409 1733 496 1793 durch
530 1733 579 1793 dem
623 1730 710 1790 Vieh
743 1730 770 1790 in
804 1730 852 1790 die
875 1730 1000 1790 Krippe
1028 1730 1055 1790 zu

413 1780 544 1840 grasen.

279 1830 298 1890 6
334 1828 404 1888 Die
420 1822 541 1882 Wiesen
572 1821 596 1881 im
632 1819 697 1879 Loch
723 1817 753 1877 an
784 1817 798 1877 5
824 1817 980 1877 Stücken,
996 1817 1066 1877 wel=

409 1872 454 1932 che
485 1869 546 1929 alle
567 1867 683 1927 können
720 1864 888 1924 gewässert
919 1864 1061 1924 werden.

412 1914 525 1974 Geben

287 1975 301 2035 4
348 1967 408 2027 Die
431 1963 621 2023 Langwiese,
684 1980 759 2040 diese
775 1978 865 2038 beyde
882 1981 987 2041 müssen
1019 1977 1071 2037 ge=

707 2031 819 2091 düngt
835 2028 959 2088 werden

348 2055 385 2115 Im
431 2055 620 2115 Wynicken,

188 2121 262 2181 Sa.
271 2121 307 2181 15
339 2116 474 2176 Morgen
505 2118 596 2178 geben
635 2115 762 2175 jährlich
793 2115 823 2175 an
847 2115 914 2175 Heu
945 2112 997 2172 und

1050 2160 1174 2220 Fuder.

416 2168 600 2228 Grummet

186 2220 295 2280 Neben
328 2217 421 2277 diesen
455 2220 536 2280 hatte
570 2218 596 2278 er
630 2216 695 2276 noch
734 2214 799 2274 eine
822 2211 925 2271 Wiese
959 2209 1013 2269 von
1046 2211 1057 2271 3
1085 2211 1182 2271 Mor¬

189 2273 265 2333 gen,
292 2271 338 2331 die
370 2268 535 2328 gewässert
556 2264 674 2324 werden
711 2264 845 2324 konnte,
871 2263 896 2323 in
929 2260 1010 2320 einem
1053 2258 1181 2318 benach¬

188 2318 291 2378 barten
322 2318 431 2378 Dorfe
452 2318 488 2378 um
530 2315 581 2375 den
602 2312 680 2372 Zins
706 2312 757 2372 von
789 2315 825 2375 44
846 2312 882 2372 fl.
892 2312 913 2372 in
940 2309 1042 2369 Pacht
1053 2309 1182 2369 genom=

188 2367 257 2427 men
283 2367 343 2427 und
369 2369 454 2429 durch
480 2366 545 2426 eine
571 2363 696 2423 getreue
722 2363 837 2423 Arbeit
863 2363 1029 2423 ungemein
1065 2357 1180 2417 verbes¬

187 2420 268 2480 sert.
312 2419 425 2479 Durch
453 2417 549 2477 seinen
577 2411 663 2471 Fleis
691 2411 750 2471 hat
772 2411 804 2471 er
832 2412 880 2472 die
902 2411 1086 2471 Heuerndte
1119 2408 1178 2468 mit

187 2479 203 2539 8
238 2476 361 2536 Fudern
401 2473 593 2533 vermehrt,
622 2470 752 2530 welches
781 2473 927 2533 beynahe
1002 2469 1176 2529 ausmacht,

189 2524 249 2584 und
274 2523 324 2583 den
350 2521 546 2581 Unterscheid
572 2521 627 2581 von
658 2519 667 2579 7
688 2519 748 2579 und
774 2521 783 2581 8
809 2523 930 2583 Fudern
961 2521 1011 2581 bey
1031 2517 1081 2577 der
1097 2515 1167 2575 oben

192 2574 401 2634 angeführten
436 2572 562 2632 gleichen
591 2569 718 2629 Anzahl
741 2570 790 2630 von
824 2572 962 2632 Morgen
990 2568 1122 2628 schreibt
1151 2566 1178 2626 er

194 2623 245 2683 dem
282 2623 421 2683 Mangel
443 2620 494 2680 des
515 2616 613 2676 Mists
640 2617 701 2677 und
717 2617 768 2677 der
790 2623 986 2683 arbeitender
1008 2617 1116 2677 Hände
1132 2614 1183 2674 zu,

192 2672 300 2732 welche
327 2670 375 2730 ihn
414 2667 523 2727 bisher
550 2664 734 2724 verhindert
762 2668 837 2728 seine
865 2670 1093 2730 Verbesserung
1120 2664 1174 2724 zur

190 2720 491 2780 Vollkommenheit
516 2715 545 2775 zu
576 2715 735 2775 bringen.
789 2718 871 2778 Das
902 2721 966 2781 Heu
1002 2716 1037 2776 ist
1062 2715 1179 2775 gemei¬

184 2775 294 2835 niglich
329 2772 422 2832 gegen
457 2768 503 2828 den
545 2766 730 2826 Grummet
754 2765 783 2825 in
818 2769 981 2829 doppeltem
1022 2765 1178 2825 Verhält¬

184 2824 264 2884 nis.
312 2823 392 2883 Eine
416 2822 555 2882 Juchart
567 2814 688 2874 Wiesen
718 2817 874 2877 erfordert
892 2823 961 2883 nach
985 2818 1170 2878 Kleinjoggs

1218 1265 1397 1325 Meynung
1429 1267 1459 1327 zu
1486 1264 1675 1324 gnugsamer
1702 1263 1871 1323 Düngung
1903 1262 1964 1322 alle
1985 1264 1995 1324 2
2026 1261 2134 1321 Jahre
2160 1261 2195 1321 10

1214 1312 1317 1372 Fuder
1342 1309 1431 1369 Mist
1456 1308 1529 1368 oder
1554 1306 1593 1366 20
1624 1308 1726 1368 Fässer
1756 1306 1825 1366 voll
1850 1306 2067 1366 Torfaschen,
2092 1306 2204 1366 welche

1215 1348 1244 1408 er
1265 1351 1289 1411 in
1320 1353 1456 1413 trocknen
1486 1349 1607 1409 Wiesen
1638 1353 1688 1413 für
1714 1351 1763 1411 die
1790 1351 1864 1411 beste
1895 1351 1981 1411 hält.
2031 1350 2077 1410 Er
2107 1354 2207 1414 findet

1215 1397 1358 1457 zwischen
1383 1399 1466 1459 einer
1492 1396 1575 1456 wohl
1595 1400 1787 1460 gedüngeten
1818 1399 1876 1459 und
1901 1398 2098 1458 gewässerten
2123 1399 2211 1459 Wie¬

1210 1446 1240 1506 se
1277 1446 1379 1506 keinen
1421 1448 1642 1508 Unterscheid.
1710 1445 1787 1505 Bey
1818 1446 1869 1506 der
1896 1443 2086 1503 Wässerung
2128 1449 2199 1509 aber

1215 1497 1336 1557 kommt
1353 1496 1379 1556 es
1400 1497 1521 1557 sowohl
1538 1497 1590 1557 auf
1612 1494 1659 1554 die
1675 1496 1733 1556 Art
1755 1491 1807 1551 des
1829 1492 1987 1552 Wassers,
2003 1494 2050 1554 als
2072 1494 2130 1554 auf
2151 1497 2198 1557 die

1216 1548 1296 1608 Art,
1324 1548 1383 1608 wie
1400 1546 1432 1606 es
1454 1548 1541 1608 durch
1569 1545 1617 1605 die
1640 1545 1758 1605 Wiesen
1792 1545 1916 1605 geleitet
1933 1542 2030 1602 wird,
2052 1543 2123 1603 sehr
2145 1546 2209 1606 viel

1211 1600 1269 1660 an.
1339 1599 1467 1659 Reines
1500 1597 1713 1657 Quellwasser
1746 1596 1782 1656 ist
1810 1596 1862 1656 das
1900 1595 2002 1655 beste,
2040 1596 2210 1656 insonder¬

1219 1650 1283 1710 heit
1306 1649 1392 1709 wenn
1431 1649 1457 1709 es
1490 1649 1604 1709 gerade
1631 1647 1685 1707 von
1713 1646 1761 1706 der
1783 1646 1902 1706 Quelle
1936 1643 1957 1703 in
1996 1643 2044 1703 die
2071 1646 2196 1706 Wiesen

1219 1703 1347 1763 geleitet
1379 1700 1498 1760 werden
1535 1699 1648 1759 kann,
1680 1697 1772 1757 indem
1825 1694 1855 1754 es
1892 1694 1922 1754 in
1965 1697 2062 1757 seinem
2115 1696 2212 1756 Lauf,

1216 1750 1288 1810 nach
1316 1751 1511 1811 Kleinjoggs
1534 1749 1834 1809 Wahrnehmung,
1851 1748 1900 1808 die
1923 1747 2023 1807 Kraft
2041 1747 2112 1807 nach
2141 1747 2195 1807 und

1209 1798 1283 1858 nach
1310 1799 1453 1859 verliert.
1513 1799 1714 1859 Torfwasser
1736 1796 1837 1856 findet
1859 1796 1885 1856 er
1912 1799 1975 1859 sehr
1997 1799 2209 1859 nachtheilig,

1213 1840 1242 1900 es
1278 1843 1444 1903 verderbet
1470 1843 1520 1903 den
1561 1846 1687 1906 Rasen.
1758 1840 1914 1900 Wasser,
1940 1844 1985 1904 die
2021 1845 2096 1905 viele
2127 1846 2207 1906 Tof¬

1211 1886 1303 1946 steine
1320 1887 1373 1947 bey
1396 1888 1444 1948 sich
1473 1888 1613 1948 führen,
1647 1891 1706 1951 sind
1740 1889 1913 1949 gleichfalls
1946 1891 2012 1951 sehr
2039 1894 2207 1954 schädlich.

1216 1933 1293 1993 Man
1325 1933 1391 1993 muß
1419 1935 1480 1995 also
1512 1936 1563 1996 bey
1600 1936 1652 1996 der
1673 1936 1839 1996 Auswahl
1871 1938 1922 1998 des
1949 1936 2094 1996 Wassers
2126 1942 2208 2002 sorg¬

1212 1981 1302 2041 fältig
1328 1981 1423 2041 seyn,
1449 1980 1524 2040 weil
1545 1981 1610 2041 man
1646 1981 1727 2041 sonst
1758 1982 1818 2042 mit
1844 1984 1894 2044 dem
1935 1984 2076 2044 Wässern
2112 1987 2197 2047 mehr

1215 2026 1364 2086 Schaden
1395 2025 1441 2085 als
1467 2025 1586 2085 Nutzen
1617 2025 1725 2085 schaft.
1777 2025 1853 2085 Das
1891 2029 2024 2089 sicherste
2045 2031 2204 2091 Kennzei¬

1208 2076 1276 2136 chen
1319 2073 1404 2133 eines
1441 2073 1531 2133 guten
1574 2071 1716 2131 Wassers
1749 2071 1812 2131 ist,
1834 2073 1923 2133 wenn
1961 2075 1987 2135 in
2025 2079 2194 2139 demselben

1210 2121 1489 2181 Brunnenkressig
1520 2122 1582 2182 und
1613 2124 1711 2184 andre
1748 2121 1825 2181 fette
1857 2123 2001 2183 Kräuter
2038 2127 2203 2187 wachsen;

1214 2172 1365 2232 hingegen
1398 2172 1549 2232 Binsen,
1577 2175 1679 2235 Moos
1718 2173 1777 2233 und
1810 2172 1999 2232 Riedwachs
2032 2175 2059 2235 in
2097 2178 2178 2238 einem

1217 2220 1303 2280 Bach
1332 2220 1430 2280 zeigen
1466 2222 1506 2282 ein
1530 2226 1581 2286 zur
1599 2226 1790 2286 Wässerung
1814 2226 1998 2286 schäͤdliches
2016 2229 2137 2289 Wasser
2150 2229 2207 2289 an.

1216 2267 1296 2327 Was
1324 2269 1367 2329 die
1390 2270 1519 2330 Leitung
1553 2276 1601 2336 des
1628 2273 1769 2333 Wassers
1808 2276 1894 2336 durch
1927 2277 1976 2337 die
1993 2276 2117 2336 Wiesen
2156 2279 2209 2339 an¬

1216 2320 1328 2380 langt,
1351 2318 1377 2378 so
1410 2321 1523 2381 müssen
1561 2327 1604 2387 die
1626 2327 1755 2387 Haupt=
1783 2327 1842 2387 und
1869 2328 2133 2388 Nebengräblein
2172 2328 2198 2388 so

1216 2366 1420 2426 eingerichtet
1437 2371 1525 2431 seyn,
1553 2375 1602 2435 daß
1630 2377 1685 2437 das
1708 2377 1828 2437 Wasser
1851 2376 1895 2436 sich
1923 2378 1994 2438 über
2017 2378 2066 2438 den
2100 2378 2204 2438 größt¬

1215 2417 1382 2477 möglichen
1411 2419 1515 2479 Theil
1527 2426 1578 2486 der
1602 2429 1723 2489 Wiesen
1752 2423 1937 2483 ausbreite.
1984 2426 2058 2486 Der
2076 2426 2208 2486 Haupt¬

1214 2467 1329 2527 graben
1358 2469 1427 2529 muß
1456 2472 1501 2532 den
1537 2473 1686 2533 Anhöhen
1722 2476 1790 2536 nach
1814 2473 1946 2533 geführt
1964 2473 2113 2533 werden,
2143 2476 2194 2536 daß

1220 2518 1264 2578 sich
1293 2518 1338 2578 die
1367 2524 1626 2584 Nebengråblein
1655 2527 1711 2587 von
1741 2524 1910 2584 demselben
1944 2522 1989 2582 ein
2023 2523 2124 2583 wenig
2153 2524 2209 2584 ab¬

1220 2566 1338 2626 senken.
1390 2567 1463 2627 Die
1487 2574 1617 2634 Canäle
1640 2575 1752 2635 müssen
1792 2573 1872 2633 nicht
1895 2572 1951 2632 tief
1974 2572 2070 2632 seyn,
2099 2572 2206 2632 damit

1214 2616 1265 2676 das
1294 2616 1418 2676 Wasser
1441 2622 1526 2682 leicht
1549 2623 1730 2683 überlaufen
1765 2623 1821 2683 und
1844 2620 1889 2680 sich
1918 2620 1991 2680 über
2026 2620 2070 2680 die
2099 2621 2201 2681 ganze

1217 2661 1336 2721 Wiesen
1372 2667 1515 2727 ergießen
1546 2673 1665 2733 könne.
1713 2670 1802 2730 Man
1839 2668 1910 2728 muß
1946 2667 1999 2727 bey
2030 2667 2196 2727 Anlegung

1217 2712 1263 2772 der
1298 2715 1459 2775 Grablein
1501 2721 1727 2781 insonderheit
1756 2718 1878 2778 darauf
1914 2715 2029 2775 sehen,
2053 2714 2104 2774 daß
2139 2712 2197 2772 das

1211 2763 1338 2823 Wasser
1362 2765 1443 2825 einen
1473 2772 1669 2832 beständigen
1705 2765 1774 2825 Fall
1798 2763 1919 2823 erhalte
1949 2761 2006 2821 und
2037 2757 2111 2817 über
2147 2759 2198 2819 den

1214 2816 1313 2876 Rasen
1341 2820 1530 2880 wegrisele,
1553 2822 1630 2882 weil
1647 2818 1680 2878 es
1703 2814 1835 2874 allemal
1858 2814 1885 2874 zu
1919 2811 2019 2871 faulen
2053 2808 2207 2868 ansängt,

2101 2858 2202 2918 wenn
