2479 3508
274 380 345 440 pfe,
369 380 410 440 20
440 376 611 436 Schilling
635 372 658 432 in
694 372 777 432 einem
819 372 1037 432 Geldbeutel,
1067 372 1108 432 27
1144 372 1273 432 silberne

273 427 511 487 Ein=Zwey=
539 421 602 481 und
634 422 984 482 Dreypfennigstücke,
1011 419 1053 479 ein
1086 419 1196 479 Brodt
1213 419 1270 479 und

279 479 347 539 eine
370 475 528 535 höltzerne
551 470 709 530 Schüssel
727 470 788 530 mit
806 470 947 530 Fischen,
970 468 1099 528 bekam.
1145 470 1196 530 Am
1236 468 1280 528 er¬

279 526 339 586 sten
367 520 627 580 Österfeyertage
644 518 787 578 predigte
821 521 876 581 vor
910 519 998 579 Ihro
1032 520 1175 580 Königl.
1198 518 1280 578 Ma¬

280 574 405 634 jestäten
433 572 455 632 in
488 570 536 630 der
559 569 700 629 Königl.
718 569 870 629 Kapelle,
898 569 946 629 der
980 567 1105 627 Doctor
1133 569 1274 629 Johann

281 619 435 679 Thomas
458 616 607 676 Bischoff
635 619 690 679 von
724 616 939 676 Winchester.
989 616 1077 676 Sein
1111 616 1188 676 Text
1211 616 1277 676 war

271 673 331 733 aus
359 673 374 733 1
392 670 473 730 Cor.
496 670 572 730 XV,
600 667 632 727 v.
649 664 709 724 36.
737 664 792 724 Du
820 667 934 727 Narr,
962 666 1017 726 das
1039 664 1066 724 du
1094 664 1181 724 säest,
1198 664 1280 724 wird

280 721 362 781 nicht
384 719 550 779 lebendig,
571 715 602 775 es
633 713 732 773 sterbe
764 715 867 775 denn.
941 714 1033 774 Nach
1070 713 1117 773 der
1143 712 1288 772 Predigt

278 772 392 832 reichte
413 768 460 828 der
491 763 637 823 Bischoff
664 763 720 823 von
752 763 897 823 London,
913 760 1064 820 Dechant
1081 760 1127 820 der
1148 761 1288 821 Königl.

279 819 428 879 Kapelle,
451 811 546 871 Ihro
579 811 778 871 Majestaten
816 809 874 869 das
902 810 1133 870 Sacrament,
1160 810 1288 870 worauf

286 866 436 926 dieselben
464 863 513 923 ihr
540 858 773 918 gewöhnliches
806 858 914 918 Opfer
936 858 1163 918 verrichteten.
1213 857 1288 917 Se.

278 915 427 975 Durchl.
443 912 494 972 der
520 909 623 969 Prinz
644 908 700 968 von
737 908 1165 968 Mecklenburg=Strelitz,
1191 906 1283 966 bega=
1326 909 1387 969 und
1408 909 1593 969 entschieden
1630 909 1790 969 werden,
1816 909 1846 969 da
1883 909 1955 969 aber
1987 912 2084 972 keiner
2110 912 2166 972 von
2193 912 2244 972 der
2265 915 2321 975 wi¬

283 965 334 1025 ben
366 963 412 1023 sich
438 961 500 1021 mit
521 959 573 1019 dem
615 960 759 1020 Herzoge
780 957 972 1017 d'Ancaster
1003 957 1060 1017 und
1081 957 1127 1017 dem
1169 954 1282 1014 Baron

280 1013 338 1073 von
365 1009 498 1069 Dewitz
520 1007 567 1067 den
600 1004 689 1064 29ten
722 1003 817 1063 April
844 1004 913 1064 nach
946 1004 1164 1064 Cambridge.
1217 1000 1291 1060 Sie

283 1061 413 1121 wurden
444 1055 498 1115 von
529 1055 584 1115 dem
630 1052 785 1112 Canzler,
811 1052 1077 1112 Oberausseher,
1108 1052 1162 1112 den
1198 1049 1288 1109 Pro¬

278 1106 412 1166 fessoren
438 1101 495 1161 und
526 1098 754 1158 Studirenden
786 1099 842 1159 auf
869 1097 962 1157 dieser
994 1097 1169 1157 Academie
1190 1097 1288 1157 feyer¬

281 1157 369 1217 lichst
387 1151 609 1211 empfangen.
654 1148 742 1208 Man
771 1148 876 1208 redete
899 1145 931 1205 sie
955 1145 1110 1205 lateinisch
1138 1145 1193 1205 an,
1222 1144 1282 1204 und

278 1202 474 1262 überreichte
501 1198 618 1258 Ihnen
656 1196 713 1256 das
746 1196 910 1256 Diploma
948 1193 1032 1253 eines
1060 1191 1203 1251 Doctors
1235 1189 1282 1249 der

279 1255 418 1315 Rechte,
441 1247 574 1307 welches
602 1243 674 1303 Se.
697 1243 847 1303 Durchl.
870 1243 1020 1303 gnädigst
1049 1240 1288 1300 anzunehmen,

285 1305 346 1365 und
370 1303 420 1363 dem
460 1297 687 1357 academischen
728 1294 847 1354 Senat
870 1293 927 1353 auf
961 1293 1012 1353 das
1047 1291 1285 1351 verbindlichste

281 1360 310 1420 zu
341 1353 454 1413 danken
498 1346 690 1406 geruheten.

497 1396 746 1456 Warschau,
782 1393 841 1453 vom
889 1393 954 1453 10.
979 1393 1084 1453 May.

332 1449 377 1509 Am
423 1446 632 1506 verwichenen
667 1443 831 1503 Montage
849 1440 944 1500 haben
968 1440 1177 1500 verschiedene
1195 1440 1279 1500 Hrrn

288 1498 478 1558 Senatoren
521 1494 583 1554 und
610 1491 827 1551 Landboten,
864 1490 911 1550 als
943 1491 990 1551 die
1022 1491 1138 1551 beyden
1175 1488 1275 1548 Herrn

277 1545 565 1605 Kronfeldherrn,
604 1541 653 1601 die
682 1540 809 1600 Fürsten
848 1539 909 1599 und
938 1536 1042 1596 Herrn
1076 1536 1275 1596 Woywoden

279 1599 333 1659 von
366 1594 496 1654 Wilda,
513 1590 621 1650 Lublin
649 1590 708 1650 und
736 1587 850 1647 Kiow,
878 1587 926 1647 die
943 1587 1040 1647 Herrn
1063 1586 1285 1646 Kron=Groß=

280 1643 526 1703 schatzmeister,
563 1634 949 1694 Kron=Hofmarschall,
968 1634 1020 1694 der
1048 1634 1153 1694 Fürst
1180 1634 1285 1694 Kron¬

1320 372 1585 432 Untertruchses,
1608 376 1670 436 und
1699 377 1800 437 andre
1829 375 1936 435 mehr,
1965 374 2032 434 eine
2061 374 2309 434 Manifestation

1313 422 1418 482 wider
1440 419 1492 479 den
1519 421 1571 481 des
1604 425 1772 485 Morgens
1804 425 1962 485 eröfneten
2000 422 2173 482 Reichstag
2200 425 2310 485 ullhier

1318 470 1353 530 ad
1380 470 1477 530 Acta,
1498 470 1705 530 übergeben,
1731 475 1792 535 und
1824 476 1859 536 am
1906 473 2071 533 folgenden
2103 473 2195 533 Tage
2216 475 2308 535 haben

1319 518 1469 578 dieselben
1503 518 1670 578 Warschau
1697 524 1870 584 verlassen,
1897 524 1956 584 und
1989 521 2037 581 sich
2070 521 2118 581 zum
2162 521 2265 581 Theil
2281 524 2308 584 zu

1318 569 1371 629 der
1408 567 1461 627 bey
1493 568 1615 628 Warka
1647 571 1891 631 versammleten
1918 572 2109 632 Polnischen
2136 569 2252 629 Armee
2274 572 2321 632 ge¬

1318 616 1460 676 wendet.
1487 619 1534 679 Am
1577 616 1709 676 selbigen
1741 619 1846 679 Tage,
1868 619 1915 679 als
1942 622 1973 682 am
2005 619 2237 679 Namensfeste
2258 620 2311 680 des

1316 667 1424 727 Herrn
1450 667 1569 727 Grafen
1591 667 1849 727 Poniatowsky,
1865 670 2057 730 Truchseßen
2078 670 2130 730 von
2156 670 2321 730 Lithauen,

1316 716 1373 776 gab
1404 713 1461 773 der
1493 715 1586 775 Furst
1613 715 1852 775 Czartorysky,
1879 718 2035 778 General
2056 718 2108 778 von
2139 721 2321 781 Podolien,

1326 761 1377 821 ihm
1419 763 1444 823 zu
1475 763 1578 823 Ehren
1615 763 1656 823 ein
1692 766 1924 826 Tractament.
1971 765 2110 825 Gestern
2141 768 2208 828 nach
2239 769 2321 829 eröf=

1315 810 1404 870 neter
1434 810 1567 870 Seßion
1597 812 1621 872 in
1651 812 1700 872 der
1730 813 2065 873 Landboten=Stube,
2091 815 2164 875 solte
2184 816 2233 876 die
2263 816 2297 876 um

1321 861 1538 921 rechtmäßige
1565 861 1672 921 Wahl
1694 861 1776 921 derer
1803 861 2118 921 Landboten=Stube
2140 864 2321 924 untersucht

1318 956 1424 1016 drigen
1456 957 1599 1017 Parthey
1626 957 1817 1017 erschienen,
1844 957 1870 1017 so
1897 957 1954 1017 sind
1982 960 2029 1020 die
2045 960 2092 1020 sich
2120 960 2246 1020 zugegen
2273 963 2321 1023 be¬

1316 1004 1467 1064 findliche
1498 1004 1553 1064 vor
1589 1004 1781 1064 rechtmäßig
1817 1002 1974 1062 erwählte
2005 1007 2141 1067 erkannt
2172 1010 2318 1070 worden.

1322 1049 1446 1109 Heute,
1463 1052 1511 1112 als
1539 1052 1581 1112 sich
1614 1052 1684 1112 Se.
1701 1052 1847 1112 Durchl.
1869 1052 1917 1112 der
1945 1052 2047 1112 Fünst
2064 1058 2204 1118 Primas
2232 1061 2318 1121 nebst

1320 1097 1413 1157 denen
1444 1100 1547 1160 Herrn
1573 1100 1760 1160 Senatoren
1791 1100 1815 1160 im
1850 1100 1968 1160 Senat
1984 1099 2181 1159 versammlet
2202 1108 2319 1168 hatten,

1326 1147 1454 1207 wurden
1480 1147 1537 1207 aus
1563 1148 1645 1208 jeder
1671 1148 1821 1208 Provinz
1847 1146 1857 1206 3
1888 1148 2079 1208 Senatores
2100 1149 2126 1209 in
2152 1151 2198 1211 die
2219 1153 2316 1213 Land=

1317 1193 1543 1253 boten=Stube
1569 1196 1740 1256 deputiret,
1766 1196 1800 1256 um
1849 1196 1893 1256 die
1923 1196 2041 1256 Herren
2076 1196 2253 1256 Landboten
2283 1199 2307 1259 in

1316 1240 1369 1300 den
1401 1242 1518 1302 Senat
1546 1243 1758 1303 einzuladen,
1780 1243 1828 1303 als
1850 1243 1966 1303 solches
1994 1246 2115 1306 darauf
2137 1246 2318 1306 geschehen,

1316 1291 1427 1351 wurde
1454 1293 1537 1353 durch
1565 1293 1617 1353 den
1639 1294 1739 1354 Herrn
1771 1293 2046 1353 Großmarschall
2067 1294 2120 1354 von
2147 1294 2321 1354 Lithauen,

1327 1341 1446 1401 Grafen
1481 1344 1644 1404 Oginski,
1668 1342 1713 1402 die
1748 1342 1838 1402 Vota
1873 1344 1963 1404 derer
1998 1345 2168 1405 geistlichen
2208 1345 2309 1405 Herrn

1321 1392 1517 1452 Senatoren
1544 1393 1740 1453 eingeholet,
1767 1393 1825 1453 und
1862 1393 1909 1453 die
1942 1393 2079 1453 Seßion
2117 1396 2175 1456 auf
2218 1398 2307 1458 Mow

1317 1442 1373 1502 gen
1407 1443 1542 1503 verlegt.
1594 1443 1678 1503 Man
1713 1443 1797 1503 sagt,
1820 1443 1876 1503 daß
1900 1443 1950 1503 der
1973 1443 2069 1503 Fürst
2086 1446 2233 1506 Bischoff
2250 1446 2306 1506 von

1326 1491 1447 1551 Cracau
1479 1491 1642 1551 gleichfals
1670 1491 1759 1551 heute
1780 1491 1848 1551 eine
1870 1493 2123 1553 Manisestation
2155 1494 2244 1554 gleich
2271 1494 2302 1554 de

1913 1540 2050 1600 Gestern
2089 1542 2121 1602 ist
2149 1542 2203 1602 der
2226 1544 2307 1604 Herr

1321 1539 1375 1599 nen
1406 1539 1533 1599 vorigen
1564 1540 1593 1600 ad
1620 1542 1690 1602 Acta
1721 1542 1877 1602 gegeben.

1326 1587 1486 1647 Woywod
1519 1589 1575 1649 von
1612 1590 1819 1650 Mazovien,

1850 1587 1944 1647 Graf
1971 1590 2162 1650 Rudzinski
2188 1595 2226 1655 an
2265 1596 2315 1656 der

1326 1637 1565 1697 auszehrenden
1589 1637 1774 1697 Krankheit
1791 1636 1968 1696 gestorben.

802 1707 1307 1767 TABELLE,

412 1792 566 1852 wornach
615 1787 669 1847 die
703 1784 893 1844 Zahlungen
948 1781 1022 1841 nach
1056 1781 1355 1841 Verschiedenheit
1396 1784 1450 1844 der
1491 1784 1674 1844 bisherigen

477 1861 766 1921 Münz=Sorten
806 1860 861 1920 vom
909 1858 978 1918 1ten
1018 1858 1135 1918 Junii
1160 1858 1246 1918 1764
1286 1858 1324 1918 an
1372 1858 1394 1918 in
1443 1859 1497 1919 dem
1545 1863 1622 1923 jetzt

571 1939 643 1999 nach
677 1939 796 1999 wieder
830 1936 1041 1996 hergestellten
1082 1936 1307 1996 Münz=Fuß
1341 1938 1513 1998 geprägtem

690 2012 817 2072 Gold=
841 2010 907 2070 und
938 2011 1209 2071 Silber=Gelde
1240 2014 1398 2074 geschehen

990 2082 1112 2142 sollen.

1775 1688 1860 1748 Gute
1888 1690 2008 1750 Friede¬

1763 1726 1843 1786 richs
1906 1727 2001 1787 d'Or

1745 1764 1821 1824 nach
1857 1766 1901 1826 dem
1947 1766 2009 1826 An=

1779 1899 1825 1959 ten
1860 1899 1981 1959 Münz=

1836 1943 1923 2003 Fuß.

1774 2163 1872 2223 Rehlr.
1888 2163 1941 2223 Sr.
1950 2164 1994 2224 Pf.

2053 1691 2130 1751 Gut
2166 1694 2291 1754 Silber¬

2031 1727 2110 1787 Geld
2145 1730 2173 1790 in
2214 1731 2292 1791 gan¬

2026 1769 2110 1829 zen,
2155 1769 2293 1829 halben,

1753 1805 1785 1865 no
1824 1808 1895 1868 1764
1939 1808 2009 1868 wie=
2038 1811 2141 1871 viertel
2153 1813 2273 1873 Thalern
2279 1817 2284 1877 |
2290 1817 2295 1877 ,

1745 1852 1804 1912 der
1843 1854 2011 1914 hergestell=
2023 1852 2028 1912 |
2039 1856 2066 1916 8,
2077 1857 2109 1917 4,
2121 1854 2132 1914 2
2149 1853 2207 1913 Gr.
2214 1860 2289 1920 Stü=

2027 1900 2092 1960 cken
2121 1899 2147 1959 u.
2170 1900 2289 1960 Preuß.

2046 1939 2255 1999 Achtzehnern

2034 1984 2106 2044 nach
2125 1981 2168 2041 dem
2203 1984 2289 2044 Anno

2033 2020 2133 2080 1764
2184 2023 2289 2083 wieder

2052 2064 2258 2124 hergestellten

2055 2106 2261 2166 Münz=Fuß.

2053 2168 2152 2228 Rehlr.
2174 2169 2223 2229 Gr.
2231 2173 2273 2233 Pf.

312 2230 337 2290 1
381 2226 440 2286 Für
458 2226 517 2286 100
544 2226 655 2286 Rthlr.
673 2223 732 2283 alte
742 2220 939 2280 Friederichs
957 2223 1033 2283 d'Or
1051 2223 1171 2283 werden
1198 2223 1334 2283 gezahlet

370 2270 440 2330 Für
457 2270 510 2330 100
538 2270 651 2330 Rthlr.
662 2267 737 2327 neue
759 2267 948 2327 Friederichs
970 2270 1045 2330 d'Or

368 2313 437 2373 Für
461 2318 518 2378 100
542 2315 663 2375 Rthlr.
681 2314 943 2374 Mittel=August
961 2315 1041 2375 d'Or

376 2369 436 2429 Für
459 2363 514 2423 100
542 2361 658 2421 Rthlr.
670 2360 742 2420 neue
759 2363 881 2423 August
898 2366 975 2426 d'Or
992 2366 1048 2426 mit
1065 2366 1115 2426 der
1132 2366 1215 2426 Zahl
1226 2366 1309 2426 1758

393 2416 437 2476 für
459 2414 514 2474 100
542 2411 652 2471 Rthlr.
670 2408 725 2468 alte
748 2411 824 2471 Ein,
836 2413 957 2473 Halbe,
974 2414 1102 2474 Viertel
1113 2412 1378 2472 Thaler=Stücke

370 2469 434 2529 Für
458 2461 516 2521 100
541 2457 658 2517 Rthlr.
670 2455 728 2515 alte
747 2455 835 2515 Acht,
847 2460 923 2520 Vier
948 2463 1006 2523 und
1030 2463 1117 2523 Zwey
1142 2461 1442 2521 Groschen=Stücke
1466 2461 1524 2521 und
1549 2458 1736 2518 überhaupt

479 2509 525 2569 alt
549 2503 723 2563 Preußisch
747 2506 897 2566 Courant
915 2509 962 2569 bis
992 2511 1043 2571 zum
1090 2509 1153 2569 1ten
1183 2509 1311 2569 Martii
1335 2506 1421 2566 1759

368 2568 415 2628 In
446 2563 595 2623 Preußen
632 2557 685 2617 für
710 2551 769 2611 100
800 2554 920 2614 Rthlr.
944 2560 1136 2620 Achtzehner
1167 2560 1232 2620 und
1257 2560 1424 2620 Sechser,
1449 2557 1520 2617 auch
1545 2557 1731 2617 überhaupt

483 2610 658 2670 Preußisch
687 2602 851 2662 Courant,
869 2600 919 2660 vor
942 2602 1015 2662 oder
1039 2608 1106 2668 nach
1135 2608 1185 2668 den
1209 2608 1276 2668 1ten
1305 2608 1435 2668 Martii
1447 2604 1531 2664 1759

367 2656 434 2716 Für
453 2658 507 2718 100
539 2658 654 2718 Rthlr.
668 2655 704 2715 8,
710 2653 722 2713 4
747 2652 808 2712 und
827 2648 839 2708 2
858 2652 1164 2712 Groschen=Stücke
1183 2658 1231 2718 vom
1269 2658 1336 2718 1ten
1355 2655 1477 2715 Martii
1496 2655 1575 2715 1759
1600 2652 1643 2712 bis
1662 2655 1729 2715 jetzo

370 2710 435 2770 Für
454 2707 514 2767 100
539 2708 653 2768 Rthlr.
666 2701 852 2761 Sächsische
871 2697 883 2757 1
908 2700 1167 2760 Drittel=Stücke

366 2761 429 2821 Für
449 2757 506 2817 100
532 2754 648 2814 Rthlr.
662 2751 840 2811 Sächsische
860 2746 872 2806 2
899 2747 976 2807 Gr.,
996 2749 1008 2809 1
1028 2751 1110 2811 Gr.,
1124 2751 1136 2811 6
1169 2754 1246 2814 Pf.,
1260 2754 1272 2814 6
1304 2756 1361 2816 und
1388 2754 1400 2814 3
1433 2749 1734 2809 Kreutzer=Stücke,

478 2806 550 2866 auch
578 2802 905 2862 Brandenburgische
928 2796 939 2856 8
973 2796 1028 2856 und
1051 2798 1067 2858 4
1101 2802 1411 2862 Groschen=Stücke

358 2858 428 2918 Für
447 2855 505 2915 100
530 2853 648 2913 Rthlr.
660 2851 855 2911 Preußische
874 2845 944 2905 gute
957 2847 1110 2907 Groschen
1141 2849 1199 2909 von
1224 2852 1305 2912 1759
1331 2852 1383 2912 und
1407 2847 1495 2907 1763

275 2912 311 2972 12
355 2910 423 2970 Für
442 2904 497 2964 100
529 2903 640 2963 Rthlr.
660 2900 715 2960 alte
734 2897 925 2957 Preußische
945 2897 1013 2957 gute
1032 2896 1187 2956 Groschen
1212 2899 1261 2959 von
1286 2897 1372 2957 Anno
1399 2893 1485 2953 1759
1510 2894 1553 2954 bis
1578 2896 1627 2956 den
1659 2899 1720 2959 1ten

485 2951 616 3011 Martii
634 2949 738 3009 1759,
761 2948 819 3008 100
843 2948 957 3008 Rthlr.
975 2947 992 3007 in
1016 2945 1113 3005 neuen
1137 2947 1287 3007 Groschen
1311 2945 1344 3005 de
1362 2945 1448 3005 1764

1789 2216 1905 2276 100—

1817 2263 1906 2323 701

1821 2315 1926 2375 7018

2059 2414 2133 2474 100

2069 2513 2135 2573 100

2066 2612 2131 2672 100

2093 2661 2203 2721 70/22
2225 2654 2246 2714 —

2156 2708 2238 2768 16—

2098 2802 2202 2862 3313

305 3017 409 3077 Diese
425 3012 559 3072 Gelehrte
575 3011 627 3071 und
650 3007 807 3067 Politische
830 3005 949 3065 Zeitung
965 3005 1032 3065 wird
1055 3003 1092 3063 des
1115 3002 1264 3062 Montags
1280 2996 1332 3056 und
1355 3002 1489 3062 Freytags
1513 3002 1534 3062 in
1550 3002 1594 3062 der
1618 3002 1804 3062 Kanterschen
1828 3001 2067 3061 Buchhandlung
2083 3005 2284 3065 ausgegeben.
