2479 3508
270 345 312 405 die
340 342 518 402 Holländer
552 341 611 401 und
639 341 850 401 Hamburger
872 341 1007 401 größern
1041 341 1192 401 Schaden
1220 342 1273 402 bey

263 394 362 454 diesem
407 389 550 449 Brande
580 389 709 449 gelitten
749 389 852 449 haben
893 386 1060 446 müßten,
1106 389 1155 449 als
1190 389 1278 449 unsre

272 440 467 500 Kaufleute,
489 434 571 494 deren
602 434 731 494 Verlust
757 437 808 497 auf
829 434 942 494 80000
974 434 1040 494 Pf.
1057 434 1128 494 St.
1144 437 1278 497 angege=

273 491 324 551 ben
355 485 454 545 wird.
506 479 572 539 Die
599 485 738 545 Wirthin
770 485 915 545 Harris,
941 485 1050 545 welche
1071 483 1122 543 für
1149 485 1195 545 die
1227 485 1288 545 fet¬

275 538 347 598 teste
368 535 424 595 und
451 530 575 590 stärkste
601 534 679 594 Frau
706 536 788 596 nicht
810 534 897 594 allein
923 533 949 593 in
976 533 1126 593 England
1147 533 1271 593 sondern

276 586 295 646 in
326 583 407 643 ganz
428 580 559 640 Europa
585 583 746 643 gerechnet
772 580 918 640 worden,
944 583 1025 643 starb
1051 582 1151 642 alhier
1177 581 1273 641 dieser

281 631 414 691 Tagen.
461 631 533 691 Sie
554 631 620 691 wog
647 631 723 691 über
755 628 816 688 560
848 628 981 688 Pfund.
1028 630 1074 690 Zu
1110 629 1218 689 Vdine
1244 628 1269 688 in

276 682 387 742 Friuli
408 679 455 739 der
477 679 641 739 Republik
662 679 811 739 Venedig
838 676 1033 736 zugehörig,
1065 676 1102 736 ist
1129 676 1276 736 folgende

278 730 475 790 Entdeckung
505 730 648 790 gemacht
668 727 726 787 und
755 727 860 787 hieher
880 724 1111 784 überschrieben
1136 724 1279 784 worden.

280 772 337 832 Ein
366 778 471 838 armer
496 778 601 838 Mann
635 778 740 838 wurde
764 775 817 835 von
846 775 932 835 einem
971 775 1057 835 tollen
1096 775 1215 835 Hunde
1240 771 1287 831 ge=

281 825 406 885 bissen,
442 825 502 885 und
538 823 658 883 anstatt
689 822 744 882 der
775 822 945 882 Arzeney,
976 824 1087 884 welche
1117 822 1147 882 er
1188 822 1278 882 hätte

280 873 408 933 nehmen
439 873 552 933 sollen,
578 873 667 933 bekam
712 870 741 930 er
771 870 830 930 aus
866 873 1024 933 Versehen
1064 872 1153 932 einen
1183 870 1276 930 guten

279 923 390 983 Trunk
412 921 587 981 Weineßig
614 921 672 981 und
694 918 789 978 dieser
805 921 863 981 hat
875 921 922 981 ihn
954 918 1071 978 curirt.
1119 918 1177 978 Da
1199 918 1278 978 Herr

284 971 420 1031 Leonisca
451 972 491 1032 ein
522 969 678 1029 Medicus
704 969 728 1029 zu
759 969 880 1029 Padua
911 966 1012 1026 davon
1038 966 1143 1026 hörte,
1179 966 1204 1026 so
1225 965 1290 1025 rei¬

291 1018 345 1078 sete
370 1016 394 1076 er
419 1018 488 1078 nach
513 1016 641 1076 Vdine,
666 1013 852 1073 erkundigte
877 1012 921 1072 sich
951 1013 1020 1073 nach
1045 1013 1118 1073 allen
1144 1010 1290 1070 Umstan¬

288 1062 367 1122 den,
391 1062 451 1122 und
484 1058 600 1118 befand
633 1058 683 1118 daß
721 1058 767 1118 sich
806 1058 852 1118 die
880 1055 991 1115 Sache
1024 1058 1084 1118 also
1117 1058 1289 1118 verhielte.

294 1109 338 1169 Er
364 1109 418 1169 hat
440 1106 555 1166 darauf
576 1105 601 1165 in
631 1105 711 1165 einem
758 1103 923 1163 Hospital,
949 1103 994 1163 wo
1020 1103 1049 1163 er
1070 1106 1221 1166 Medicus
1242 1103 1296 1163 ist,

287 1158 366 1218 viele
396 1155 529 1215 Proben
560 1154 668 1214 damit
693 1154 851 1214 gemacht,
876 1151 935 1211 und
971 1151 1069 1211 seinen
1109 1151 1282 1211 Patienten

290 1207 347 1267 von
379 1205 472 1265 dieser
494 1204 556 1264 Art
582 1202 634 1262 des
672 1201 780 1261 Tages
813 1201 1006 1261 dreymahl,
1032 1201 1162 1261 nemlich
1199 1196 1303 1256 Mor¬

289 1258 405 1318 gends,
434 1257 562 1317 Mittag
590 1252 645 1312 und
674 1252 802 1312 Abends
836 1252 880 1312 ein
909 1250 1026 1310 Pfund
1049 1247 1132 1307 Eßig
1155 1249 1182 1309 zu
1217 1245 1300 1305 trin=

294 1309 341 1369 ken
368 1306 533 1366 gegeben,
560 1302 618 1362 und
645 1300 692 1360 die
714 1302 783 1362 Cur
804 1301 931 1361 allezeit
953 1300 1101 1360 bewährt
1118 1297 1293 1357 gefunden.

297 1355 366 1415 Der
392 1351 638 1411 letztverstorbne
664 1348 799 1408 Bischof
825 1351 885 1411 von
916 1351 1041 1411 London
1082 1351 1131 1411 der
1162 1348 1287 1408 Doctor

285 1404 497 1464 Osbaldiston
533 1399 588 1459 hat
614 1399 664 1459 der
695 1399 857 1459 Societat
883 1399 938 1459 zur
969 1399 1192 1459 Ausbreitung
1233 1399 1283 1459 des

294 1449 469 1509 Evangelii
492 1446 549 1506 500
582 1446 645 1506 Pf.
667 1446 736 1506 St.
747 1446 773 1506 zu
801 1446 896 1506 diesem
929 1446 1099 1506 Endzweck
1121 1446 1291 1506 vermacht.

294 1497 341 1557 Er
368 1500 420 1560 hat
442 1498 510 1558 auch
542 1494 600 1554 200
632 1494 695 1554 Pf.
716 1494 784 1554 St.
801 1494 853 1554 zur
880 1496 1080 1556 Aufhelsung
1107 1494 1154 1554 der
1176 1494 1281 1554 armen

297 1547 603 1607 Predigerwittwen
634 1542 819 1602 ausgesetzt,
845 1545 905 1605 und
931 1542 955 1602 zu
981 1545 1031 1605 der
1046 1544 1282 1604 Ausbesserung

296 1596 349 1656 des
377 1595 609 1655 Bischöflichen
642 1592 787 1652 Pallasts
821 1593 852 1653 zu
880 1593 1004 1653 Fulham
1053 1593 1107 1653 hat
1134 1593 1161 1653 er
1194 1593 1280 1653 1000

296 1646 360 1706 Pf.
377 1643 447 1703 St.
463 1638 658 1698 bestimmet.

550 1682 732 1742 Genua,
756 1682 812 1742 den
851 1682 911 1742 21.
939 1679 1033 1739 Jun.

353 1726 400 1786 In
429 1724 477 1784 dem
516 1724 611 1784 Hafen
640 1724 774 1784 Centuri
793 1721 851 1781 auf
875 1721 995 1781 Corsica
1019 1721 1052 1781 ist
1076 1721 1196 1781 neulich
1215 1721 1301 1781 nebst

302 1778 389 1838 einem
430 1771 600 1831 Corsischen
632 1769 673 1829 ein
699 1768 781 1828 stark
808 1766 977 1826 befrachtet
998 1766 1111 1826 Schiff
1137 1766 1302 1826 eingelau¬

298 1825 375 1885 fen,
407 1818 521 1878 wovon
558 1817 609 1877 das
641 1817 718 1877 erste
740 1817 927 1877 Salpeter,
959 1817 1010 1877 das
1043 1817 1140 1877 andre
1168 1817 1302 1877 Kriegs¬

305 1872 519 1932 ammunition
550 1870 599 1930 für
618 1867 795 1927 Rechnung
821 1869 870 1929 der
889 1868 1036 1928 Rebellen
1061 1870 1208 1930 gebracht
1227 1870 1300 1930 hat.

334 1936 398 1996 Aus
429 1936 504 1996 einem
546 1931 723 1991 Schreiben
753 1930 806 1990 von
836 1930 972 1990 Lissabon
1008 1933 1060 1993 vom
1102 1933 1160 1993 18.
1179 1933 1272 1993 Jun.

354 1988 414 2048 Als
442 1984 513 2044 man
547 1981 651 2041 einige
674 1980 762 2040 Tage
790 1979 861 2039 nach
895 1978 944 2038 der
972 1978 1204 2038 Einäscherung
1238 1978 1287 2038 des

304 2037 487 2097 Zollhauses
518 2030 570 2090 den
606 2025 736 2085 Schutt
761 2025 979 2085 durchsuchte,
1009 2028 1086 2088 fand
1116 2028 1186 2088 man
1223 2028 1287 2088 noch

302 2085 400 2145 große
423 2079 561 2139 Bündel
579 2076 735 2136 Fischbein
759 2074 816 2134 und
846 2074 920 2134 rohe
938 2076 1071 2136 Häute,
1095 2076 1210 2136 welche
1228 2075 1291 2135 sehr

302 2133 406 2193 wenig
429 2128 605 2188 beschädigt
628 2124 761 2184 waren,
783 2121 960 2181 imgleichen
999 2122 1193 2182 verschiedne
1215 2124 1303 2184 Bal¬

301 2183 345 2243 len
375 2178 429 2238 von
459 2175 606 2235 wollenen
636 2172 774 2232 Waaren
804 2172 862 2232 und
893 2172 995 2232 einige
1016 2172 1119 2232 Kisten
1159 2172 1217 2232 mit
1243 2171 1301 2231 un¬

301 2226 546 2286 zerschmolznem
587 2220 726 2280 Zucker,
749 2217 883 2277 welches
912 2219 984 2279 alles
1012 2220 1079 2280 man
1119 2218 1174 2278 auf
1203 2214 1214 2274 7
1253 2219 1297 2279 bis

309 2274 394 2334 8000
435 2267 548 2327 Pfund
582 2261 701 2321 Sterl.
722 2259 861 2319 schätzet.
922 2264 995 2324 Die
1022 2267 1295 2327 Zollhausbücher

307 2317 363 2377 und
398 2314 500 2374 einige
529 2309 653 2369 wenige
677 2308 841 2368 Waaren,
870 2314 984 2374 welche
1013 2315 1069 2375 bey
1092 2315 1291 2375 Entstehung

309 2369 362 2429 des
392 2362 544 2422 Brandes
581 2354 662 2414 nahe
687 2355 721 2415 an
758 2357 805 2417 der
829 2360 940 2420 Thüre
971 2363 1088 2423 lagen,
1112 2365 1170 2425 sind
1207 2365 1306 2425 glück¬

313 2417 403 2477 licher
423 2412 527 2472 Weise
547 2402 703 2462 ebenfalls
730 2404 794 2464 noch
821 2410 951 2470 gerettet
971 2411 1114 2471 worden.
1141 2411 1212 2471 Der
1239 2413 1303 2473 Kö¬

311 2470 364 2530 nig
389 2467 442 2527 hat
466 2462 513 2522 den
545 2455 614 2515 Zoll
630 2451 683 2511 von
716 2449 762 2509 den
786 2457 949 2517 geretteten
973 2461 1105 2521 Waaren
1137 2461 1276 2521 erlaßen.

600 2501 742 2561 Riga,
766 2500 813 2560 den
849 2506 914 2566 11.
938 2509 1020 2569 Jul.

361 2561 497 2621 Gestern
524 2559 575 2619 des
602 2550 763 2610 Morgens
790 2548 828 2608 um
868 2550 906 2610 11
927 2555 991 2615 Uhr
1018 2557 1101 2617 hatte
1122 2557 1205 2617 Riga
1239 2557 1296 2617 das

312 2613 443 2673 Glück,
469 2610 544 2670 seine
570 2602 764 2662 Monarchin
802 2596 827 2656 in
865 2599 959 2659 seinen
991 2606 1135 2666 Mauren
1167 2608 1198 2668 zu
1242 2605 1273 2665 em

305 2656 472 2716 pfangen.
518 2649 588 2709 Die
614 2645 871 2705 Bürgerschaft,
898 2643 942 2703 der
962 2652 1046 2712 Rath
1079 2652 1142 2712 und
1162 2652 1213 2712 die
1233 2654 1309 2714 Rit¬

318 2706 459 2766 terschaft
478 2700 576 2760 waren
608 2700 675 2760 Jhr
701 2694 712 2754 3
744 2691 867 2751 Werste
887 2691 941 2751 vor
961 2695 1009 2755 der
1029 2703 1133 2763 Stadt
1158 2700 1299 2760 entgegen

314 2754 531 2814 gekommen,
565 2748 609 2808 wo
642 2748 679 2808 sie
706 2748 762 2808 auf
782 2741 891 2801 Ordre
918 2740 962 2800 der
988 2750 1186 2810 Monarchin
1213 2751 1308 2811 Halte

314 2803 473 2863 machten.
499 2799 591 2859 Nach
616 2796 702 2856 einem
739 2794 844 2854 kurzen
876 2791 1097 2851 Compliment
1116 2799 1165 2859 des
1190 2799 1300 2859 Raths

314 2855 376 2915 und
405 2854 453 2914 der
476 2847 687 2907 Ritterschaft
709 2847 786 2907 setzte
808 2843 857 2903 sich
879 2841 927 2901 die
949 2847 1146 2907 Monarchin
1176 2848 1196 2908 in
1225 2848 1309 2908 Jhre

1310 339 1578 399 Staatskutsche.
1629 341 1702 401 Vor
1730 344 1802 404 Ihr
1826 340 1915 400 ritten
1943 339 1994 399 die
2017 339 2117 399 grüne
2140 342 2196 402 und
2219 342 2313 402 blaue

1315 386 1672 446 Bürgercompagnie;
1698 389 1775 449 denn
1802 389 1899 449 folgte
1921 386 1967 446 die
1994 384 2221 444 Monarchin,
2242 389 2314 449 hin¬

1305 434 1349 494 ter
1374 433 1443 493 Ihr
1468 431 1517 491 der
1547 436 1768 496 Gouverneur
1788 437 1906 497 Braun
1937 435 1995 495 mit
2010 436 2064 496 den
2089 434 2300 494 sämmtlichen

1315 482 1479 542 Generals
1506 479 1564 539 und
1591 483 1825 543 Ritterschaft,
1852 486 1910 546 und
1937 485 1990 545 den
2017 482 2080 542 Zug
2107 482 2239 542 beschloß
2267 483 2308 543 die

1312 529 1427 589 Hälfte
1454 528 1501 588 des
1528 534 1955 594 Leibcürassierregiments.
2014 533 2082 593 Die
2109 530 2224 590 Gnade
2257 531 2303 591 der

1318 579 1467 639 Kayserin
1494 576 1560 636 war
1581 579 1773 639 ungemein,
1799 583 1866 643 Sie
1887 583 1943 643 hat
1965 583 2021 643 alle
2043 582 2244 642 Einwohner
2265 579 2316 639 be¬

1313 627 1460 687 zaubert.
1509 626 1582 686 Der
1609 628 1869 688 Wortführende
1891 632 2156 692 Bürgermeister
2172 631 2235 691 Hr.
2252 627 2304 687 von

1315 674 1465 734 Vegesack
1492 675 1689 735 überreichte
1721 677 1773 737 der
1799 679 2001 739 Monarchin
2039 680 2090 740 vor
2122 680 2173 740 dem
2221 676 2309 736 Thor

1318 721 1366 781 die
1388 721 1556 781 Schlüssel
1572 724 1620 784 der
1648 724 1783 784 Stadt,
1806 727 1875 787 Sie
1903 730 2054 790 geruhete
2087 728 2125 788 sie
2153 727 2206 787 von
2245 727 2293 787 ihm

1313 769 1562 829 anzunehmen,
1589 772 1646 832 gab
1672 772 1708 832 sie
1730 775 1776 835 ihm
1823 775 1896 835 aber
1922 776 2015 836 gleich
2042 778 2161 838 darauf
2183 778 2317 838 wieder.

1318 819 1381 879 Die
1403 819 1493 879 dritte
1515 819 1851 879 Bürgercompagnie
1878 822 1910 882 zu
1937 823 2000 883 Fuß
2038 825 2123 885 hatte
2155 824 2203 884 sich
2241 822 2293 882 vom

1317 867 1404 927 Thor
1432 867 1480 927 bis
1502 867 1556 927 zum
1601 870 1742 930 Kaiserl.
1759 872 1879 932 Palais
1907 870 1933 930 in
1966 873 1982 933 2
2010 873 2130 933 Reihen
2163 873 2315 933 gestellet.

1334 914 1365 974 Jm
1408 917 1530 977 Palais
1552 915 1658 975 waren
1690 918 1721 978 14
1754 918 1908 978 Mädchen
1945 922 2035 982 gleich
2073 921 2248 981 gekleidet,
2270 921 2317 981 die

1319 960 1373 1020 der
1398 963 1595 1023 Monarchin
1625 960 1768 1020 Blumen
1793 963 1965 1023 streueten.
2015 969 2103 1029 Jede
2129 969 2188 1029 von
2223 969 2311 1029 ihnen

1322 1007 1407 1067 hatte
1427 1005 1473 1065 die
1499 1007 1609 1067 Ehre,
1635 1007 1685 1067 der
1711 1007 1908 1067 Manarchin
1939 1010 2024 1070 nicht
2050 1013 2110 1073 nur
2136 1014 2181 1074 die
2207 1016 2317 1076 Hand,

1325 1052 1448 1112 sondern
1478 1052 1522 1112 die
1547 1052 1650 1112 Backe
1675 1052 1699 1112 zu
1729 1055 1852 1115 küssen.
1927 1053 2035 1113 Heute
2060 1058 2202 1118 Morgen
2232 1063 2315 1123 hatte

1327 1100 1371 1160 die
1392 1097 1623 1157 Ritterschaft,
1648 1100 1698 1160 der
1724 1100 1924 1160 Magistrat,
1945 1100 1994 1160 die
2015 1103 2236 1163 Geistlichkeit
2256 1106 2311 1166 und

1329 1148 1518 1208 sämmtliche
1540 1145 1687 1205 Officiers
1720 1145 1767 1205 der
1788 1151 2126 1211 Büͤrgercompagnien
2158 1151 2205 1211 die
2221 1154 2321 1214 Ehre,

1329 1194 1377 1254 bey
1405 1195 1458 1255 der
1480 1196 1632 1256 Kayserin
1660 1196 1806 1256 Audienz
1829 1198 1855 1258 zu
1883 1201 2008 1261 haben,
2030 1204 2094 1264 und
2122 1201 2171 1261 zum
2215 1201 2322 1261 Hand¬

1320 1244 1369 1304 kuß
1408 1246 1538 1306 gelaßen
1577 1243 1609 1303 zu
1648 1246 1795 1306 werden.
1861 1248 1937 1308 Die
1970 1255 2227 1315 Feyerlichkeiten
2265 1252 2314 1312 der

1334 1294 1436 1354 Stadt
1464 1297 1523 1357 sind
1556 1297 1626 1357 groß
1665 1297 1724 1357 und
1751 1297 1924 1357 prächtig,
1952 1300 2000 1360 die
2028 1304 2309 1364 Illuminationen

1327 1348 1387 1408 und
1418 1345 1468 1405 die
1494 1348 1737 1408 Ehrenpforten
1774 1348 1829 1408 vor
1860 1348 1910 1408 dem
1951 1351 2154 1411 Stadtthore
2179 1354 2240 1414 und
2271 1351 2306 1411 am

1322 1396 1520 1456 Rathhause
1547 1396 1669 1456 machen
1707 1398 1761 1458 der
1788 1397 1900 1457 Stadt
1927 1399 2033 1459 Ehre.
2082 1402 2156 1462 Die
2184 1399 2328 1459 Monar¬

1327 1441 1386 1501 chin
1416 1443 1490 1503 wird
1520 1443 1609 1503 heute
1634 1443 1678 1503 die
1703 1446 1984 1506 Illuminationen
2019 1446 2182 1506 incognito
2213 1448 2237 1508 in
2277 1446 2330 1506 ho¬

1324 1494 1378 1554 hen
1407 1491 1624 1551 Augenschein
1647 1494 1801 1554 nehmen,
1831 1496 1885 1556 und
1914 1497 1969 1557 wie
1992 1497 2019 1557 es
2042 1500 2142 1560 heißt,
2165 1500 2208 1560 sich
2237 1499 2325 1559 über¬

1332 1542 1457 1602 morgen
1489 1542 1559 1602 nach
1590 1542 1701 1602 Mitau
1732 1543 1883 1603 erheben.

1639 1631 2022 1691 AVERTISSEMENT.

1380 1671 1437 1731 Da
1473 1673 1521 1733 bey
1556 1674 1715 1734 neulicher
1738 1676 2047 1736 Bekanntmachung
2083 1678 2131 1738 der
2154 1679 2326 1739 Devalva¬

1331 1715 1537 1775 tionstabelle
1567 1715 1610 1775 die
1636 1715 1777 1775 Tympfe
1798 1717 1846 1777 sub
1871 1718 1934 1778 Lit.
1950 1718 1988 1778 B.
2004 1721 2013 1781 &
2053 1721 2087 1781 F.
2102 1724 2185 1784 nicht
2205 1727 2263 1787 mit
2279 1727 2327 1787 in¬

1332 1766 1440 1826 seriret
1463 1763 1615 1823 worden,
1643 1763 1758 1823 selbige
1786 1766 1861 1826 aber
1889 1768 1949 1828 mit
1977 1772 2069 1832 denen
2108 1772 2146 1832 A.
2163 1775 2320 1835 Tympfen

1336 1814 1362 1874 in
1401 1817 1530 1877 einerley
1568 1817 1720 1877 Valeur;
1748 1817 1796 1877 als
1823 1818 1883 1878 hat
1905 1819 1975 1879 man
2013 1822 2062 1882 dem
2112 1825 2252 1885 Publico
2279 1825 2327 1885 be¬

1335 1867 1436 1927 kannt
1460 1867 1585 1927 machen
1622 1867 1764 1927 wollen,
1795 1869 1847 1929 daß
1884 1873 2002 1933 selbige
2027 1876 2116 1936 gleich
2146 1878 2229 1938 jenen
2266 1879 2324 1939 von

1335 1918 1386 1978 den
1423 1918 1618 1978 Lieferanten
1655 1918 1665 1978 a
1691 1921 1732 1981 11
1759 1921 1810 1981 gr.
1826 1921 1835 1981 1
1862 1921 1913 1981 ßl.
1929 1923 2063 1983 Preuß.
2084 1927 2316 1987 angenommen

1331 1966 1479 2026 werden.

1387 2025 1461 2085 Bey
1504 2028 1554 2088 dem
1605 2028 1755 2088 Verleger
1799 2028 1890 2088 dieser
1916 2034 2049 2094 Zeitung
2076 2034 2117 2094 ist
2143 2034 2176 2094 zu
2202 2034 2327 2094 haben:

1335 2075 1547 2135 Instructions
1573 2073 1654 2133 pour
1679 2073 1724 2133 les
1750 2076 1866 2136 jeunes
1892 2079 2019 2139 dames,
2050 2081 2136 2141 pour
2161 2079 2262 2139 servir
2288 2083 2323 2143 de

1334 2121 1413 2181 suite
1435 2121 1471 2181 ou
1503 2118 1645 2178 Magasin
1672 2121 1724 2181 des
1746 2122 1967 2182 adoléscentes
1989 2127 2041 2187 par
2063 2127 2157 2187 Mad.
2174 2130 2205 2190 de
2227 2130 2326 2190 Beau-

1331 2169 1441 2229 mont,
1464 2166 1591 2226 Tomes
1608 2165 1663 2225 IV.
1686 2166 1696 2226 4
1730 2166 1768 2226 fl.
1791 2169 1896 2229 15gr.
1941 2173 2018 2233 Der
2047 2178 2196 2238 englische
2224 2181 2329 2241 Kauf=

1337 2217 1423 2277 mann
1459 2214 1528 2274 oder
1552 2210 1748 2270 Grundsätze
1772 2217 1824 2277 der
1849 2217 2010 2277 englischen
2034 2224 2231 2284 Handlung,
2255 2231 2266 2291 3
2296 2231 2330 2291 fl.

1336 2264 1412 2324 Der
1429 2262 1579 2322 brittische
1607 2261 1778 2321 Plutarch,
1801 2264 1873 2324 oder
1901 2270 2244 2330 Lebensbeschreibung
2278 2274 2327 2334 der

1342 2315 1494 2375 größesten
1529 2309 1676 2369 Männer
1699 2311 1726 2371 in
1761 2314 1914 2374 England
1937 2315 1999 2375 und
2028 2316 2158 2376 Irland
2192 2321 2243 2381 seit
2272 2321 2322 2381 den

1341 2365 1437 2425 Zeiten
1463 2358 1630 2418 Heinrichs
1650 2358 1694 2418 des
1714 2363 1784 2423 8ten
1810 2366 1861 2426 bis
1887 2364 2015 2424 George
2041 2366 2092 2426 des
2118 2369 2207 2429 2ten,
2234 2372 2323 2432 erster

1344 2414 1457 2474 Band,
1486 2412 1497 2472 2
1527 2408 1566 2468 fl.
1584 2408 1623 2468 15
1641 2408 1691 2468 gr.

1366 2474 1685 2534 Wechsel-Cours
1706 2470 1725 2530 &
1786 2482 1935 2542 Species
1957 2479 1995 2539 d.
2007 2482 2076 2542 26.
2097 2488 2186 2548 Jul.
2197 2491 2326 2551 1764.

1346 2530 1527 2590 Amsterdam
1568 2526 1608 2586 41
1631 2524 1710 2584 Tage
1739 2527 1796 2587 305
1819 2530 1869 2590 gr.

1916 2531 1958 2591 71
1982 2534 2067 2594 Tage
2092 2541 2152 2601 303
2171 2545 2225 2605 gr.

1337 2580 1516 2640 Hamburg
1543 2574 1555 2634 3
1588 2575 1639 2635 W.
1659 2579 1787 2639 135gr.

1876 2578 1889 2638 6
1915 2579 1973 2639 W.
1986 2586 2121 2646 134gr.

1347 2628 1452 2688 Berlin

1817 2629 1971 2689 Dantzig

1350 2676 1488 2736 Ducaten
1512 2671 1589 2731 neue
1608 2670 1614 2730 9
1644 2672 1674 2732 fl.
1686 2675 1715 2735 10
1740 2677 1793 2737 gr.

1895 2677 2023 2737 Alberts
2045 2679 2136 2739 Taler
2152 2684 2215 2744 131
2233 2684 2285 2744 gr.

1353 2724 1460 2784 Rubel
1482 2724 1542 2784 113
1571 2721 1624 2781 gr.

1817 2724 1869 2784 Alt
1881 2726 2020 2786 Polnisch
2048 2730 2118 2790 Geld
2145 2730 2176 2790 13
2199 2730 2246 2790 pr.
2263 2730 2338 2790 Cto.

1348 2786 1443 2846 Diese
1459 2775 1592 2835 Gelehrte
1615 2778 1665 2838 und
1689 2781 1843 2841 Politische
1867 2784 1991 2844 Zeitung
2014 2784 2080 2844 wird
2111 2784 2154 2844 des
2177 2784 2324 2844 Montags

1442 2823 1500 2883 und
1533 2820 1677 2880 Freytags
1699 2825 1720 2885 in
1748 2823 1795 2883 dem
1833 2826 2021 2886 Kanterschen
2060 2826 2231 2886 Buchladen

1730 2864 1944 2924 ausgegeben.
