2479 3508
584 1247 704 1307 23tes
751 1250 908 1310 Stück.
978 1254 1188 1314 Freytag,
1227 1252 1287 1312 den
1341 1252 1423 1312 20.
1462 1255 1582 1315 April
1621 1255 1771 1315 1764.

218 1889 278 1949 (Er
297 1885 393 1945 nähort
411 1882 483 1942 sich.)

181 2306 237 2366 (Er
254 2306 350 2366 drängt
367 2303 406 2363 sich
429 2300 531 2360 durch.)

247 2729 304 2789 (zum
340 2724 476 2784 Heiland.)

178 2771 250 2831 (Der
280 2766 387 2826 Fremde
417 2763 519 2823 wendet

281 2803 325 2863 sich
354 2801 437 2861 weg.)

752 1359 831 1419 Ein
880 1357 1145 1417 Fremdling
1194 1360 1274 1420 auf
1315 1364 1579 1424 Golgatha.

970 1406 1051 1466 Luc.
1070 1404 1203 1464 XXIV,
1235 1405 1272 1465 v.
1298 1407 1360 1467 18.

656 1467 777 1527 Erste
819 1467 1023 1527 Seene,
1064 1468 1105 1528 in
1160 1467 1233 1527 der
1269 1472 1683 1532 Mittagsstunde.

724 1519 876 1579 (Golgatha
897 1521 945 1581 mit
961 1521 1039 1581 Volck
1059 1521 1172 1581 bedeckt;
1202 1521 1241 1581 ein
1266 1524 1404 1584 Wanderer
1434 1527 1477 1587 von
1503 1527 1611 1587 ferne:)

613 1577 676 1637 Der
700 1581 781 1641 ists,
816 1580 868 1640 der
898 1578 956 1638 auf
986 1578 1038 1638 des
1067 1578 1195 1638 Hügels
1230 1580 1346 1640 Haupt

533 1624 722 1684 das
756 1628 848 1688 Volck
881 1630 908 1690 in
941 1625 1158 1685 murmelnden
1197 1628 1316 1688 Wellen

542 1681 638 1741 heran
670 1682 779 1742 zieht?
823 1678 883 1738 wie
914 1679 956 1739 die
987 1679 1097 1739 Fluten
1134 1677 1182 1737 sich

546 1732 728 1792 schäumend
762 1727 922 1787 erheben,
950 1727 1088 1787 drangen
1127 1727 1182 1787 und
1216 1727 1365 1787 schwellen

551 1780 602 1840 zum
649 1778 747 1838 Fels,
771 1774 828 1834 auf
858 1772 903 1832 dem
950 1772 1013 1832 mit
1037 1772 1210 1832 triefendem
1257 1773 1366 1833 Graf'
1396 1775 1546 1835 umlaubt

549 1822 596 1882 der
629 1820 708 1880 Held
740 1819 798 1879 sein
830 1817 983 1877 selbsten,
1010 1818 1084 1878 steht
1117 1818 1174 1878 und
1207 1819 1296 1879 ihnen
1334 1819 1482 1879 entwich.

546 1867 642 1927 Denn
681 1863 707 1923 es
740 1863 821 1923 ras't
849 1861 1032 1921 Geschrey!
1065 1864 1146 1924 nicht
1173 1867 1210 1927 ist
1238 1864 1291 1924 das
1325 1867 1540 1927 Gottestanz,

543 1912 613 1972 noch
651 1909 781 1969 Jubel,
804 1906 858 1966 der
886 1905 972 1965 einen
1005 1909 1238 1969 Fürstenkranz

546 1958 600 2018 vom
650 1954 970 2014 Jungfraunbusen,
996 1952 1050 2012 von
1088 1957 1143 2017 des
1174 1954 1346 2014 hüpfenden
1384 1957 1574 2017 Jünglings
1606 1963 1740 2023 Haupt,

539 2003 597 2063 vom
646 2002 735 2062 Stab
768 1998 821 2058 des
853 1996 985 2056 Greises
1023 1999 1081 2059 und
1114 2002 1166 2062 des
1204 1999 1395 2059 Säuglings
1428 1999 1523 2059 Hand

543 2051 569 2111 in
607 2051 653 2111 die
680 2049 754 2109 Luft
781 2043 1023 2103 geschwungen,
1050 2046 1102 2106 dem
1150 2049 1244 2109 neuen
1277 2046 1376 2106 Vater
1408 2046 1577 2106 umwand,

546 2102 608 2162 und
637 2103 670 2163 zu
705 2102 756 2162 den
791 2097 921 2157 Wolken
956 2094 1045 2154 hebt.

1228 2137 1329 2197 (näher)
1356 2136 1449 2196 Doch
1476 2136 1543 2196 was
1570 2133 1603 2193 es
1639 2139 1706 2199 auch
1741 2144 1800 2204 sey,

553 2202 603 2262 des
636 2197 770 2257 Rechtes
796 2193 924 2253 Opfer?
956 2188 1000 2248 ein
1033 2187 1257 2247 Schauspiel?
1283 2182 1295 2242 —
1353 2184 1456 2244 macht
1482 2187 1545 2247 mir
1572 2187 1705 2247 Bahn:

557 2251 611 2311 Ich
645 2246 711 2306 muß
744 2245 777 2305 es
810 2242 903 2302 sehn,
927 2237 992 2297 was
1026 2235 1058 2295 es
1086 2236 1157 2296 auch
1191 2232 1262 2292 sey!

558 2295 813 2355 Todtenhügel?
840 2288 856 2348 —
908 2285 1061 2345 Kreuze?
1087 2279 1103 2339 —
1164 2279 1215 2339 (zum
1250 2276 1334 2336 Wolk)
1352 2278 1420 2338 sagt
1446 2285 1530 2345 mir,
1557 2289 1625 2349 sagt
1651 2289 1709 2349 mir
1736 2291 1803 2351 an:

544 2342 627 2402 Was
661 2342 755 2402 haben
789 2338 839 2398 die
867 2336 933 2396 drei
962 2330 1123 2390 Schächer
1151 2327 1295 2387 gethan?

544 2390 617 2450 Und
646 2389 697 2449 der
726 2389 810 2449 hohe
839 2384 957 2444 mitlere
986 2378 1251 2438 Kronentrager,
1274 2373 1375 2433 Der?

544 2435 616 2495 Des
650 2436 788 2496 Kreuzes
822 2436 933 2496 Boden
972 2429 1005 2489 ist
1034 2424 1200 2484 gewaschen
1240 2423 1300 2483 mit
1329 2424 1433 2484 Blut;

550 2482 636 2542 Sein
669 2482 793 2542 Gebein
826 2484 934 2544 meßen
967 2474 1112 2534 Wunden
1145 2470 1215 2530 lang
1254 2470 1307 2530 und
1340 2473 1437 2533 queer

550 2531 693 2591 Gewiß!
738 2530 893 2590 Dreifach
926 2526 1042 2586 Rebell
1071 2520 1125 2580 und
1159 2521 1297 2581 Mörder
1326 2521 1364 2581 ist
1392 2523 1485 2583 er!-

550 2578 630 2638 Sein
665 2578 910 2638 Schandpfahl
931 2575 1053 2635 sagt:"
1067 2568 1128 2628 das
1156 2566 1196 2626 ist
1224 2567 1271 2627 der
1305 2572 1414 2632 Juden
1449 2577 1604 2637 König:"

546 2627 686 2687 Greise,
708 2629 854 2689 Priester
887 2625 946 2685 und
974 2618 1076 2678 Väter
1104 2615 1223 2675 hüpfen
1256 2620 1385 2680 umher,

553 2674 645 2734 ihnen
680 2673 789 2733 spottet
819 2675 870 2735 das
905 2672 985 2732 Kind
1021 2664 1118 2724 nach:
1142 2661 1153 2721 "
1171 2659 1280 2719 Lieber
1309 2667 1465 2727 König!"

561 2721 625 2781 Und
659 2721 723 2781 du?
750 2721 769 2781 —
828 2722 1003 2782 (Vater,
1023 2713 1166 2773 vergib
1200 2713 1355 2773 ihnen!
1389 2717 1433 2777 sie
1473 2721 1603 2781 wißen
1637 2718 1766 2778 nicht,
1800 2718 1883 2778 was
1910 2721 1955 2781 sie
1988 2721 2137 2781 thun!)

557 2772 630 2832 Das
664 2769 760 2829 sprach
800 2772 856 2832 kein
896 2766 1055 2826 Mörder!
1090 2760 1146 2820 und
1180 2757 1253 2817 Er?
1283 2757 1299 2817 —
1356 2764 1463 2824 Statt
1487 2769 1634 2829 tobender
1668 2766 1763 2826 Wuth

554 2824 662 2884 spricht
693 2821 789 2881 Ruh,
820 2825 869 2885 die
893 2820 1044 2880 Himmel
1069 2817 1129 2877 und
1161 2814 1263 2874 Stein
1300 2817 1360 2877 und
1391 2823 1482 2883 Herz
1507 2818 1657 2878 bewegt?
1688 2811 1700 2871 -

2096 2860 2166 2920 Auf
