2479 3508
601 1210 730 1270 24tes
780 1213 933 1273 Stück.
1000 1213 1218 1273 Montag,
1252 1215 1316 1275 den
1357 1216 1429 1276 23.
1471 1216 1592 1276 April
1634 1216 1779 1276 1764.

272 1402 463 1462 Strophe.

255 2075 500 2135 Antistrophe.

304 2736 438 2796 Epode.

982 1333 1387 1393 Ostergesang.

572 1402 651 1462 Er
676 1399 712 1459 ist
744 1396 890 1456 Sieger,
916 1399 965 1459 der
990 1397 1050 1457 mit
1076 1396 1131 1456 dem
1174 1395 1266 1455 Tode
1291 1396 1389 1456 rang,

671 1444 724 1504 die
752 1446 871 1506 mächtg
914 1446 1017 1506 Lanze
1045 1443 1229 1503 durchlief,
1267 1443 1375 1503 mitten
1413 1443 1440 1503 im
1484 1443 1602 1503 Herzen

674 1494 850 1554 umwand,
877 1491 912 1551 sie
934 1491 980 1551 die
1007 1491 1073 1551 jede
1101 1491 1193 1551 Nerv
1225 1488 1287 1548 mit
1314 1491 1510 1551 Schmerzen

677 1542 727 1602 der
753 1539 854 1599 Hölle
879 1542 1081 1602 durchgrub,
1107 1542 1270 1602 zerbrach!

1307 1588 1467 1648 Triumph
1506 1589 1544 1649 sey
1577 1588 1704 1648 Dank!

671 1642 769 1702 Denn
807 1640 837 1700 er
863 1640 980 1700 schrie:
999 1640 1278 1700 Vollbracht!
1322 1637 1383 1697 und
1415 1639 1488 1699 sank

672 1688 742 1748 hin.
787 1690 852 1750 Und
885 1689 924 1749 du
957 1685 1061 1745 wirfst
1089 1688 1137 1748 dem
1188 1688 1379 1748 schlafenden
1418 1688 1543 1748 Sieger

680 1735 796 1795 Bande
828 1733 881 1793 der
913 1733 976 1793 List
1003 1736 1081 1796 um?
1120 1736 1389 1796 Satanssklave!
1421 1736 1516 1796 Tod!

675 1778 823 1838 Siegelst
850 1778 902 1838 ihn
935 1778 961 1838 in
999 1779 1046 1839 die
1073 1784 1290 1844 Felsenspalt,
1323 1783 1370 1843 als
1402 1781 1481 1841 todt,

676 1819 735 1879 und
766 1819 871 1879 bettest
898 1819 973 1879 über
1004 1822 1058 1882 sein
1094 1827 1210 1887 Haupt
1236 1827 1533 1887 Henkerskrieger?

671 1864 745 1924 Den
777 1864 909 1924 Heilgen
946 1865 1062 1925 Gottes
1095 1870 1126 1930 zu
1158 1870 1316 1930 bestreun,

673 1906 737 1966 mit
763 1909 919 1969 nagendem
971 1912 1091 1972 Moder
1122 1918 1253 1978 kommst
1279 1915 1349 1975 du,
1385 1909 1485 1969 Tod?

681 1946 785 2006 „Der
812 1956 883 2016 Tod
916 1957 955 2017 ist
982 1960 1053 2020 über
1086 1965 1157 2025 dix,
1184 1963 1366 2023 Simson,
1380 1959 1477 2019 Gott

683 2078 695 2138 T
734 2079 881 2139 sprachs!
914 2072 926 2132 —
991 2076 1042 2136 In
1075 2076 1125 2136 der
1158 2079 1241 2139 Höll
1261 2076 1338 2136 hört
1364 2073 1434 2133 ers:
1466 2073 1633 2133 entspranz

681 2127 730 2187 dem
775 2124 979 2184 Erdenbauch
1013 2122 1056 2182 als
1090 2124 1360 2184 Erstgebohrner!
1388 2118 1537 2178 Zerrißen

679 2174 738 2234 sind
774 2175 1011 2235 Todesstricke!
1041 2172 1141 2232 Faden
1178 2172 1206 2232 zu
1243 2169 1337 2229 seinen
1373 2161 1509 2221 Füßen!

679 2225 803 2285 Hieltet
832 2220 876 2280 ihr
905 2217 984 2277 ihn,
1019 2217 1052 2277 da
1081 2217 1108 2277 in
1143 2217 1193 2277 den
1228 2215 1431 2275 Othemgang

675 2270 728 2330 des
761 2270 967 2330 eytrauschten
1001 2264 1114 2324 Riesen
1147 2264 1239 2324 Leben
1272 2260 1402 2320 drang?

671 2315 759 2375 Sich
790 2318 891 2378 fühlt'
915 2315 944 2375 er
974 2312 1034 2372 und
1064 2312 1140 2372 fuhr
1172 2311 1224 2371 das
1255 2309 1450 2369 Erderbeben

677 2366 771 2426 herab
803 2366 834 2426 in
866 2366 915 2426 den
955 2360 1186 2420 Höllenpfuhl,
1219 2357 1281 2417 wie
1307 2360 1470 2420 zückender
1503 2365 1609 2425 Bliß,

676 2414 872 2474 zerspreugte
900 2412 946 2472 den
981 2408 1082 2468 Kreis
1110 2405 1205 2465 wider
1239 2405 1286 2465 ihn
1327 2408 1368 2468 um
1409 2411 1544 2471 Belials
1579 2414 1679 2474 Sitz!

682 2461 805 2521 Kannst
835 2463 864 2523 du
900 2458 1070 2518 zertretnes
1100 2455 1400 2515 Schlangenhaupt
1424 2458 1482 2518 dich
1512 2461 1641 2521 heben?

670 2509 943 2569 Schaugetragne
972 2503 1091 2563 Hölle,
1120 2500 1165 2560 wo
1194 2503 1234 2563 ist
1263 2505 1325 2565 dein
1360 2505 1484 2565 Sieg?

670 2556 739 2616 Vom
786 2560 1000 2620 Sündengift
1030 2551 1220 2611 entmarket,
1250 2554 1383 2614 glänzt,
1418 2557 1475 2617 sieh
1511 2554 1609 2614 Tod!

673 2605 761 2665 Dein
796 2611 932 2671 Stachel
960 2608 986 2668 in
1021 2602 1116 2662 seiner
1144 2602 1259 2662 Ferse!

1398 2605 1494 2665 Denn
1533 2607 1622 2667 Gott

560 2729 620 2789 gab
648 2724 838 2784 Triumph!
872 2727 987 2787 Welt,
1008 2722 1130 2782 hüpfe,
1165 2721 1225 2781 wie
1253 2721 1320 2781 Reh
1355 2724 1381 2784 im
1430 2727 1544 2787 Thau,

672 2775 844 2835 verjungt!
877 2779 882 2839 —
934 2776 1023 2836 Dein
1056 2774 1196 2834 Nichts,
1216 2772 1273 2832 sein
1312 2777 1458 2837 Moder!
1491 2779 1503 2839 —
1555 2778 1606 2838 Er
1632 2775 1676 2835 sah
1709 2773 1759 2833 ihn
1799 2772 1881 2832 nicht
