<?xml version="1.0" encoding="UTF-8" standalone="yes"?>
<PcGts xmlns="http://schema.primaresearch.org/PAGE/gts/pagecontent/2013-07-15" xmlns:xsi="http://www.w3.org/2001/XMLSchema-instance" xsi:schemaLocation="http://schema.primaresearch.org/PAGE/gts/pagecontent/2013-07-15 http://schema.primaresearch.org/PAGE/gts/pagecontent/2013-07-15/pagecontent.xsd">
    <Metadata>
        <Creator>prov=READ-COOP:name=PyLaia@TranskribusPlatform:version=2.12.1:model_id=39995:lm=none:date=03_04_2024_21:24</Creator>
        <Created>2024-04-03T22:35:14.000+02:00</Created>
        <LastChange>2024-04-03T21:24:29.338Z</LastChange>
        <TranskribusMetadata docId="1914748" pageId="67744590" pageNr="4" tsid="156902998" status="IN_PROGRESS" userId="222699" imgUrl="https://files.transkribus.eu/Get?id=DSVJZRHCJMBAPIESXJNVQQQL&amp;fileType=view" xmlUrl="https://files.transkribus.eu/Get?id=OTYWIDRFDAIUWHTVZSUHLJDA" imageId="54064077"/>
    </Metadata>
    <Page imageFilename="67744590.jpg" imageWidth="2479" imageHeight="3508">
        <ReadingOrder>
            <OrderedGroup id="ro_1712179469339" caption="Regions reading order">
                <RegionRefIndexed index="0" regionRef="r_10"/>
                <RegionRefIndexed index="1" regionRef="r_22"/>
                <RegionRefIndexed index="2" regionRef="r_23"/>
            </OrderedGroup>
        </ReadingOrder>
        <Relations/>
        <TextRegion id="r_10" custom="readingOrder {index:0;}">
            <Coords points="268,351 1324,351 1324,2920 268,2920"/>
            <TextLine id="r_10_tl_1" custom="readingOrder {index:0;}">
                <Coords points="1201,403 1213,400 1233,410 1251,408 1256,413 1271,410 1276,405 1288,405 1286,333 1273,333 1268,338 1256,330 1243,330 1236,325 1231,330 1216,325 1198,328"/>
                <Baseline points="1215,394 1259,397 1295,397"/>
                <Word id="r_10_tl_1_w1" custom="readingOrder {index:0;}">
                    <Coords points="1211,356 1211,416 1280,416 1280,356"/>
                    <TextEquiv>
                        <Unicode>Die</Unicode>
                    </TextEquiv>
                </Word>
                <TextEquiv>
                    <Unicode>Die</Unicode>
                </TextEquiv>
            </TextLine>
            <TextLine id="r_10_tl_2" custom="readingOrder {index:1;}">
                <Coords points="288,418 1136,418 1136,368 1038,345 888,368 663,333 563,373 415,338 290,350"/>
                <Baseline points="301,412 337,403 382,403 426,403 471,403 516,403 561,400 606,400 650,400 695,397 740,397 785,397 829,397 874,400 919,400 964,397 1009,397 1053,394 1098,397 1143,400"/>
                <Word id="r_10_tl_2_w1" custom="readingOrder {index:0;}">
                    <Coords points="297,369 297,429 328,429 328,369"/>
                    <TextEquiv>
                        <Unicode>zu</Unicode>
                    </TextEquiv>
                </Word>
                <Word id="r_10_tl_2_w2" custom="readingOrder {index:1;}">
                    <Coords points="361,363 361,423 559,423 559,363"/>
                    <TextEquiv>
                        <Unicode>Beysezung</Unicode>
                    </TextEquiv>
                </Word>
                <Word id="r_10_tl_2_w3" custom="readingOrder {index:2;}">
                    <Coords points="586,360 586,420 682,420 682,360"/>
                    <TextEquiv>
                        <Unicode>dieser</Unicode>
                    </TextEquiv>
                </Word>
                <Word id="r_10_tl_2_w4" custom="readingOrder {index:3;}">
                    <Coords points="714,357 714,417 823,417 823,357"/>
                    <TextEquiv>
                        <Unicode>Sache</Unicode>
                    </TextEquiv>
                </Word>
                <Word id="r_10_tl_2_w5" custom="readingOrder {index:4;}">
                    <Coords points="849,360 849,420 958,420 958,360"/>
                    <TextEquiv>
                        <Unicode>gethän</Unicode>
                    </TextEquiv>
                </Word>
                <Word id="r_10_tl_2_w6" custom="readingOrder {index:5;}">
                    <Coords points="997,354 997,414 1138,414 1138,354"/>
                    <TextEquiv>
                        <Unicode>worden.</Unicode>
                    </TextEquiv>
                </Word>
                <TextEquiv>
                    <Unicode>zu Beysezung dieser Sache gethän worden.</Unicode>
                </TextEquiv>
            </TextLine>
            <TextLine id="r_10_tl_3" custom="readingOrder {index:2;}">
                <Coords points="280,468 1291,470 1291,408 1191,383 1151,413 280,425"/>
                <Baseline points="295,450 313,450 358,450 403,447 447,450 492,447 537,444 582,444 626,444 671,444 716,444 761,444 806,444 850,447 895,447 940,447 985,444 1030,447 1074,447 1119,447 1164,447 1209,447 1253,447 1298,447"/>
                <Word id="r_10_tl_3_w1" custom="readingOrder {index:0;}">
                    <Coords points="296,410 296,470 360,470 360,410"/>
                    <TextEquiv>
                        <Unicode>aus</Unicode>
                    </TextEquiv>
                </Word>
                <Word id="r_10_tl_3_w2" custom="readingOrder {index:1;}">
                    <Coords points="387,409 387,469 523,469 523,409"/>
                    <TextEquiv>
                        <Unicode>Norden</Unicode>
                    </TextEquiv>
                </Word>
                <Word id="r_10_tl_3_w3" custom="readingOrder {index:2;}">
                    <Coords points="550,404 550,464 764,464 764,404"/>
                    <TextEquiv>
                        <Unicode>einlangende</Unicode>
                    </TextEquiv>
                </Word>
                <Word id="r_10_tl_3_w4" custom="readingOrder {index:3;}">
                    <Coords points="792,407 792,467 941,467 941,407"/>
                    <TextEquiv>
                        <Unicode>Berichte</Unicode>
                    </TextEquiv>
                </Word>
                <Word id="r_10_tl_3_w5" custom="readingOrder {index:4;}">
                    <Coords points="974,407 974,467 1136,467 1136,407"/>
                    <TextEquiv>
                        <Unicode>verdienen</Unicode>
                    </TextEquiv>
                </Word>
                <Word id="r_10_tl_3_w6" custom="readingOrder {index:5;}">
                    <Coords points="1169,407 1169,467 1279,467 1279,407"/>
                    <TextEquiv>
                        <Unicode>täglich</Unicode>
                    </TextEquiv>
                </Word>
                <TextEquiv>
                    <Unicode>aus Norden einlangende Berichte verdienen täglich</Unicode>
                </TextEquiv>
            </TextLine>
            <TextLine id="r_10_tl_4" custom="readingOrder {index:3;}">
                <Coords points="288,528 363,525 398,505 435,523 480,508 503,520 573,500 773,515 773,460 728,453 288,463"/>
                <Baseline points="301,498 331,498 376,495 420,495 465,495 510,495 555,492 600,492 644,492 689,492 734,492 779,495"/>
                <Word id="r_10_tl_4_w1" custom="readingOrder {index:0;}">
                    <Coords points="297,455 297,515 443,515 443,455"/>
                    <TextEquiv>
                        <Unicode>mehrere</Unicode>
                    </TextEquiv>
                </Word>
                <Word id="r_10_tl_4_w2" custom="readingOrder {index:1;}">
                    <Coords points="469,452 469,512 769,512 769,452"/>
                    <TextEquiv>
                        <Unicode>Aufmerksamkeit.</Unicode>
                    </TextEquiv>
                </Word>
                <TextEquiv>
                    <Unicode>mehrere Aufmerksamkeit.</Unicode>
                </TextEquiv>
            </TextLine>
            <TextLine id="r_10_tl_5" custom="readingOrder {index:4;}">
                <Coords points="550,555 698,545 738,560 758,540 818,560 1028,555 1028,488 1008,483 980,498 868,475 763,515 550,505"/>
                <Baseline points="564,537 609,540 653,540 698,540 743,540 788,543 832,540 877,537 922,540 967,540 1012,540 1035,540"/>
                <Word id="r_10_tl_5_w1" custom="readingOrder {index:0;}">
                    <Coords points="553,500 553,560 743,560 743,500"/>
                    <TextEquiv>
                        <Unicode>London,</Unicode>
                    </TextEquiv>
                </Word>
                <Word id="r_10_tl_5_w2" custom="readingOrder {index:1;}">
                    <Coords points="771,502 771,562 818,562 818,502"/>
                    <TextEquiv>
                        <Unicode>den</Unicode>
                    </TextEquiv>
                </Word>
                <Word id="r_10_tl_5_w3" custom="readingOrder {index:2;}">
                    <Coords points="853,497 853,557 893,557 893,497"/>
                    <TextEquiv>
                        <Unicode>3.</Unicode>
                    </TextEquiv>
                </Word>
                <Word id="r_10_tl_5_w4" custom="readingOrder {index:3;}">
                    <Coords points="921,500 921,560 1029,560 1029,500"/>
                    <TextEquiv>
                        <Unicode>April.</Unicode>
                    </TextEquiv>
                </Word>
                <TextEquiv>
                    <Unicode>London, den 3. April.</Unicode>
                </TextEquiv>
            </TextLine>
            <TextLine id="r_10_tl_6" custom="readingOrder {index:5;}">
                <Coords points="340,598 1283,608 1283,535 1228,530 515,560 340,523"/>
                <Baseline points="355,585 400,588 444,585 489,588 534,591 579,588 623,588 668,588 713,588 758,591 803,588 847,588 892,588 937,591 982,588 1027,591 1071,588 1116,588 1161,588 1206,588 1250,588 1289,588"/>
                <Word id="r_10_tl_6_w1" custom="readingOrder {index:0;}">
                    <Coords points="349,547 349,607 437,607 437,547"/>
                    <TextEquiv>
                        <Unicode>Man</Unicode>
                    </TextEquiv>
                </Word>
                <Word id="r_10_tl_6_w2" custom="readingOrder {index:1;}">
                    <Coords points="470,549 470,609 566,609 566,549"/>
                    <TextEquiv>
                        <Unicode>macht</Unicode>
                    </TextEquiv>
                </Word>
                <Word id="r_10_tl_6_w3" custom="readingOrder {index:2;}">
                    <Coords points="592,548 592,608 643,608 643,548"/>
                    <TextEquiv>
                        <Unicode>alle</Unicode>
                    </TextEquiv>
                </Word>
                <Word id="r_10_tl_6_w4" custom="readingOrder {index:3;}">
                    <Coords points="670,550 670,610 817,610 817,550"/>
                    <TextEquiv>
                        <Unicode>mögliche</Unicode>
                    </TextEquiv>
                </Word>
                <Word id="r_10_tl_6_w5" custom="readingOrder {index:4;}">
                    <Coords points="837,549 837,609 996,609 996,549"/>
                    <TextEquiv>
                        <Unicode>Anstalten</Unicode>
                    </TextEquiv>
                </Word>
                <Word id="r_10_tl_6_w6" custom="readingOrder {index:5;}">
                    <Coords points="1023,549 1023,609 1073,609 1073,549"/>
                    <TextEquiv>
                        <Unicode>zur</Unicode>
                    </TextEquiv>
                </Word>
                <Word id="r_10_tl_6_w7" custom="readingOrder {index:6;}">
                    <Coords points="1099,548 1099,608 1221,608 1221,548"/>
                    <TextEquiv>
                        <Unicode>Abreise</Unicode>
                    </TextEquiv>
                </Word>
                <Word id="r_10_tl_6_w8" custom="readingOrder {index:7;}">
                    <Coords points="1234,548 1234,608 1285,608 1285,548"/>
                    <TextEquiv>
                        <Unicode>des</Unicode>
                    </TextEquiv>
                </Word>
                <TextEquiv>
                    <Unicode>Man macht alle mögliche Anstalten zur Abreise des</Unicode>
                </TextEquiv>
            </TextLine>
            <TextLine id="r_10_tl_7" custom="readingOrder {index:6;}">
                <Coords points="285,645 1286,650 1288,608 1243,595 288,595"/>
                <Baseline points="298,638 343,638 388,638 432,638 477,635 522,635 567,635 612,635 656,638 701,635 746,638 791,635 835,635 880,635 925,635 970,638 1015,638 1059,638 1104,635 1149,635 1194,632 1238,635 1283,638 1292,638"/>
                <Word id="r_10_tl_7_w1" custom="readingOrder {index:0;}">
                    <Coords points="298,598 298,658 430,658 430,598"/>
                    <TextEquiv>
                        <Unicode>Königs</Unicode>
                    </TextEquiv>
                </Word>
                <Word id="r_10_tl_7_w2" custom="readingOrder {index:1;}">
                    <Coords points="460,595 460,655 529,655 529,595"/>
                    <TextEquiv>
                        <Unicode>nach</Unicode>
                    </TextEquiv>
                </Word>
                <Word id="r_10_tl_7_w3" custom="readingOrder {index:2;}">
                    <Coords points="547,597 547,657 779,657 779,597"/>
                    <TextEquiv>
                        <Unicode>Deutschland.</Unicode>
                    </TextEquiv>
                </Word>
                <Word id="r_10_tl_7_w4" custom="readingOrder {index:3;}">
                    <Coords points="827,595 827,655 913,655 913,595"/>
                    <TextEquiv>
                        <Unicode>Man</Unicode>
                    </TextEquiv>
                </Word>
                <Word id="r_10_tl_7_w5" custom="readingOrder {index:4;}">
                    <Coords points="942,598 942,658 1023,658 1023,598"/>
                    <TextEquiv>
                        <Unicode>sagt,</Unicode>
                    </TextEquiv>
                </Word>
                <Word id="r_10_tl_7_w6" custom="readingOrder {index:5;}">
                    <Coords points="1041,597 1041,657 1093,657 1093,597"/>
                    <TextEquiv>
                        <Unicode>daß</Unicode>
                    </TextEquiv>
                </Word>
                <Word id="r_10_tl_7_w7" custom="readingOrder {index:6;}">
                    <Coords points="1122,595 1122,655 1169,655 1169,595"/>
                    <TextEquiv>
                        <Unicode>der</Unicode>
                    </TextEquiv>
                </Word>
                <Word id="r_10_tl_7_w8" custom="readingOrder {index:7;}">
                    <Coords points="1187,595 1187,655 1290,655 1290,595"/>
                    <TextEquiv>
                        <Unicode>Prinz</Unicode>
                    </TextEquiv>
                </Word>
                <TextEquiv>
                    <Unicode>Königs nach Deutschland. Man sagt, daß der Prinz</Unicode>
                </TextEquiv>
            </TextLine>
            <TextLine id="r_10_tl_8" custom="readingOrder {index:7;}">
                <Coords points="285,693 1291,698 1258,643 285,653"/>
                <Baseline points="298,686 313,689 358,686 403,686 447,686 492,686 537,683 582,686 626,686 671,683 716,686 761,686 806,683 850,680 895,683 940,686 985,683 1030,686 1074,683 1119,686 1164,683 1209,683 1253,683 1298,680"/>
                <Word id="r_10_tl_8_w1" custom="readingOrder {index:0;}">
                    <Coords points="298,647 298,707 360,707 360,647"/>
                    <TextEquiv>
                        <Unicode>von</Unicode>
                    </TextEquiv>
                </Word>
                <Word id="r_10_tl_8_w2" custom="readingOrder {index:1;}">
                    <Coords points="396,646 396,706 523,706 523,646"/>
                    <TextEquiv>
                        <Unicode>Wallis</Unicode>
                    </TextEquiv>
                </Word>
                <Word id="r_10_tl_8_w3" custom="readingOrder {index:2;}">
                    <Coords points="552,646 552,706 621,706 621,646"/>
                    <TextEquiv>
                        <Unicode>eins</Unicode>
                    </TextEquiv>
                </Word>
                <Word id="r_10_tl_8_w4" custom="readingOrder {index:3;}">
                    <Coords points="662,644 662,704 720,704 720,644"/>
                    <TextEquiv>
                        <Unicode>der</Unicode>
                    </TextEquiv>
                </Word>
                <Word id="r_10_tl_8_w5" custom="readingOrder {index:4;}">
                    <Coords points="761,643 761,703 847,703 847,643"/>
                    <TextEquiv>
                        <Unicode>zwey</Unicode>
                    </TextEquiv>
                </Word>
                <Word id="r_10_tl_8_w6" custom="readingOrder {index:5;}">
                    <Coords points="882,644 882,704 1050,704 1050,644"/>
                    <TextEquiv>
                        <Unicode>erledigten</Unicode>
                    </TextEquiv>
                </Word>
                <Word id="r_10_tl_8_w7" custom="readingOrder {index:6;}">
                    <Coords points="1098,643 1098,703 1293,703 1293,643"/>
                    <TextEquiv>
                        <Unicode>Ordenszei=</Unicode>
                    </TextEquiv>
                </Word>
                <TextEquiv>
                    <Unicode>von Wallis eins der zwey erledigten Ordenszei=</Unicode>
                </TextEquiv>
            </TextLine>
            <TextLine id="r_10_tl_9" custom="readingOrder {index:8;}">
                <Coords points="293,735 1291,745 1291,698 1071,685 293,715"/>
                <Baseline points="307,731 313,734 358,734 403,734 447,734 492,734 537,731 582,728 626,731 671,731 716,731 761,731 806,734 850,731 895,734 940,734 985,731 1030,731 1074,731 1119,731 1164,731 1209,731 1253,731 1298,725"/>
                <Word id="r_10_tl_9_w1" custom="readingOrder {index:0;}">
                    <Coords points="299,694 299,754 372,754 372,694"/>
                    <TextEquiv>
                        <Unicode>chen</Unicode>
                    </TextEquiv>
                </Word>
                <Word id="r_10_tl_9_w2" custom="readingOrder {index:1;}">
                    <Coords points="401,694 401,754 451,754 451,694"/>
                    <TextEquiv>
                        <Unicode>vom</Unicode>
                    </TextEquiv>
                </Word>
                <Word id="r_10_tl_9_w3" custom="readingOrder {index:2;}">
                    <Coords points="497,689 497,749 705,749 705,689"/>
                    <TextEquiv>
                        <Unicode>Hosenbande</Unicode>
                    </TextEquiv>
                </Word>
                <Word id="r_10_tl_9_w4" custom="readingOrder {index:3;}">
                    <Coords points="729,693 729,753 881,753 881,693"/>
                    <TextEquiv>
                        <Unicode>erhalten,</Unicode>
                    </TextEquiv>
                </Word>
                <Word id="r_10_tl_9_w5" custom="readingOrder {index:4;}">
                    <Coords points="899,693 899,753 988,753 988,693"/>
                    <TextEquiv>
                        <Unicode>Ihro</Unicode>
                    </TextEquiv>
                </Word>
                <Word id="r_10_tl_9_w6" custom="readingOrder {index:5;}">
                    <Coords points="1012,691 1012,751 1113,751 1113,691"/>
                    <TextEquiv>
                        <Unicode>Maj.</Unicode>
                    </TextEquiv>
                </Word>
                <Word id="r_10_tl_9_w7" custom="readingOrder {index:6;}">
                    <Coords points="1130,691 1130,751 1203,751 1203,691"/>
                    <TextEquiv>
                        <Unicode>aber</Unicode>
                    </TextEquiv>
                </Word>
                <Word id="r_10_tl_9_w8" custom="readingOrder {index:7;}">
                    <Coords points="1221,690 1221,750 1293,750 1293,690"/>
                    <TextEquiv>
                        <Unicode>per¬</Unicode>
                    </TextEquiv>
                </Word>
                <TextEquiv>
                    <Unicode>chen vom Hosenbande erhalten, Ihro Maj. aber per¬</Unicode>
                </TextEquiv>
            </TextLine>
            <TextLine id="r_10_tl_10" custom="readingOrder {index:9;}">
                <Coords points="293,803 1296,788 1276,743 508,763 293,735"/>
                <Baseline points="307,782 316,782 361,782 406,782 450,782 495,779 540,779 585,779 629,779 674,779 719,779 764,779 809,779 853,779 898,779 943,779 988,779 1032,779 1077,779 1122,779 1167,779 1212,779 1256,779 1301,776"/>
                <Word id="r_10_tl_10_w1" custom="readingOrder {index:0;}">
                    <Coords points="300,742 300,802 412,802 412,742"/>
                    <TextEquiv>
                        <Unicode>sönlich</Unicode>
                    </TextEquiv>
                </Word>
                <Word id="r_10_tl_10_w2" custom="readingOrder {index:1;}">
                    <Coords points="436,741 436,801 486,801 486,741"/>
                    <TextEquiv>
                        <Unicode>den</Unicode>
                    </TextEquiv>
                </Word>
                <Word id="r_10_tl_10_w3" custom="readingOrder {index:2;}">
                    <Coords points="521,739 521,799 719,799 719,739"/>
                    <TextEquiv>
                        <Unicode>Erbprinzen</Unicode>
                    </TextEquiv>
                </Word>
                <Word id="r_10_tl_10_w4" custom="readingOrder {index:3;}">
                    <Coords points="754,739 754,799 810,799 810,739"/>
                    <TextEquiv>
                        <Unicode>von</Unicode>
                    </TextEquiv>
                </Word>
                <Word id="r_10_tl_10_w5" custom="readingOrder {index:4;}">
                    <Coords points="845,739 845,799 1100,799 1100,739"/>
                    <TextEquiv>
                        <Unicode>Braunschweig</Unicode>
                    </TextEquiv>
                </Word>
                <Word id="r_10_tl_10_w6" custom="readingOrder {index:5;}">
                    <Coords points="1135,739 1135,799 1191,799 1191,739"/>
                    <TextEquiv>
                        <Unicode>mit</Unicode>
                    </TextEquiv>
                </Word>
                <Word id="r_10_tl_10_w7" custom="readingOrder {index:6;}">
                    <Coords points="1220,739 1220,799 1270,799 1270,739"/>
                    <TextEquiv>
                        <Unicode>dem</Unicode>
                    </TextEquiv>
                </Word>
                <TextEquiv>
                    <Unicode>sönlich den Erbprinzen von Braunschweig mit dem</Unicode>
                </TextEquiv>
            </TextLine>
            <TextLine id="r_10_tl_11" custom="readingOrder {index:10;}">
                <Coords points="290,845 1291,838 1291,788 1198,783 290,810"/>
                <Baseline points="304,829 313,829 358,829 403,832 447,829 492,829 537,829 582,829 626,826 671,826 716,826 761,826 806,824 850,826 895,826 940,826 985,826 1030,829 1074,824 1119,826 1164,826 1209,826 1253,824 1298,824"/>
                <Word id="r_10_tl_11_w1" custom="readingOrder {index:0;}">
                    <Coords points="296,789 296,849 418,849 418,789"/>
                    <TextEquiv>
                        <Unicode>andern</Unicode>
                    </TextEquiv>
                </Word>
                <Word id="r_10_tl_11_w2" custom="readingOrder {index:1;}">
                    <Coords points="446,789 446,849 595,849 595,789"/>
                    <TextEquiv>
                        <Unicode>bekleiden</Unicode>
                    </TextEquiv>
                </Word>
                <Word id="r_10_tl_11_w3" custom="readingOrder {index:2;}">
                    <Coords points="629,786 629,846 767,846 767,786"/>
                    <TextEquiv>
                        <Unicode>werden.</Unicode>
                    </TextEquiv>
                </Word>
                <Word id="r_10_tl_11_w4" custom="readingOrder {index:3;}">
                    <Coords points="818,786 818,846 900,846 900,786"/>
                    <TextEquiv>
                        <Unicode>Auch</Unicode>
                    </TextEquiv>
                </Word>
                <Word id="r_10_tl_11_w5" custom="readingOrder {index:4;}">
                    <Coords points="929,786 929,846 1011,846 1011,786"/>
                    <TextEquiv>
                        <Unicode>sollen</Unicode>
                    </TextEquiv>
                </Word>
                <Word id="r_10_tl_11_w6" custom="readingOrder {index:5;}">
                    <Coords points="1040,784 1040,844 1128,844 1128,784"/>
                    <TextEquiv>
                        <Unicode>Ihro</Unicode>
                    </TextEquiv>
                </Word>
                <Word id="r_10_tl_11_w7" custom="readingOrder {index:6;}">
                    <Coords points="1151,785 1151,845 1289,845 1289,785"/>
                    <TextEquiv>
                        <Unicode>Majest.</Unicode>
                    </TextEquiv>
                </Word>
                <TextEquiv>
                    <Unicode>andern bekleiden werden. Auch sollen Ihro Majest.</Unicode>
                </TextEquiv>
            </TextLine>
            <TextLine id="r_10_tl_12" custom="readingOrder {index:11;}">
                <Coords points="293,890 1291,880 1291,833 293,843"/>
                <Baseline points="307,877 313,874 358,880 403,877 447,877 492,877 537,877 582,877 626,874 671,874 716,874 761,871 806,874 850,874 895,874 940,874 985,874 1030,874 1074,874 1119,874 1164,874 1209,874 1253,874 1298,874"/>
                <Word id="r_10_tl_12_w1" custom="readingOrder {index:0;}">
                    <Coords points="300,837 300,897 371,897 371,837"/>
                    <TextEquiv>
                        <Unicode>nach</Unicode>
                    </TextEquiv>
                </Word>
                <Word id="r_10_tl_12_w2" custom="readingOrder {index:1;}">
                    <Coords points="407,837 407,897 453,897 453,837"/>
                    <TextEquiv>
                        <Unicode>dem</Unicode>
                    </TextEquiv>
                </Word>
                <Word id="r_10_tl_12_w3" custom="readingOrder {index:2;}">
                    <Coords points="501,837 501,897 661,897 661,837"/>
                    <TextEquiv>
                        <Unicode>Beyspiel</Unicode>
                    </TextEquiv>
                </Word>
                <Word id="r_10_tl_12_w4" custom="readingOrder {index:3;}">
                    <Coords points="691,833 691,893 749,893 749,833"/>
                    <TextEquiv>
                        <Unicode>des</Unicode>
                    </TextEquiv>
                </Word>
                <Word id="r_10_tl_12_w5" custom="readingOrder {index:4;}">
                    <Coords points="774,834 774,894 986,894 986,834"/>
                    <TextEquiv>
                        <Unicode>höchstseligen</Unicode>
                    </TextEquiv>
                </Word>
                <Word id="r_10_tl_12_w6" custom="readingOrder {index:5;}">
                    <Coords points="1022,834 1022,894 1181,894 1181,834"/>
                    <TextEquiv>
                        <Unicode>Königs,</Unicode>
                    </TextEquiv>
                </Word>
                <Word id="r_10_tl_12_w7" custom="readingOrder {index:6;}">
                    <Coords points="1206,834 1206,894 1288,894 1288,834"/>
                    <TextEquiv>
                        <Unicode>nicht</Unicode>
                    </TextEquiv>
                </Word>
                <TextEquiv>
                    <Unicode>nach dem Beyspiel des höchstseligen Königs, nicht</Unicode>
                </TextEquiv>
            </TextLine>
            <TextLine id="r_10_tl_13" custom="readingOrder {index:12;}">
                <Coords points="290,940 850,925 983,960 1021,930 1291,930 1291,880 290,890"/>
                <Baseline points="304,925 313,925 358,925 403,925 447,925 492,922 537,919 582,922 626,919 671,922 716,922 761,919 806,922 850,922 895,922 940,922 985,922 1030,922 1074,922 1119,922 1164,919 1209,922 1253,919 1298,919"/>
                <Word id="r_10_tl_13_w1" custom="readingOrder {index:0;}">
                    <Coords points="297,885 297,945 389,945 389,885"/>
                    <TextEquiv>
                        <Unicode>mehr</Unicode>
                    </TextEquiv>
                </Word>
                <Word id="r_10_tl_13_w2" custom="readingOrder {index:1;}">
                    <Coords points="413,885 413,945 459,945 459,885"/>
                    <TextEquiv>
                        <Unicode>als</Unicode>
                    </TextEquiv>
                </Word>
                <Word id="r_10_tl_13_w3" custom="readingOrder {index:2;}">
                    <Coords points="478,880 478,940 558,940 558,880"/>
                    <TextEquiv>
                        <Unicode>1000</Unicode>
                    </TextEquiv>
                </Word>
                <Word id="r_10_tl_13_w4" custom="readingOrder {index:3;}">
                    <Coords points="594,880 594,940 704,940 704,880"/>
                    <TextEquiv>
                        <Unicode>Pfund</Unicode>
                    </TextEquiv>
                </Word>
                <Word id="r_10_tl_13_w5" custom="readingOrder {index:4;}">
                    <Coords points="729,880 729,940 844,940 844,880"/>
                    <TextEquiv>
                        <Unicode>Sterl.</Unicode>
                    </TextEquiv>
                </Word>
                <Word id="r_10_tl_13_w6" custom="readingOrder {index:5;}">
                    <Coords points="856,882 856,942 961,942 961,882"/>
                    <TextEquiv>
                        <Unicode>täglich</Unicode>
                    </TextEquiv>
                </Word>
                <Word id="r_10_tl_13_w7" custom="readingOrder {index:6;}">
                    <Coords points="991,882 991,942 1177,942 1177,882"/>
                    <TextEquiv>
                        <Unicode>währender</Unicode>
                    </TextEquiv>
                </Word>
                <Word id="r_10_tl_13_w8" custom="readingOrder {index:7;}">
                    <Coords points="1201,879 1201,939 1287,939 1287,879"/>
                    <TextEquiv>
                        <Unicode>Reise</Unicode>
                    </TextEquiv>
                </Word>
                <TextEquiv>
                    <Unicode>mehr als 1000 Pfund Sterl. täglich währender Reise</Unicode>
                </TextEquiv>
            </TextLine>
            <TextLine id="r_10_tl_14" custom="readingOrder {index:13;}">
                <Coords points="295,988 1296,985 1296,930 1251,925 295,948"/>
                <Baseline points="310,973 316,976 361,973 406,973 450,973 495,973 540,970 585,970 629,970 674,970 719,970 764,970 809,970 853,970 898,967 943,970 988,967 1032,967 1077,967 1122,970 1167,967 1212,967 1256,967 1301,967"/>
                <Word id="r_10_tl_14_w1" custom="readingOrder {index:0;}">
                    <Coords points="302,936 302,996 330,996 330,936"/>
                    <TextEquiv>
                        <Unicode>zu</Unicode>
                    </TextEquiv>
                </Word>
                <Word id="r_10_tl_14_w2" custom="readingOrder {index:1;}">
                    <Coords points="360,933 360,993 446,993 446,933"/>
                    <TextEquiv>
                        <Unicode>ihren</Unicode>
                    </TextEquiv>
                </Word>
                <Word id="r_10_tl_14_w3" custom="readingOrder {index:2;}">
                    <Coords points="476,930 476,990 643,990 643,930"/>
                    <TextEquiv>
                        <Unicode>Ausgaben</Unicode>
                    </TextEquiv>
                </Word>
                <Word id="r_10_tl_14_w4" custom="readingOrder {index:3;}">
                    <Coords points="667,930 667,990 829,990 829,930"/>
                    <TextEquiv>
                        <Unicode>bestimmt</Unicode>
                    </TextEquiv>
                </Word>
                <Word id="r_10_tl_14_w5" custom="readingOrder {index:4;}">
                    <Coords points="847,927 847,987 968,987 968,927"/>
                    <TextEquiv>
                        <Unicode>haben.</Unicode>
                    </TextEquiv>
                </Word>
                <Word id="r_10_tl_14_w6" custom="readingOrder {index:5;}">
                    <Coords points="1015,929 1015,989 1200,989 1200,929"/>
                    <TextEquiv>
                        <Unicode>Gleichwol</Unicode>
                    </TextEquiv>
                </Word>
                <Word id="r_10_tl_14_w7" custom="readingOrder {index:6;}">
                    <Coords points="1218,927 1218,987 1292,987 1292,927"/>
                    <TextEquiv>
                        <Unicode>hört</Unicode>
                    </TextEquiv>
                </Word>
                <TextEquiv>
                    <Unicode>zu ihren Ausgaben bestimmt haben. Gleichwol hört</Unicode>
                </TextEquiv>
            </TextLine>
            <TextLine id="r_10_tl_15" custom="readingOrder {index:14;}">
                <Coords points="293,1028 1286,1026 1286,978 995,965 950,995 293,993"/>
                <Baseline points="307,1018 352,1021 397,1018 441,1021 486,1018 531,1018 576,1018 620,1018 665,1018 710,1018 755,1015 800,1015 844,1015 889,1015 934,1015 979,1012 1024,1015 1068,1015 1113,1015 1158,1015 1203,1015 1247,1015 1292,1015"/>
                <Word id="r_10_tl_15_w1" custom="readingOrder {index:0;}">
                    <Coords points="305,980 305,1040 376,1040 376,980"/>
                    <TextEquiv>
                        <Unicode>man</Unicode>
                    </TextEquiv>
                </Word>
                <Word id="r_10_tl_15_w2" custom="readingOrder {index:1;}">
                    <Coords points="415,980 415,1040 465,1040 465,980"/>
                    <TextEquiv>
                        <Unicode>bey</Unicode>
                    </TextEquiv>
                </Word>
                <Word id="r_10_tl_15_w3" custom="readingOrder {index:2;}">
                    <Coords points="505,978 505,1038 643,1038 643,978"/>
                    <TextEquiv>
                        <Unicode>Abgang</Unicode>
                    </TextEquiv>
                </Word>
                <Word id="r_10_tl_15_w4" custom="readingOrder {index:3;}">
                    <Coords points="677,978 677,1038 733,1038 733,978"/>
                    <TextEquiv>
                        <Unicode>des</Unicode>
                    </TextEquiv>
                </Word>
                <Word id="r_10_tl_15_w5" custom="readingOrder {index:4;}">
                    <Coords points="766,975 766,1035 922,1035 922,975"/>
                    <TextEquiv>
                        <Unicode>Couriers</Unicode>
                    </TextEquiv>
                </Word>
                <Word id="r_10_tl_15_w6" custom="readingOrder {index:5;}">
                    <Coords points="956,974 956,1034 1083,1034 1083,974"/>
                    <TextEquiv>
                        <Unicode>gewisse</Unicode>
                    </TextEquiv>
                </Word>
                <Word id="r_10_tl_15_w7" custom="readingOrder {index:6;}">
                    <Coords points="1111,975 1111,1035 1283,1035 1283,975"/>
                    <TextEquiv>
                        <Unicode>Umstände</Unicode>
                    </TextEquiv>
                </Word>
                <TextEquiv>
                    <Unicode>man bey Abgang des Couriers gewisse Umstände</Unicode>
                </TextEquiv>
            </TextLine>
            <TextLine id="r_10_tl_16" custom="readingOrder {index:15;}">
                <Coords points="300,1078 1301,1073 1301,1033 1221,1018 300,1033"/>
                <Baseline points="313,1065 322,1065 367,1065 412,1065 456,1065 501,1062 546,1062 591,1062 635,1062 680,1062 725,1062 770,1062 815,1062 859,1062 904,1059 949,1059 994,1059 1038,1059 1083,1059 1128,1056 1173,1062 1218,1059 1262,1059 1307,1059"/>
                <Word id="r_10_tl_16_w1" custom="readingOrder {index:0;}">
                    <Coords points="306,1025 306,1085 418,1085 418,1025"/>
                    <TextEquiv>
                        <Unicode>welche</Unicode>
                    </TextEquiv>
                </Word>
                <Word id="r_10_tl_16_w2" custom="readingOrder {index:1;}">
                    <Coords points="451,1022 451,1082 532,1082 532,1022"/>
                    <TextEquiv>
                        <Unicode>diese</Unicode>
                    </TextEquiv>
                </Word>
                <Word id="r_10_tl_16_w3" custom="readingOrder {index:2;}">
                    <Coords points="565,1022 565,1082 661,1082 661,1022"/>
                    <TextEquiv>
                        <Unicode>ganze</Unicode>
                    </TextEquiv>
                </Word>
                <Word id="r_10_tl_16_w4" custom="readingOrder {index:3;}">
                    <Coords points="694,1022 694,1082 785,1082 785,1022"/>
                    <TextEquiv>
                        <Unicode>Reise</Unicode>
                    </TextEquiv>
                </Word>
                <Word id="r_10_tl_16_w5" custom="readingOrder {index:4;}">
                    <Coords points="819,1022 819,1082 877,1082 877,1022"/>
                    <TextEquiv>
                        <Unicode>auf</Unicode>
                    </TextEquiv>
                </Word>
                <Word id="r_10_tl_16_w6" custom="readingOrder {index:5;}">
                    <Coords points="905,1019 905,1079 969,1079 969,1019"/>
                    <TextEquiv>
                        <Unicode>dies</Unicode>
                    </TextEquiv>
                </Word>
                <Word id="r_10_tl_16_w7" custom="readingOrder {index:6;}">
                    <Coords points="1013,1019 1013,1079 1104,1079 1104,1019"/>
                    <TextEquiv>
                        <Unicode>Jahr</Unicode>
                    </TextEquiv>
                </Word>
                <Word id="r_10_tl_16_w8" custom="readingOrder {index:7;}">
                    <Coords points="1137,1019 1137,1079 1282,1079 1282,1019"/>
                    <TextEquiv>
                        <Unicode>vereiteln</Unicode>
                    </TextEquiv>
                </Word>
                <TextEquiv>
                    <Unicode>welche diese ganze Reise auf dies Jahr vereiteln</Unicode>
                </TextEquiv>
            </TextLine>
            <TextLine id="r_10_tl_17" custom="readingOrder {index:16;}">
                <Coords points="300,1123 1291,1121 1291,1073 1131,1058 300,1078"/>
                <Baseline points="313,1110 358,1113 403,1113 447,1110 492,1110 537,1104 582,1107 626,1110 671,1110 716,1110 761,1107 806,1107 850,1107 895,1107 940,1104 985,1104 1030,1104 1074,1104 1119,1104 1164,1104 1209,1104 1253,1104 1298,1104"/>
                <Word id="r_10_tl_17_w1" custom="readingOrder {index:0;}">
                    <Coords points="306,1073 306,1133 460,1133 460,1073"/>
                    <TextEquiv>
                        <Unicode>könnten.</Unicode>
                    </TextEquiv>
                </Word>
                <Word id="r_10_tl_17_w2" custom="readingOrder {index:1;}">
                    <Coords points="488,1065 488,1125 620,1125 620,1065"/>
                    <TextEquiv>
                        <Unicode>Gestern</Unicode>
                    </TextEquiv>
                </Word>
                <Word id="r_10_tl_17_w3" custom="readingOrder {index:2;}">
                    <Coords points="649,1070 649,1130 753,1130 753,1070"/>
                    <TextEquiv>
                        <Unicode>langte</Unicode>
                    </TextEquiv>
                </Word>
                <Word id="r_10_tl_17_w4" custom="readingOrder {index:3;}">
                    <Coords points="770,1067 770,1127 825,1127 825,1067"/>
                    <TextEquiv>
                        <Unicode>das</Unicode>
                    </TextEquiv>
                </Word>
                <Word id="r_10_tl_17_w5" custom="readingOrder {index:4;}">
                    <Coords points="842,1064 842,1124 1035,1124 1035,1064"/>
                    <TextEquiv>
                        <Unicode>Ostindische</Unicode>
                    </TextEquiv>
                </Word>
                <Word id="r_10_tl_17_w6" custom="readingOrder {index:5;}">
                    <Coords points="1052,1064 1052,1124 1145,1124 1145,1064"/>
                    <TextEquiv>
                        <Unicode>Schif</Unicode>
                    </TextEquiv>
                </Word>
                <Word id="r_10_tl_17_w7" custom="readingOrder {index:6;}">
                    <Coords points="1162,1064 1162,1124 1289,1124 1289,1064"/>
                    <TextEquiv>
                        <Unicode>George</Unicode>
                    </TextEquiv>
                </Word>
                <TextEquiv>
                    <Unicode>könnten. Gestern langte das Ostindische Schif George</Unicode>
                </TextEquiv>
            </TextLine>
            <TextLine id="r_10_tl_18" custom="readingOrder {index:17;}">
                <Coords points="300,1181 1298,1166 1298,1123 1218,1111 300,1123"/>
                <Baseline points="313,1164 316,1164 361,1161 406,1158 450,1155 495,1155 540,1155 585,1155 629,1155 674,1155 719,1155 764,1155 809,1152 853,1152 898,1152 943,1152 988,1152 1032,1152 1077,1152 1122,1152 1167,1152 1212,1149 1256,1152 1301,1149"/>
                <Word id="r_10_tl_18_w1" custom="readingOrder {index:0;}">
                    <Coords points="305,1122 305,1182 379,1182 379,1122"/>
                    <TextEquiv>
                        <Unicode>hier</Unicode>
                    </TextEquiv>
                </Word>
                <Word id="r_10_tl_18_w2" custom="readingOrder {index:1;}">
                    <Coords points="400,1116 400,1176 463,1176 463,1116"/>
                    <TextEquiv>
                        <Unicode>an,</Unicode>
                    </TextEquiv>
                </Word>
                <Word id="r_10_tl_18_w3" custom="readingOrder {index:2;}">
                    <Coords points="495,1115 495,1175 621,1175 621,1115"/>
                    <TextEquiv>
                        <Unicode>welches</Unicode>
                    </TextEquiv>
                </Word>
                <Word id="r_10_tl_18_w4" custom="readingOrder {index:3;}">
                    <Coords points="653,1115 653,1175 706,1175 706,1115"/>
                    <TextEquiv>
                        <Unicode>den</Unicode>
                    </TextEquiv>
                </Word>
                <Word id="r_10_tl_18_w5" custom="readingOrder {index:4;}">
                    <Coords points="743,1113 743,1173 832,1173 832,1113"/>
                    <TextEquiv>
                        <Unicode>12ten</Unicode>
                    </TextEquiv>
                </Word>
                <Word id="r_10_tl_18_w6" custom="readingOrder {index:5;}">
                    <Coords points="859,1112 859,1172 996,1172 996,1112"/>
                    <TextEquiv>
                        <Unicode>October</Unicode>
                    </TextEquiv>
                </Word>
                <Word id="r_10_tl_18_w7" custom="readingOrder {index:6;}">
                    <Coords points="1028,1112 1028,1172 1075,1172 1075,1112"/>
                    <TextEquiv>
                        <Unicode>des</Unicode>
                    </TextEquiv>
                </Word>
                <Word id="r_10_tl_18_w8" custom="readingOrder {index:7;}">
                    <Coords points="1107,1110 1107,1170 1286,1170 1286,1110"/>
                    <TextEquiv>
                        <Unicode>verfloßnen</Unicode>
                    </TextEquiv>
                </Word>
                <TextEquiv>
                    <Unicode>hier an, welches den 12ten October des verfloßnen</Unicode>
                </TextEquiv>
            </TextLine>
            <TextLine id="r_10_tl_19" custom="readingOrder {index:18;}">
                <Coords points="300,1228 1301,1206 1273,1158 300,1171"/>
                <Baseline points="313,1215 322,1209 367,1206 412,1206 456,1200 501,1200 546,1197 591,1200 635,1200 680,1200 725,1200 770,1200 815,1200 859,1200 904,1200 949,1197 994,1194 1038,1197 1083,1200 1128,1200 1173,1197 1218,1197 1262,1197 1307,1194"/>
                <Word id="r_10_tl_19_w1" custom="readingOrder {index:0;}">
                    <Coords points="311,1166 311,1226 424,1226 424,1166"/>
                    <TextEquiv>
                        <Unicode>Jahrs</Unicode>
                    </TextEquiv>
                </Word>
                <Word id="r_10_tl_19_w2" custom="readingOrder {index:1;}">
                    <Coords points="451,1160 451,1220 505,1220 505,1160"/>
                    <TextEquiv>
                        <Unicode>von</Unicode>
                    </TextEquiv>
                </Word>
                <Word id="r_10_tl_19_w3" custom="readingOrder {index:2;}">
                    <Coords points="532,1160 532,1220 699,1220 699,1160"/>
                    <TextEquiv>
                        <Unicode>Bengalen</Unicode>
                    </TextEquiv>
                </Word>
                <Word id="r_10_tl_19_w4" custom="readingOrder {index:3;}">
                    <Coords points="727,1160 727,1220 947,1220 947,1160"/>
                    <TextEquiv>
                        <Unicode>abgegangen.</Unicode>
                    </TextEquiv>
                </Word>
                <Word id="r_10_tl_19_w5" custom="readingOrder {index:4;}">
                    <Coords points="986,1156 986,1216 1061,1216 1061,1156"/>
                    <TextEquiv>
                        <Unicode>Den</Unicode>
                    </TextEquiv>
                </Word>
                <Word id="r_10_tl_19_w6" custom="readingOrder {index:5;}">
                    <Coords points="1094,1157 1094,1217 1298,1217 1298,1157"/>
                    <TextEquiv>
                        <Unicode>mitgebrach¬</Unicode>
                    </TextEquiv>
                </Word>
                <TextEquiv>
                    <Unicode>Jahrs von Bengalen abgegangen. Den mitgebrach¬</Unicode>
                </TextEquiv>
            </TextLine>
            <TextLine id="r_10_tl_20" custom="readingOrder {index:19;}">
                <Coords points="300,1273 1301,1253 1298,1206 970,1193 300,1226"/>
                <Baseline points="313,1256 322,1256 367,1253 412,1253 456,1250 501,1250 546,1247 591,1247 635,1247 680,1244 725,1244 770,1244 815,1244 859,1244 904,1244 949,1244 994,1244 1038,1244 1083,1244 1128,1244 1173,1244 1218,1244 1262,1241 1307,1241"/>
                <Word id="r_10_tl_20_w1" custom="readingOrder {index:0;}">
                    <Coords points="307,1215 307,1275 357,1275 357,1215"/>
                    <TextEquiv>
                        <Unicode>ten</Unicode>
                    </TextEquiv>
                </Word>
                <Word id="r_10_tl_20_w2" custom="readingOrder {index:1;}">
                    <Coords points="386,1210 386,1270 521,1270 521,1210"/>
                    <TextEquiv>
                        <Unicode>Briefen</Unicode>
                    </TextEquiv>
                </Word>
                <Word id="r_10_tl_20_w3" custom="readingOrder {index:2;}">
                    <Coords points="550,1207 550,1267 669,1267 669,1207"/>
                    <TextEquiv>
                        <Unicode>zufolge</Unicode>
                    </TextEquiv>
                </Word>
                <Word id="r_10_tl_20_w4" custom="readingOrder {index:3;}">
                    <Coords points="698,1204 698,1264 737,1264 737,1204"/>
                    <TextEquiv>
                        <Unicode>ist</Unicode>
                    </TextEquiv>
                </Word>
                <Word id="r_10_tl_20_w5" custom="readingOrder {index:4;}">
                    <Coords points="771,1204 771,1264 816,1264 816,1204"/>
                    <TextEquiv>
                        <Unicode>den</Unicode>
                    </TextEquiv>
                </Word>
                <Word id="r_10_tl_20_w6" custom="readingOrder {index:5;}">
                    <Coords points="856,1204 856,1264 924,1264 924,1204"/>
                    <TextEquiv>
                        <Unicode>2ten</Unicode>
                    </TextEquiv>
                </Word>
                <Word id="r_10_tl_20_w7" custom="readingOrder {index:6;}">
                    <Coords points="953,1204 953,1264 1077,1264 1077,1204"/>
                    <TextEquiv>
                        <Unicode>August</Unicode>
                    </TextEquiv>
                </Word>
                <Word id="r_10_tl_20_w8" custom="readingOrder {index:7;}">
                    <Coords points="1100,1204 1100,1264 1145,1264 1145,1204"/>
                    <TextEquiv>
                        <Unicode>ein</Unicode>
                    </TextEquiv>
                </Word>
                <Word id="r_10_tl_20_w9" custom="readingOrder {index:8;}">
                    <Coords points="1174,1202 1174,1262 1298,1262 1298,1202"/>
                    <TextEquiv>
                        <Unicode>Haupt=</Unicode>
                    </TextEquiv>
                </Word>
                <TextEquiv>
                    <Unicode>ten Briefen zufolge ist den 2ten August ein Haupt=</Unicode>
                </TextEquiv>
            </TextLine>
            <TextLine id="r_10_tl_21" custom="readingOrder {index:20;}">
                <Coords points="293,1313 1268,1311 1293,1258 295,1268"/>
                <Baseline points="307,1307 313,1307 358,1304 403,1304 447,1301 492,1298 537,1298 582,1295 626,1295 671,1295 716,1295 761,1295 806,1295 850,1292 895,1292 940,1289 985,1292 1030,1292 1074,1292 1119,1292 1164,1292 1209,1289 1253,1289 1298,1289"/>
                <Word id="r_10_tl_21_w1" custom="readingOrder {index:0;}">
                    <Coords points="306,1264 306,1324 415,1324 415,1264"/>
                    <TextEquiv>
                        <Unicode>treffen</Unicode>
                    </TextEquiv>
                </Word>
                <Word id="r_10_tl_21_w2" custom="readingOrder {index:1;}">
                    <Coords points="450,1258 450,1318 589,1318 589,1258"/>
                    <TextEquiv>
                        <Unicode>zwischen</Unicode>
                    </TextEquiv>
                </Word>
                <Word id="r_10_tl_21_w3" custom="readingOrder {index:2;}">
                    <Coords points="624,1255 624,1315 675,1315 675,1255"/>
                    <TextEquiv>
                        <Unicode>der</Unicode>
                    </TextEquiv>
                </Word>
                <Word id="r_10_tl_21_w4" custom="readingOrder {index:3;}">
                    <Coords points="706,1255 706,1315 826,1315 826,1255"/>
                    <TextEquiv>
                        <Unicode>Armee</Unicode>
                    </TextEquiv>
                </Word>
                <Word id="r_10_tl_21_w5" custom="readingOrder {index:4;}">
                    <Coords points="856,1252 856,1312 902,1312 902,1252"/>
                    <TextEquiv>
                        <Unicode>des</Unicode>
                    </TextEquiv>
                </Word>
                <Word id="r_10_tl_21_w6" custom="readingOrder {index:5;}">
                    <Coords points="937,1252 937,1312 1058,1312 1058,1252"/>
                    <TextEquiv>
                        <Unicode>Nabob</Unicode>
                    </TextEquiv>
                </Word>
                <Word id="r_10_tl_21_w7" custom="readingOrder {index:6;}">
                    <Coords points="1087,1252 1087,1312 1139,1312 1139,1252"/>
                    <TextEquiv>
                        <Unicode>von</Unicode>
                    </TextEquiv>
                </Word>
                <Word id="r_10_tl_21_w8" custom="readingOrder {index:7;}">
                    <Coords points="1175,1249 1175,1309 1284,1309 1284,1249"/>
                    <TextEquiv>
                        <Unicode>50000</Unicode>
                    </TextEquiv>
                </Word>
                <TextEquiv>
                    <Unicode>treffen zwischen der Armee des Nabob von 50000</Unicode>
                </TextEquiv>
            </TextLine>
            <TextLine id="r_10_tl_22" custom="readingOrder {index:21;}">
                <Coords points="295,1371 1293,1361 1293,1301 1161,1293 295,1316"/>
                <Baseline points="310,1352 313,1355 358,1355 403,1352 447,1349 492,1346 537,1349 582,1346 626,1346 671,1346 716,1343 761,1343 806,1343 850,1343 895,1343 940,1343 985,1343 1030,1343 1074,1343 1119,1346 1164,1343 1209,1340 1253,1340 1298,1343"/>
                <Word id="r_10_tl_22_w1" custom="readingOrder {index:0;}">
                    <Coords points="313,1315 313,1375 370,1375 370,1315"/>
                    <TextEquiv>
                        <Unicode>und</Unicode>
                    </TextEquiv>
                </Word>
                <Word id="r_10_tl_22_w2" custom="readingOrder {index:1;}">
                    <Coords points="394,1311 394,1371 439,1371 439,1311"/>
                    <TextEquiv>
                        <Unicode>der</Unicode>
                    </TextEquiv>
                </Word>
                <Word id="r_10_tl_22_w3" custom="readingOrder {index:2;}">
                    <Coords points="457,1307 457,1367 653,1367 653,1307"/>
                    <TextEquiv>
                        <Unicode>Compagnie</Unicode>
                    </TextEquiv>
                </Word>
                <Word id="r_10_tl_22_w4" custom="readingOrder {index:3;}">
                    <Coords points="671,1304 671,1364 723,1364 723,1304"/>
                    <TextEquiv>
                        <Unicode>von</Unicode>
                    </TextEquiv>
                </Word>
                <Word id="r_10_tl_22_w5" custom="readingOrder {index:4;}">
                    <Coords points="753,1303 753,1363 839,1363 839,1303"/>
                    <TextEquiv>
                        <Unicode>5200</Unicode>
                    </TextEquiv>
                </Word>
                <Word id="r_10_tl_22_w6" custom="readingOrder {index:5;}">
                    <Coords points="868,1303 868,1363 966,1363 966,1303"/>
                    <TextEquiv>
                        <Unicode>Mann</Unicode>
                    </TextEquiv>
                </Word>
                <Word id="r_10_tl_22_w7" custom="readingOrder {index:6;}">
                    <Coords points="990,1303 990,1363 1081,1363 1081,1303"/>
                    <TextEquiv>
                        <Unicode>unter</Unicode>
                    </TextEquiv>
                </Word>
                <Word id="r_10_tl_22_w8" custom="readingOrder {index:7;}">
                    <Coords points="1100,1300 1100,1360 1290,1360 1290,1300"/>
                    <TextEquiv>
                        <Unicode>Anfuhrung</Unicode>
                    </TextEquiv>
                </Word>
                <TextEquiv>
                    <Unicode>und der Compagnie von 5200 Mann unter Anfuhrung</Unicode>
                </TextEquiv>
            </TextLine>
            <TextLine id="r_10_tl_23" custom="readingOrder {index:22;}">
                <Coords points="295,1416 1298,1411 1298,1361 1231,1348 295,1373"/>
                <Baseline points="310,1400 319,1403 364,1403 409,1400 453,1397 498,1397 543,1397 588,1397 632,1397 677,1397 722,1394 767,1394 812,1397 856,1394 901,1394 946,1394 991,1394 1035,1394 1080,1394 1125,1394 1170,1394 1215,1391 1259,1391 1304,1391"/>
                <Word id="r_10_tl_23_w1" custom="readingOrder {index:0;}">
                    <Coords points="306,1363 306,1423 365,1423 365,1363"/>
                    <TextEquiv>
                        <Unicode>der</Unicode>
                    </TextEquiv>
                </Word>
                <Word id="r_10_tl_23_w2" custom="readingOrder {index:1;}">
                    <Coords points="382,1357 382,1417 505,1417 505,1357"/>
                    <TextEquiv>
                        <Unicode>Majors</Unicode>
                    </TextEquiv>
                </Word>
                <Word id="r_10_tl_23_w3" custom="readingOrder {index:2;}">
                    <Coords points="527,1357 527,1417 646,1417 646,1357"/>
                    <TextEquiv>
                        <Unicode>Adams</Unicode>
                    </TextEquiv>
                </Word>
                <Word id="r_10_tl_23_w4" custom="readingOrder {index:3;}">
                    <Coords points="668,1355 668,1415 727,1415 727,1355"/>
                    <TextEquiv>
                        <Unicode>und</Unicode>
                    </TextEquiv>
                </Word>
                <Word id="r_10_tl_23_w5" custom="readingOrder {index:4;}">
                    <Coords points="749,1356 749,1416 868,1416 868,1356"/>
                    <TextEquiv>
                        <Unicode>Carnac</Unicode>
                    </TextEquiv>
                </Word>
                <Word id="r_10_tl_23_w6" custom="readingOrder {index:5;}">
                    <Coords points="885,1354 885,1414 1090,1414 1090,1354"/>
                    <TextEquiv>
                        <Unicode>vorgefallen.</Unicode>
                    </TextEquiv>
                </Word>
                <Word id="r_10_tl_23_w7" custom="readingOrder {index:6;}">
                    <Coords points="1107,1354 1107,1414 1187,1414 1187,1354"/>
                    <TextEquiv>
                        <Unicode>Nach</Unicode>
                    </TextEquiv>
                </Word>
                <Word id="r_10_tl_23_w8" custom="readingOrder {index:7;}">
                    <Coords points="1210,1351 1210,1411 1290,1411 1290,1351"/>
                    <TextEquiv>
                        <Unicode>einer</Unicode>
                    </TextEquiv>
                </Word>
                <TextEquiv>
                    <Unicode>der Majors Adams und Carnac vorgefallen. Nach einer</Unicode>
                </TextEquiv>
            </TextLine>
            <TextLine id="r_10_tl_24" custom="readingOrder {index:23;}">
                <Coords points="295,1458 1298,1451 1298,1411 1203,1398 295,1418"/>
                <Baseline points="310,1450 319,1450 364,1447 409,1447 453,1447 498,1444 543,1444 588,1444 632,1444 677,1444 722,1444 767,1444 812,1444 856,1444 901,1444 946,1442 991,1444 1035,1444 1080,1442 1125,1444 1170,1442 1215,1442 1259,1442 1304,1442"/>
                <Word id="r_10_tl_24_w1" custom="readingOrder {index:0;}">
                    <Coords points="301,1407 301,1467 534,1467 534,1407"/>
                    <TextEquiv>
                        <Unicode>monathlichen</Unicode>
                    </TextEquiv>
                </Word>
                <Word id="r_10_tl_24_w2" custom="readingOrder {index:1;}">
                    <Coords points="572,1404 572,1464 779,1464 779,1404"/>
                    <TextEquiv>
                        <Unicode>Belagerung</Unicode>
                    </TextEquiv>
                </Word>
                <Word id="r_10_tl_24_w3" custom="readingOrder {index:2;}">
                    <Coords points="812,1404 812,1464 855,1464 855,1404"/>
                    <TextEquiv>
                        <Unicode>ist</Unicode>
                    </TextEquiv>
                </Word>
                <Word id="r_10_tl_24_w4" custom="readingOrder {index:3;}">
                    <Coords points="883,1403 883,1463 931,1463 931,1403"/>
                    <TextEquiv>
                        <Unicode>der</Unicode>
                    </TextEquiv>
                </Word>
                <Word id="r_10_tl_24_w5" custom="readingOrder {index:4;}">
                    <Coords points="964,1404 964,1464 1062,1464 1062,1404"/>
                    <TextEquiv>
                        <Unicode>Feind</Unicode>
                    </TextEquiv>
                </Word>
                <Word id="r_10_tl_24_w6" custom="readingOrder {index:5;}">
                    <Coords points="1100,1403 1100,1463 1160,1463 1160,1403"/>
                    <TextEquiv>
                        <Unicode>aus</Unicode>
                    </TextEquiv>
                </Word>
                <Word id="r_10_tl_24_w7" custom="readingOrder {index:6;}">
                    <Coords points="1193,1402 1193,1462 1290,1462 1290,1402"/>
                    <TextEquiv>
                        <Unicode>seiner</Unicode>
                    </TextEquiv>
                </Word>
                <TextEquiv>
                    <Unicode>monathlichen Belagerung ist der Feind aus seiner</Unicode>
                </TextEquiv>
            </TextLine>
            <TextLine id="r_10_tl_25" custom="readingOrder {index:24;}">
                <Coords points="288,1513 1301,1498 1281,1448 290,1461"/>
                <Baseline points="304,1495 319,1495 364,1495 409,1495 453,1495 498,1492 543,1492 588,1492 632,1492 677,1492 722,1492 767,1489 812,1492 856,1489 901,1492 946,1492 991,1489 1035,1489 1080,1489 1125,1489 1170,1489 1215,1489 1259,1489 1304,1483"/>
                <Word id="r_10_tl_25_w1" custom="readingOrder {index:0;}">
                    <Coords points="299,1455 299,1515 557,1515 557,1455"/>
                    <TextEquiv>
                        <Unicode>Verschanzung</Unicode>
                    </TextEquiv>
                </Word>
                <Word id="r_10_tl_25_w2" custom="readingOrder {index:1;}">
                    <Coords points="585,1452 585,1512 764,1512 764,1452"/>
                    <TextEquiv>
                        <Unicode>getrieben,</Unicode>
                    </TextEquiv>
                </Word>
                <Word id="r_10_tl_25_w3" custom="readingOrder {index:2;}">
                    <Coords points="791,1451 791,1511 848,1511 848,1451"/>
                    <TextEquiv>
                        <Unicode>und</Unicode>
                    </TextEquiv>
                </Word>
                <Word id="r_10_tl_25_w4" custom="readingOrder {index:3;}">
                    <Coords points="881,1452 881,1512 976,1512 976,1452"/>
                    <TextEquiv>
                        <Unicode>außer</Unicode>
                    </TextEquiv>
                </Word>
                <Word id="r_10_tl_25_w5" custom="readingOrder {index:4;}">
                    <Coords points="1013,1449 1013,1509 1092,1509 1092,1449"/>
                    <TextEquiv>
                        <Unicode>einer</Unicode>
                    </TextEquiv>
                </Word>
                <Word id="r_10_tl_25_w6" custom="readingOrder {index:5;}">
                    <Coords points="1125,1449 1125,1509 1299,1509 1299,1449"/>
                    <TextEquiv>
                        <Unicode>betrachtli¬</Unicode>
                    </TextEquiv>
                </Word>
                <TextEquiv>
                    <Unicode>Verschanzung getrieben, und außer einer betrachtli¬</Unicode>
                </TextEquiv>
            </TextLine>
            <TextLine id="r_10_tl_26" custom="readingOrder {index:25;}">
                <Coords points="303,1553 1301,1551 1301,1498 303,1513"/>
                <Baseline points="316,1543 319,1543 364,1543 409,1540 453,1540 498,1540 543,1537 588,1540 632,1537 677,1540 722,1537 767,1537 812,1540 856,1537 901,1537 946,1537 991,1540 1035,1537 1080,1537 1125,1537 1170,1537 1215,1537 1259,1534 1304,1537"/>
                <Word id="r_10_tl_26_w1" custom="readingOrder {index:0;}">
                    <Coords points="308,1503 308,1563 377,1563 377,1503"/>
                    <TextEquiv>
                        <Unicode>chen</Unicode>
                    </TextEquiv>
                </Word>
                <Word id="r_10_tl_26_w2" custom="readingOrder {index:1;}">
                    <Coords points="409,1500 409,1560 519,1560 519,1500"/>
                    <TextEquiv>
                        <Unicode>Beute</Unicode>
                    </TextEquiv>
                </Word>
                <Word id="r_10_tl_26_w3" custom="readingOrder {index:2;}">
                    <Coords points="552,1499 552,1559 609,1559 609,1499"/>
                    <TextEquiv>
                        <Unicode>sind</Unicode>
                    </TextEquiv>
                </Word>
                <Word id="r_10_tl_26_w4" custom="readingOrder {index:3;}">
                    <Coords points="648,1497 648,1557 816,1557 816,1497"/>
                    <TextEquiv>
                        <Unicode>demselben</Unicode>
                    </TextEquiv>
                </Word>
                <Word id="r_10_tl_26_w5" custom="readingOrder {index:4;}">
                    <Coords points="854,1497 854,1557 896,1557 896,1497"/>
                    <TextEquiv>
                        <Unicode>80</Unicode>
                    </TextEquiv>
                </Word>
                <Word id="r_10_tl_26_w6" custom="readingOrder {index:5;}">
                    <Coords points="939,1498 939,1558 1092,1558 1092,1498"/>
                    <TextEquiv>
                        <Unicode>Canonen</Unicode>
                    </TextEquiv>
                </Word>
                <Word id="r_10_tl_26_w7" custom="readingOrder {index:6;}">
                    <Coords points="1135,1497 1135,1557 1198,1557 1198,1497"/>
                    <TextEquiv>
                        <Unicode>und</Unicode>
                    </TextEquiv>
                </Word>
                <Word id="r_10_tl_26_w8" custom="readingOrder {index:7;}">
                    <Coords points="1225,1494 1225,1554 1288,1554 1288,1494"/>
                    <TextEquiv>
                        <Unicode>150</Unicode>
                    </TextEquiv>
                </Word>
                <TextEquiv>
                    <Unicode>chen Beute sind demselben 80 Canonen und 150</Unicode>
                </TextEquiv>
            </TextLine>
            <TextLine id="r_10_tl_27" custom="readingOrder {index:26;}">
                <Coords points="308,1606 1293,1596 1293,1546 1216,1538 308,1556"/>
                <Baseline points="322,1591 358,1594 403,1591 447,1588 492,1588 537,1588 582,1585 626,1585 671,1585 716,1585 761,1585 806,1585 850,1585 895,1585 940,1585 985,1585 1030,1585 1074,1585 1119,1585 1164,1585 1209,1585 1253,1585 1298,1588"/>
                <Word id="r_10_tl_27_w1" custom="readingOrder {index:0;}">
                    <Coords points="308,1551 308,1611 492,1611 492,1551"/>
                    <TextEquiv>
                        <Unicode>Fahrzeuge</Unicode>
                    </TextEquiv>
                </Word>
                <Word id="r_10_tl_27_w2" custom="readingOrder {index:1;}">
                    <Coords points="525,1546 525,1606 587,1606 587,1546"/>
                    <TextEquiv>
                        <Unicode>mit</Unicode>
                    </TextEquiv>
                </Word>
                <Word id="r_10_tl_27_w3" custom="readingOrder {index:2;}">
                    <Coords points="614,1545 614,1605 783,1605 783,1545"/>
                    <TextEquiv>
                        <Unicode>Munition</Unicode>
                    </TextEquiv>
                </Word>
                <Word id="r_10_tl_27_w4" custom="readingOrder {index:3;}">
                    <Coords points="821,1545 821,1605 863,1605 863,1545"/>
                    <TextEquiv>
                        <Unicode>rc.</Unicode>
                    </TextEquiv>
                </Word>
                <Word id="r_10_tl_27_w5" custom="readingOrder {index:4;}">
                    <Coords points="890,1545 890,1605 1111,1605 1111,1545"/>
                    <TextEquiv>
                        <Unicode>abgenommen</Unicode>
                    </TextEquiv>
                </Word>
                <Word id="r_10_tl_27_w6" custom="readingOrder {index:5;}">
                    <Coords points="1149,1545 1149,1605 1296,1605 1296,1545"/>
                    <TextEquiv>
                        <Unicode>worden,</Unicode>
                    </TextEquiv>
                </Word>
                <TextEquiv>
                    <Unicode>Fahrzeuge mit Munition rc. abgenommen worden,</Unicode>
                </TextEquiv>
            </TextLine>
            <TextLine id="r_10_tl_28" custom="readingOrder {index:27;}">
                <Coords points="305,1653 1296,1643 1296,1601 1246,1591 305,1613"/>
                <Baseline points="319,1639 361,1639 406,1639 450,1636 495,1633 540,1630 585,1636 629,1633 674,1633 719,1633 764,1633 809,1633 853,1630 898,1633 943,1633 988,1633 1032,1633 1077,1633 1122,1633 1167,1633 1212,1630 1256,1630 1301,1630"/>
                <Word id="r_10_tl_28_w1" custom="readingOrder {index:0;}">
                    <Coords points="310,1599 310,1659 418,1659 418,1599"/>
                    <TextEquiv>
                        <Unicode>welche</Unicode>
                    </TextEquiv>
                </Word>
                <Word id="r_10_tl_28_w2" custom="readingOrder {index:1;}">
                    <Coords points="439,1595 439,1655 490,1655 490,1595"/>
                    <TextEquiv>
                        <Unicode>zur</Unicode>
                    </TextEquiv>
                </Word>
                <Word id="r_10_tl_28_w3" custom="readingOrder {index:2;}">
                    <Coords points="517,1593 517,1653 724,1653 724,1593"/>
                    <TextEquiv>
                        <Unicode>Belagerung</Unicode>
                    </TextEquiv>
                </Word>
                <Word id="r_10_tl_28_w4" custom="readingOrder {index:3;}">
                    <Coords points="750,1593 750,1653 807,1653 807,1593"/>
                    <TextEquiv>
                        <Unicode>von</Unicode>
                    </TextEquiv>
                </Word>
                <Word id="r_10_tl_28_w5" custom="readingOrder {index:4;}">
                    <Coords points="839,1593 839,1653 978,1653 978,1593"/>
                    <TextEquiv>
                        <Unicode>Calcotta</Unicode>
                    </TextEquiv>
                </Word>
                <Word id="r_10_tl_28_w6" custom="readingOrder {index:5;}">
                    <Coords points="1009,1593 1009,1653 1170,1653 1170,1593"/>
                    <TextEquiv>
                        <Unicode>bestimmt</Unicode>
                    </TextEquiv>
                </Word>
                <Word id="r_10_tl_28_w7" custom="readingOrder {index:6;}">
                    <Coords points="1196,1590 1196,1650 1299,1650 1299,1590"/>
                    <TextEquiv>
                        <Unicode>gewe¬</Unicode>
                    </TextEquiv>
                </Word>
                <TextEquiv>
                    <Unicode>welche zur Belagerung von Calcotta bestimmt gewe¬</Unicode>
                </TextEquiv>
            </TextLine>
            <TextLine id="r_10_tl_29" custom="readingOrder {index:28;}">
                <Coords points="303,1711 1301,1686 1301,1643 1188,1633 303,1656"/>
                <Baseline points="316,1686 319,1686 364,1683 409,1683 453,1683 498,1683 543,1680 588,1677 632,1677 677,1677 722,1677 767,1677 812,1674 856,1677 901,1677 946,1677 991,1677 1035,1677 1080,1677 1125,1677 1170,1677 1215,1674 1259,1674 1304,1671"/>
                <Word id="r_10_tl_29_w1" custom="readingOrder {index:0;}">
                    <Coords points="309,1644 309,1704 382,1704 382,1644"/>
                    <TextEquiv>
                        <Unicode>sen.</Unicode>
                    </TextEquiv>
                </Word>
                <Word id="r_10_tl_29_w2" custom="readingOrder {index:1;}">
                    <Coords points="428,1643 428,1703 518,1703 518,1643"/>
                    <TextEquiv>
                        <Unicode>Man</Unicode>
                    </TextEquiv>
                </Word>
                <Word id="r_10_tl_29_w3" custom="readingOrder {index:2;}">
                    <Coords points="547,1638 547,1698 597,1698 597,1638"/>
                    <TextEquiv>
                        <Unicode>hat</Unicode>
                    </TextEquiv>
                </Word>
                <Word id="r_10_tl_29_w4" custom="readingOrder {index:3;}">
                    <Coords points="620,1637 620,1697 665,1697 665,1637"/>
                    <TextEquiv>
                        <Unicode>sich</Unicode>
                    </TextEquiv>
                </Word>
                <Word id="r_10_tl_29_w5" custom="readingOrder {index:4;}">
                    <Coords points="688,1634 688,1694 953,1694 953,1634"/>
                    <TextEquiv>
                        <Unicode>unterschiedener</Unicode>
                    </TextEquiv>
                </Word>
                <Word id="r_10_tl_29_w6" custom="readingOrder {index:5;}">
                    <Coords points="977,1637 977,1697 1083,1697 1083,1637"/>
                    <TextEquiv>
                        <Unicode>Platze</Unicode>
                    </TextEquiv>
                </Word>
                <Word id="r_10_tl_29_w7" custom="readingOrder {index:6;}">
                    <Coords points="1106,1634 1106,1694 1298,1694 1298,1634"/>
                    <TextEquiv>
                        <Unicode>bemächtigt</Unicode>
                    </TextEquiv>
                </Word>
                <TextEquiv>
                    <Unicode>sen. Man hat sich unterschiedener Platze bemächtigt</Unicode>
                </TextEquiv>
            </TextLine>
            <TextLine id="r_10_tl_30" custom="readingOrder {index:29;}">
                <Coords points="305,1738 1298,1731 1298,1688 1246,1683 305,1711"/>
                <Baseline points="319,1731 364,1731 409,1728 453,1728 498,1725 543,1725 588,1725 632,1725 677,1722 722,1722 767,1719 812,1722 856,1722 901,1719 946,1719 991,1719 1035,1719 1080,1719 1125,1719 1170,1719 1215,1719 1259,1716 1304,1713"/>
                <Word id="r_10_tl_30_w1" custom="readingOrder {index:0;}">
                    <Coords points="310,1691 310,1751 370,1751 370,1691"/>
                    <TextEquiv>
                        <Unicode>und</Unicode>
                    </TextEquiv>
                </Word>
                <Word id="r_10_tl_30_w2" custom="readingOrder {index:1;}">
                    <Coords points="401,1688 401,1748 486,1748 486,1688"/>
                    <TextEquiv>
                        <Unicode>sucht</Unicode>
                    </TextEquiv>
                </Word>
                <Word id="r_10_tl_30_w3" custom="readingOrder {index:2;}">
                    <Coords points="512,1685 512,1745 557,1745 557,1685"/>
                    <TextEquiv>
                        <Unicode>sich</Unicode>
                    </TextEquiv>
                </Word>
                <Word id="r_10_tl_30_w4" custom="readingOrder {index:3;}">
                    <Coords points="593,1684 593,1744 689,1744 689,1684"/>
                    <TextEquiv>
                        <Unicode>dieser</Unicode>
                    </TextEquiv>
                </Word>
                <Word id="r_10_tl_30_w5" custom="readingOrder {index:4;}">
                    <Coords points="714,1681 714,1741 886,1741 886,1681"/>
                    <TextEquiv>
                        <Unicode>Vortheile</Unicode>
                    </TextEquiv>
                </Word>
                <Word id="r_10_tl_30_w6" custom="readingOrder {index:5;}">
                    <Coords points="917,1679 917,1739 942,1739 942,1679"/>
                    <TextEquiv>
                        <Unicode>zu</Unicode>
                    </TextEquiv>
                </Word>
                <Word id="r_10_tl_30_w7" custom="readingOrder {index:6;}">
                    <Coords points="978,1679 978,1739 1069,1739 1069,1679"/>
                    <TextEquiv>
                        <Unicode>Nutz</Unicode>
                    </TextEquiv>
                </Word>
                <Word id="r_10_tl_30_w8" custom="readingOrder {index:7;}">
                    <Coords points="1095,1679 1095,1739 1124,1739 1124,1679"/>
                    <TextEquiv>
                        <Unicode>zu</Unicode>
                    </TextEquiv>
                </Word>
                <Word id="r_10_tl_30_w9" custom="readingOrder {index:8;}">
                    <Coords points="1165,1678 1165,1738 1286,1738 1286,1678"/>
                    <TextEquiv>
                        <Unicode>machen</Unicode>
                    </TextEquiv>
                </Word>
                <TextEquiv>
                    <Unicode>und sucht sich dieser Vortheile zu Nutz zu machen</Unicode>
                </TextEquiv>
            </TextLine>
            <TextLine id="r_10_tl_31" custom="readingOrder {index:30;}">
                <Coords points="305,1788 1298,1778 1298,1731 1161,1718 305,1741"/>
                <Baseline points="319,1776 364,1773 409,1773 453,1770 498,1767 543,1770 588,1764 632,1767 677,1764 722,1764 767,1764 812,1764 856,1761 901,1761 946,1761 991,1761 1035,1761 1080,1761 1125,1761 1170,1761 1215,1761 1259,1761 1304,1761"/>
                <Word id="r_10_tl_31_w1" custom="readingOrder {index:0;}">
                    <Coords points="310,1735 310,1795 349,1795 349,1735"/>
                    <TextEquiv>
                        <Unicode>um</Unicode>
                    </TextEquiv>
                </Word>
                <Word id="r_10_tl_31_w2" custom="readingOrder {index:1;}">
                    <Coords points="400,1731 400,1791 476,1791 476,1731"/>
                    <TextEquiv>
                        <Unicode>alles</Unicode>
                    </TextEquiv>
                </Word>
                <Word id="r_10_tl_31_w3" custom="readingOrder {index:2;}">
                    <Coords points="512,1729 512,1789 567,1789 567,1729"/>
                    <TextEquiv>
                        <Unicode>auf</Unicode>
                    </TextEquiv>
                </Word>
                <Word id="r_10_tl_31_w4" custom="readingOrder {index:3;}">
                    <Coords points="598,1726 598,1786 679,1786 679,1726"/>
                    <TextEquiv>
                        <Unicode>einen</Unicode>
                    </TextEquiv>
                </Word>
                <Word id="r_10_tl_31_w5" custom="readingOrder {index:4;}">
                    <Coords points="710,1724 710,1784 800,1784 800,1724"/>
                    <TextEquiv>
                        <Unicode>festen</Unicode>
                    </TextEquiv>
                </Word>
                <Word id="r_10_tl_31_w6" custom="readingOrder {index:5;}">
                    <Coords points="836,1721 836,1781 901,1781 901,1721"/>
                    <TextEquiv>
                        <Unicode>Fuß</Unicode>
                    </TextEquiv>
                </Word>
                <Word id="r_10_tl_31_w7" custom="readingOrder {index:6;}">
                    <Coords points="937,1721 937,1781 1048,1781 1048,1721"/>
                    <TextEquiv>
                        <Unicode>wieder</Unicode>
                    </TextEquiv>
                </Word>
                <Word id="r_10_tl_31_w8" custom="readingOrder {index:7;}">
                    <Coords points="1079,1721 1079,1781 1301,1781 1301,1721"/>
                    <TextEquiv>
                        <Unicode>herzustellen.</Unicode>
                    </TextEquiv>
                </Word>
                <TextEquiv>
                    <Unicode>um alles auf einen festen Fuß wieder herzustellen.</Unicode>
                </TextEquiv>
            </TextLine>
            <TextLine id="r_10_tl_32" custom="readingOrder {index:31;}">
                <Coords points="305,1831 1296,1816 1296,1778 1223,1766 305,1788"/>
                <Baseline points="319,1818 361,1815 406,1815 450,1815 495,1815 540,1812 585,1812 629,1812 674,1812 719,1809 764,1809 809,1809 853,1809 898,1809 943,1809 988,1809 1032,1809 1077,1809 1122,1809 1167,1809 1212,1809 1256,1809 1301,1806"/>
                <Word id="r_10_tl_32_w1" custom="readingOrder {index:0;}">
                    <Coords points="311,1775 311,1835 386,1835 386,1775"/>
                    <TextEquiv>
                        <Unicode>Der</Unicode>
                    </TextEquiv>
                </Word>
                <Word id="r_10_tl_32_w2" custom="readingOrder {index:1;}">
                    <Coords points="403,1775 403,1835 522,1835 522,1775"/>
                    <TextEquiv>
                        <Unicode>Nabob</Unicode>
                    </TextEquiv>
                </Word>
                <Word id="r_10_tl_32_w3" custom="readingOrder {index:2;}">
                    <Coords points="550,1772 550,1832 647,1832 647,1772"/>
                    <TextEquiv>
                        <Unicode>Coßim</Unicode>
                    </TextEquiv>
                </Word>
                <Word id="r_10_tl_32_w4" custom="readingOrder {index:3;}">
                    <Coords points="675,1770 675,1830 712,1830 712,1770"/>
                    <TextEquiv>
                        <Unicode>ist</Unicode>
                    </TextEquiv>
                </Word>
                <Word id="r_10_tl_32_w5" custom="readingOrder {index:4;}">
                    <Coords points="729,1769 729,1829 777,1829 777,1769"/>
                    <TextEquiv>
                        <Unicode>ab=</Unicode>
                    </TextEquiv>
                </Word>
                <Word id="r_10_tl_32_w6" custom="readingOrder {index:5;}">
                    <Coords points="805,1769 805,1829 864,1829 864,1769"/>
                    <TextEquiv>
                        <Unicode>und</Unicode>
                    </TextEquiv>
                </Word>
                <Word id="r_10_tl_32_w7" custom="readingOrder {index:6;}">
                    <Coords points="898,1769 898,1829 951,1829 951,1769"/>
                    <TextEquiv>
                        <Unicode>sein</Unicode>
                    </TextEquiv>
                </Word>
                <Word id="r_10_tl_32_w8" custom="readingOrder {index:7;}">
                    <Coords points="979,1769 979,1829 1174,1829 1174,1769"/>
                    <TextEquiv>
                        <Unicode>Vorganger</Unicode>
                    </TextEquiv>
                </Word>
                <Word id="r_10_tl_32_w9" custom="readingOrder {index:8;}">
                    <Coords points="1196,1769 1196,1829 1293,1829 1293,1769"/>
                    <TextEquiv>
                        <Unicode>Meer</Unicode>
                    </TextEquiv>
                </Word>
                <TextEquiv>
                    <Unicode>Der Nabob Coßim ist ab= und sein Vorganger Meer</Unicode>
                </TextEquiv>
            </TextLine>
            <TextLine id="r_10_tl_33" custom="readingOrder {index:32;}">
                <Coords points="305,1886 1303,1868 1283,1813 305,1831"/>
                <Baseline points="319,1877 325,1877 370,1868 414,1865 459,1865 504,1862 549,1862 594,1859 638,1862 683,1859 728,1859 773,1859 818,1859 862,1859 907,1859 952,1859 997,1859 1041,1859 1086,1859 1131,1857 1176,1859 1221,1857 1265,1857 1310,1857"/>
                <Word id="r_10_tl_33_w1" custom="readingOrder {index:0;}">
                    <Coords points="317,1827 317,1887 441,1887 441,1827"/>
                    <TextEquiv>
                        <Unicode>Jaffier</Unicode>
                    </TextEquiv>
                </Word>
                <Word id="r_10_tl_33_w2" custom="readingOrder {index:1;}">
                    <Coords points="464,1822 464,1882 576,1882 576,1822"/>
                    <TextEquiv>
                        <Unicode>wieder</Unicode>
                    </TextEquiv>
                </Word>
                <Word id="r_10_tl_33_w3" custom="readingOrder {index:2;}">
                    <Coords points="600,1819 600,1879 757,1879 757,1819"/>
                    <TextEquiv>
                        <Unicode>eingesetzt</Unicode>
                    </TextEquiv>
                </Word>
                <Word id="r_10_tl_33_w4" custom="readingOrder {index:3;}">
                    <Coords points="781,1819 781,1879 927,1879 927,1819"/>
                    <TextEquiv>
                        <Unicode>worden.</Unicode>
                    </TextEquiv>
                </Word>
                <Word id="r_10_tl_33_w5" custom="readingOrder {index:4;}">
                    <Coords points="973,1819 973,1879 1170,1879 1170,1819"/>
                    <TextEquiv>
                        <Unicode>Unterdessen</Unicode>
                    </TextEquiv>
                </Word>
                <Word id="r_10_tl_33_w6" custom="readingOrder {index:5;}">
                    <Coords points="1210,1817 1210,1877 1300,1877 1300,1817"/>
                    <TextEquiv>
                        <Unicode>wun¬</Unicode>
                    </TextEquiv>
                </Word>
                <TextEquiv>
                    <Unicode>Jaffier wieder eingesetzt worden. Unterdessen wun¬</Unicode>
                </TextEquiv>
            </TextLine>
            <TextLine id="r_10_tl_34" custom="readingOrder {index:33;}">
                <Coords points="305,1928 1298,1921 1298,1876 1253,1866 305,1883"/>
                <Baseline points="319,1919 364,1916 409,1916 453,1913 498,1910 543,1910 588,1910 632,1910 677,1910 722,1910 767,1910 812,1910 856,1907 901,1910 946,1907 991,1910 1035,1910 1080,1907 1125,1907 1170,1910 1215,1907 1259,1907 1304,1904"/>
                <Word id="r_10_tl_34_w1" custom="readingOrder {index:0;}">
                    <Coords points="311,1877 311,1937 383,1937 383,1877"/>
                    <TextEquiv>
                        <Unicode>dert</Unicode>
                    </TextEquiv>
                </Word>
                <Word id="r_10_tl_34_w2" custom="readingOrder {index:1;}">
                    <Coords points="400,1874 400,1934 466,1934 466,1874"/>
                    <TextEquiv>
                        <Unicode>man</Unicode>
                    </TextEquiv>
                </Word>
                <Word id="r_10_tl_34_w3" custom="readingOrder {index:2;}">
                    <Coords points="494,1870 494,1930 544,1930 544,1870"/>
                    <TextEquiv>
                        <Unicode>sich</Unicode>
                    </TextEquiv>
                </Word>
                <Word id="r_10_tl_34_w4" custom="readingOrder {index:3;}">
                    <Coords points="567,1870 567,1930 611,1930 611,1870"/>
                    <TextEquiv>
                        <Unicode>ein</Unicode>
                    </TextEquiv>
                </Word>
                <Word id="r_10_tl_34_w5" custom="readingOrder {index:4;}">
                    <Coords points="639,1870 639,1930 766,1930 766,1870"/>
                    <TextEquiv>
                        <Unicode>wenig,</Unicode>
                    </TextEquiv>
                </Word>
                <Word id="r_10_tl_34_w6" custom="readingOrder {index:5;}">
                    <Coords points="795,1869 795,1929 845,1929 845,1869"/>
                    <TextEquiv>
                        <Unicode>daß</Unicode>
                    </TextEquiv>
                </Word>
                <Word id="r_10_tl_34_w7" custom="readingOrder {index:6;}">
                    <Coords points="873,1869 873,1929 939,1929 939,1869"/>
                    <TextEquiv>
                        <Unicode>nach</Unicode>
                    </TextEquiv>
                </Word>
                <Word id="r_10_tl_34_w8" custom="readingOrder {index:7;}">
                    <Coords points="968,1870 968,1930 1050,1930 1050,1870"/>
                    <TextEquiv>
                        <Unicode>einer</Unicode>
                    </TextEquiv>
                </Word>
                <Word id="r_10_tl_34_w9" custom="readingOrder {index:8;}">
                    <Coords points="1074,1867 1074,1927 1101,1927 1101,1867"/>
                    <TextEquiv>
                        <Unicode>so</Unicode>
                    </TextEquiv>
                </Word>
                <Word id="r_10_tl_34_w10" custom="readingOrder {index:9;}">
                    <Coords points="1129,1867 1129,1927 1289,1927 1289,1867"/>
                    <TextEquiv>
                        <Unicode>wichtigen</Unicode>
                    </TextEquiv>
                </Word>
                <TextEquiv>
                    <Unicode>dert man sich ein wenig, daß nach einer so wichtigen</Unicode>
                </TextEquiv>
            </TextLine>
            <TextLine id="r_10_tl_35" custom="readingOrder {index:34;}">
                <Coords points="308,1981 1296,1996 1278,1913 310,1928"/>
                <Baseline points="322,1970 361,1967 406,1964 450,1964 495,1961 540,1958 585,1961 629,1961 674,1961 719,1961 764,1958 809,1958 853,1958 898,1958 943,1961 988,1961 1032,1958 1077,1958 1122,1958 1167,1961 1212,1958 1256,1958 1301,1955"/>
                <Word id="r_10_tl_35_w1" custom="readingOrder {index:0;}">
                    <Coords points="318,1925 318,1985 456,1985 456,1925"/>
                    <TextEquiv>
                        <Unicode>Zeitung</Unicode>
                    </TextEquiv>
                </Word>
                <Word id="r_10_tl_35_w2" custom="readingOrder {index:1;}">
                    <Coords points="477,1920 477,1980 524,1980 524,1920"/>
                    <TextEquiv>
                        <Unicode>die</Unicode>
                    </TextEquiv>
                </Word>
                <Word id="r_10_tl_35_w3" custom="readingOrder {index:2;}">
                    <Coords points="546,1921 546,1981 649,1981 649,1921"/>
                    <TextEquiv>
                        <Unicode>Actien</Unicode>
                    </TextEquiv>
                </Word>
                <Word id="r_10_tl_35_w4" custom="readingOrder {index:3;}">
                    <Coords points="677,1921 677,1981 725,1981 725,1921"/>
                    <TextEquiv>
                        <Unicode>der</Unicode>
                    </TextEquiv>
                </Word>
                <Word id="r_10_tl_35_w5" custom="readingOrder {index:4;}">
                    <Coords points="747,1918 747,1978 946,1978 946,1918"/>
                    <TextEquiv>
                        <Unicode>Gesellschaft</Unicode>
                    </TextEquiv>
                </Word>
                <Word id="r_10_tl_35_w6" custom="readingOrder {index:5;}">
                    <Coords points="968,1919 968,1979 1050,1979 1050,1919"/>
                    <TextEquiv>
                        <Unicode>nicht</Unicode>
                    </TextEquiv>
                </Word>
                <Word id="r_10_tl_35_w7" custom="readingOrder {index:6;}">
                    <Coords points="1065,1918 1065,1978 1161,1978 1161,1918"/>
                    <TextEquiv>
                        <Unicode>höher</Unicode>
                    </TextEquiv>
                </Word>
                <Word id="r_10_tl_35_w8" custom="readingOrder {index:7;}">
                    <Coords points="1183,1918 1183,1978 1230,1978 1230,1918"/>
                    <TextEquiv>
                        <Unicode>als</Unicode>
                    </TextEquiv>
                </Word>
                <Word id="r_10_tl_35_w9" custom="readingOrder {index:8;}">
                    <Coords points="1252,1916 1252,1976 1292,1976 1292,1916"/>
                    <TextEquiv>
                        <Unicode>ein</Unicode>
                    </TextEquiv>
                </Word>
                <TextEquiv>
                    <Unicode>Zeitung die Actien der Gesellschaft nicht höher als ein</Unicode>
                </TextEquiv>
            </TextLine>
            <TextLine id="r_10_tl_36" custom="readingOrder {index:35;}">
                <Coords points="305,2029 333,2024 365,2036 393,2026 433,2049 500,2039 545,2049 595,2019 620,2021 620,1983 598,1971 568,1981 500,1971 450,1988 425,1973 388,1988 358,1976 305,1981"/>
                <Baseline points="319,2018 358,2018 403,2015 447,2012 492,2012 537,2009 582,2009 626,2009"/>
                <Word id="r_10_tl_36_w1" custom="readingOrder {index:0;}">
                    <Coords points="312,1977 312,2037 431,2037 431,1977"/>
                    <TextEquiv>
                        <Unicode>Qvart</Unicode>
                    </TextEquiv>
                </Word>
                <Word id="r_10_tl_36_w2" custom="readingOrder {index:1;}">
                    <Coords points="450,1969 450,2029 617,2029 617,1969"/>
                    <TextEquiv>
                        <Unicode>gestiegen.</Unicode>
                    </TextEquiv>
                </Word>
                <TextEquiv>
                    <Unicode>Qvart gestiegen.</Unicode>
                </TextEquiv>
            </TextLine>
            <TextLine id="r_10_tl_37" custom="readingOrder {index:36;}">
                <Coords points="583,2079 628,2064 728,2076 760,2059 833,2081 858,2066 1043,2064 1043,1986 983,2006 858,1988 813,2014 778,1983 733,2006 680,1986 583,2019"/>
                <Baseline points="597,2063 603,2060 647,2060 692,2057 737,2057 782,2057 826,2057 871,2057 916,2057 961,2057 1006,2057 1050,2054"/>
                <Word id="r_10_tl_37_w1" custom="readingOrder {index:0;}">
                    <Coords points="587,2018 587,2078 746,2078 746,2018"/>
                    <TextEquiv>
                        <Unicode>Paris,</Unicode>
                    </TextEquiv>
                </Word>
                <Word id="r_10_tl_37_w2" custom="readingOrder {index:1;}">
                    <Coords points="768,2017 768,2077 818,2077 818,2017"/>
                    <TextEquiv>
                        <Unicode>den</Unicode>
                    </TextEquiv>
                </Word>
                <Word id="r_10_tl_37_w3" custom="readingOrder {index:2;}">
                    <Coords points="856,2017 856,2077 869,2077 869,2017"/>
                    <TextEquiv>
                        <Unicode>2</Unicode>
                    </TextEquiv>
                </Word>
                <Word id="r_10_tl_37_w4" custom="readingOrder {index:3;}">
                    <Coords points="914,2017 914,2077 1029,2077 1029,2017"/>
                    <TextEquiv>
                        <Unicode>April.</Unicode>
                    </TextEquiv>
                </Word>
                <TextEquiv>
                    <Unicode>Paris, den 2 April.</Unicode>
                </TextEquiv>
            </TextLine>
            <TextLine id="r_10_tl_38" custom="readingOrder {index:37;}">
                <Coords points="353,2119 1301,2111 1301,2059 1206,2041 835,2079 598,2079 510,2039 430,2074 353,2044"/>
                <Baseline points="367,2110 412,2110 456,2107 501,2104 546,2104 591,2107 635,2107 680,2107 725,2107 770,2104 815,2104 859,2104 904,2104 949,2104 994,2104 1038,2104 1083,2104 1128,2101 1173,2101 1218,2098 1262,2101 1307,2101"/>
                <Word id="r_10_tl_38_w1" custom="readingOrder {index:0;}">
                    <Coords points="360,2070 360,2130 433,2130 433,2070"/>
                    <TextEquiv>
                        <Unicode>Der</Unicode>
                    </TextEquiv>
                </Word>
                <Word id="r_10_tl_38_w2" custom="readingOrder {index:1;}">
                    <Coords points="467,2067 467,2127 802,2127 802,2067"/>
                    <TextEquiv>
                        <Unicode>Generalcontroleur</Unicode>
                    </TextEquiv>
                </Word>
                <Word id="r_10_tl_38_w3" custom="readingOrder {index:2;}">
                    <Coords points="844,2064 844,2124 900,2124 900,2064"/>
                    <TextEquiv>
                        <Unicode>der</Unicode>
                    </TextEquiv>
                </Word>
                <Word id="r_10_tl_38_w4" custom="readingOrder {index:3;}">
                    <Coords points="934,2064 934,2124 1093,2124 1093,2064"/>
                    <TextEquiv>
                        <Unicode>Finanzen</Unicode>
                    </TextEquiv>
                </Word>
                <Word id="r_10_tl_38_w5" custom="readingOrder {index:4;}">
                    <Coords points="1145,2060 1145,2120 1207,2120 1207,2060"/>
                    <TextEquiv>
                        <Unicode>soll</Unicode>
                    </TextEquiv>
                </Word>
                <Word id="r_10_tl_38_w6" custom="readingOrder {index:5;}">
                    <Coords points="1236,2060 1236,2120 1286,2120 1286,2060"/>
                    <TextEquiv>
                        <Unicode>den</Unicode>
                    </TextEquiv>
                </Word>
                <TextEquiv>
                    <Unicode>Der Generalcontroleur der Finanzen soll den</Unicode>
                </TextEquiv>
            </TextLine>
            <TextLine id="r_10_tl_39" custom="readingOrder {index:38;}">
                <Coords points="310,2169 1301,2166 1301,2114 1233,2101 310,2124"/>
                <Baseline points="325,2158 367,2158 412,2158 456,2158 501,2158 546,2155 591,2152 635,2155 680,2152 725,2155 770,2152 815,2152 859,2152 904,2152 949,2152 994,2152 1038,2152 1083,2152 1128,2149 1173,2149 1218,2149 1262,2149 1307,2149"/>
                <Word id="r_10_tl_39_w1" custom="readingOrder {index:0;}">
                    <Coords points="316,2118 316,2178 608,2178 608,2118"/>
                    <TextEquiv>
                        <Unicode>Generalpächtern</Unicode>
                    </TextEquiv>
                </Word>
                <Word id="r_10_tl_39_w2" custom="readingOrder {index:1;}">
                    <Coords points="636,2112 636,2172 750,2172 750,2112"/>
                    <TextEquiv>
                        <Unicode>bereits</Unicode>
                    </TextEquiv>
                </Word>
                <Word id="r_10_tl_39_w3" custom="readingOrder {index:2;}">
                    <Coords points="778,2112 778,2172 820,2172 820,2112"/>
                    <TextEquiv>
                        <Unicode>die</Unicode>
                    </TextEquiv>
                </Word>
                <Word id="r_10_tl_39_w4" custom="readingOrder {index:3;}">
                    <Coords points="843,2112 843,2172 1021,2172 1021,2112"/>
                    <TextEquiv>
                        <Unicode>Erklärung</Unicode>
                    </TextEquiv>
                </Word>
                <Word id="r_10_tl_39_w5" custom="readingOrder {index:4;}">
                    <Coords points="1049,2110 1049,2170 1157,2170 1157,2110"/>
                    <TextEquiv>
                        <Unicode>gethan</Unicode>
                    </TextEquiv>
                </Word>
                <Word id="r_10_tl_39_w6" custom="readingOrder {index:5;}">
                    <Coords points="1185,2109 1185,2169 1304,2169 1304,2109"/>
                    <TextEquiv>
                        <Unicode>haben,</Unicode>
                    </TextEquiv>
                </Word>
                <TextEquiv>
                    <Unicode>Generalpächtern bereits die Erklärung gethan haben,</Unicode>
                </TextEquiv>
            </TextLine>
            <TextLine id="r_10_tl_40" custom="readingOrder {index:39;}">
                <Coords points="305,2219 1301,2214 1303,2166 305,2171"/>
                <Baseline points="319,2206 322,2209 367,2209 412,2206 456,2203 501,2203 546,2200 591,2203 635,2200 680,2203 725,2203 770,2200 815,2197 859,2197 904,2200 949,2197 994,2200 1038,2200 1083,2197 1128,2200 1173,2197 1218,2197 1262,2197 1307,2197"/>
                <Word id="r_10_tl_40_w1" custom="readingOrder {index:0;}">
                    <Coords points="311,2169 311,2229 370,2229 370,2169"/>
                    <TextEquiv>
                        <Unicode>daß</Unicode>
                    </TextEquiv>
                </Word>
                <Word id="r_10_tl_40_w2" custom="readingOrder {index:1;}">
                    <Coords points="398,2164 398,2224 462,2224 462,2164"/>
                    <TextEquiv>
                        <Unicode>nach</Unicode>
                    </TextEquiv>
                </Word>
                <Word id="r_10_tl_40_w3" custom="readingOrder {index:2;}">
                    <Coords points="490,2160 490,2220 631,2220 631,2160"/>
                    <TextEquiv>
                        <Unicode>Verlauf</Unicode>
                    </TextEquiv>
                </Word>
                <Word id="r_10_tl_40_w4" custom="readingOrder {index:3;}">
                    <Coords points="653,2163 653,2223 735,2223 735,2163"/>
                    <TextEquiv>
                        <Unicode>ihrer</Unicode>
                    </TextEquiv>
                </Word>
                <Word id="r_10_tl_40_w5" custom="readingOrder {index:4;}">
                    <Coords points="762,2157 762,2217 947,2217 947,2157"/>
                    <TextEquiv>
                        <Unicode>Pachtzeit,</Unicode>
                    </TextEquiv>
                </Word>
                <Word id="r_10_tl_40_w6" custom="readingOrder {index:5;}">
                    <Coords points="969,2160 969,2220 1077,2220 1077,2160"/>
                    <TextEquiv>
                        <Unicode>welche</Unicode>
                    </TextEquiv>
                </Word>
                <Word id="r_10_tl_40_w7" custom="readingOrder {index:6;}">
                    <Coords points="1105,2159 1105,2219 1127,2219 1127,2159"/>
                    <TextEquiv>
                        <Unicode>in</Unicode>
                    </TextEquiv>
                </Word>
                <Word id="r_10_tl_40_w8" custom="readingOrder {index:7;}">
                    <Coords points="1160,2157 1160,2217 1192,2217 1192,2157"/>
                    <TextEquiv>
                        <Unicode>14</Unicode>
                    </TextEquiv>
                </Word>
                <Word id="r_10_tl_40_w9" custom="readingOrder {index:8;}">
                    <Coords points="1225,2157 1225,2217 1300,2217 1300,2157"/>
                    <TextEquiv>
                        <Unicode>Mo¬</Unicode>
                    </TextEquiv>
                </Word>
                <TextEquiv>
                    <Unicode>daß nach Verlauf ihrer Pachtzeit, welche in 14 Mo¬</Unicode>
                </TextEquiv>
            </TextLine>
            <TextLine id="r_10_tl_41" custom="readingOrder {index:40;}">
                <Coords points="305,2266 1306,2261 1306,2209 1251,2204 305,2226"/>
                <Baseline points="319,2254 328,2251 373,2251 417,2251 462,2251 507,2248 552,2248 597,2248 641,2248 686,2245 731,2245 776,2245 821,2245 865,2245 910,2245 955,2248 1000,2248 1044,2245 1089,2248 1134,2248 1179,2245 1224,2245 1268,2242 1313,2245"/>
                <Word id="r_10_tl_41_w1" custom="readingOrder {index:0;}">
                    <Coords points="315,2211 315,2271 402,2271 402,2211"/>
                    <TextEquiv>
                        <Unicode>naten</Unicode>
                    </TextEquiv>
                </Word>
                <Word id="r_10_tl_41_w2" custom="readingOrder {index:1;}">
                    <Coords points="434,2211 434,2271 465,2271 465,2211"/>
                    <TextEquiv>
                        <Unicode>zu</Unicode>
                    </TextEquiv>
                </Word>
                <Word id="r_10_tl_41_w3" custom="readingOrder {index:2;}">
                    <Coords points="491,2208 491,2268 578,2268 578,2208"/>
                    <TextEquiv>
                        <Unicode>Ende</Unicode>
                    </TextEquiv>
                </Word>
                <Word id="r_10_tl_41_w4" custom="readingOrder {index:3;}">
                    <Coords points="600,2207 600,2267 698,2267 698,2207"/>
                    <TextEquiv>
                        <Unicode>geht,</Unicode>
                    </TextEquiv>
                </Word>
                <Word id="r_10_tl_41_w5" custom="readingOrder {index:4;}">
                    <Coords points="724,2205 724,2265 770,2265 770,2205"/>
                    <TextEquiv>
                        <Unicode>die</Unicode>
                    </TextEquiv>
                </Word>
                <Word id="r_10_tl_41_w6" custom="readingOrder {index:5;}">
                    <Coords points="797,2205 797,2265 1014,2265 1014,2205"/>
                    <TextEquiv>
                        <Unicode>vornehmsten</Unicode>
                    </TextEquiv>
                </Word>
                <Word id="r_10_tl_41_w7" custom="readingOrder {index:6;}">
                    <Coords points="1046,2208 1046,2268 1221,2268 1221,2208"/>
                    <TextEquiv>
                        <Unicode>Einkünfte</Unicode>
                    </TextEquiv>
                </Word>
                <Word id="r_10_tl_41_w8" custom="readingOrder {index:7;}">
                    <Coords points="1248,2202 1248,2262 1299,2262 1299,2202"/>
                    <TextEquiv>
                        <Unicode>der</Unicode>
                    </TextEquiv>
                </Word>
                <TextEquiv>
                    <Unicode>naten zu Ende geht, die vornehmsten Einkünfte der</Unicode>
                </TextEquiv>
            </TextLine>
            <TextLine id="r_10_tl_42" custom="readingOrder {index:41;}">
                <Coords points="310,2311 1303,2306 1303,2264 1248,2251 310,2264"/>
                <Baseline points="325,2301 370,2298 414,2295 459,2295 504,2292 549,2292 594,2292 638,2292 683,2289 728,2289 773,2289 818,2289 862,2289 907,2292 952,2292 997,2295 1041,2295 1086,2295 1131,2295 1176,2292 1221,2292 1265,2292 1310,2292"/>
                <Word id="r_10_tl_42_w1" custom="readingOrder {index:0;}">
                    <Coords points="315,2257 315,2317 431,2317 431,2257"/>
                    <TextEquiv>
                        <Unicode>Krone</Unicode>
                    </TextEquiv>
                </Word>
                <Word id="r_10_tl_42_w2" custom="readingOrder {index:1;}">
                    <Coords points="453,2252 453,2312 548,2312 548,2252"/>
                    <TextEquiv>
                        <Unicode>ihnen</Unicode>
                    </TextEquiv>
                </Word>
                <Word id="r_10_tl_42_w3" custom="readingOrder {index:2;}">
                    <Coords points="580,2252 580,2312 664,2312 664,2252"/>
                    <TextEquiv>
                        <Unicode>nicht</Unicode>
                    </TextEquiv>
                </Word>
                <Word id="r_10_tl_42_w4" custom="readingOrder {index:3;}">
                    <Coords points="692,2249 692,2309 797,2309 797,2249"/>
                    <TextEquiv>
                        <Unicode>weiter</Unicode>
                    </TextEquiv>
                </Word>
                <Word id="r_10_tl_42_w5" custom="readingOrder {index:4;}">
                    <Coords points="829,2252 829,2312 998,2312 998,2252"/>
                    <TextEquiv>
                        <Unicode>überlaßen</Unicode>
                    </TextEquiv>
                </Word>
                <Word id="r_10_tl_42_w6" custom="readingOrder {index:5;}">
                    <Coords points="1037,2255 1037,2315 1157,2315 1157,2255"/>
                    <TextEquiv>
                        <Unicode>werden</Unicode>
                    </TextEquiv>
                </Word>
                <Word id="r_10_tl_42_w7" custom="readingOrder {index:6;}">
                    <Coords points="1196,2252 1196,2312 1306,2312 1306,2252"/>
                    <TextEquiv>
                        <Unicode>sollen,</Unicode>
                    </TextEquiv>
                </Word>
                <TextEquiv>
                    <Unicode>Krone ihnen nicht weiter überlaßen werden sollen,</Unicode>
                </TextEquiv>
            </TextLine>
            <TextLine id="r_10_tl_43" custom="readingOrder {index:42;}">
                <Coords points="303,2359 1301,2349 1301,2306 1228,2296 303,2309"/>
                <Baseline points="316,2346 319,2346 364,2346 409,2343 453,2343 498,2340 543,2337 588,2337 632,2337 677,2337 722,2334 767,2334 812,2337 856,2337 901,2340 946,2340 991,2343 1035,2343 1080,2343 1125,2343 1170,2340 1215,2340 1259,2340 1304,2340"/>
                <Word id="r_10_tl_43_w1" custom="readingOrder {index:0;}">
                    <Coords points="314,2306 314,2366 394,2366 394,2306"/>
                    <TextEquiv>
                        <Unicode>weil</Unicode>
                    </TextEquiv>
                </Word>
                <Word id="r_10_tl_43_w2" custom="readingOrder {index:1;}">
                    <Coords points="417,2302 417,2362 502,2362 502,2302"/>
                    <TextEquiv>
                        <Unicode>nicht</Unicode>
                    </TextEquiv>
                </Word>
                <Word id="r_10_tl_43_w3" custom="readingOrder {index:2;}">
                    <Coords points="525,2297 525,2357 579,2357 579,2297"/>
                    <TextEquiv>
                        <Unicode>der</Unicode>
                    </TextEquiv>
                </Word>
                <Word id="r_10_tl_43_w4" custom="readingOrder {index:3;}">
                    <Coords points="606,2297 606,2357 708,2357 708,2297"/>
                    <TextEquiv>
                        <Unicode>vierte</Unicode>
                    </TextEquiv>
                </Word>
                <Word id="r_10_tl_43_w5" custom="readingOrder {index:4;}">
                    <Coords points="736,2295 736,2355 833,2355 833,2295"/>
                    <TextEquiv>
                        <Unicode>Theil</Unicode>
                    </TextEquiv>
                </Word>
                <Word id="r_10_tl_43_w6" custom="readingOrder {index:5;}">
                    <Coords points="856,2298 856,2358 914,2358 914,2298"/>
                    <TextEquiv>
                        <Unicode>von</Unicode>
                    </TextEquiv>
                </Word>
                <Word id="r_10_tl_43_w7" custom="readingOrder {index:6;}">
                    <Coords points="953,2302 953,2362 1001,2362 1001,2302"/>
                    <TextEquiv>
                        <Unicode>den</Unicode>
                    </TextEquiv>
                </Word>
                <Word id="r_10_tl_43_w8" custom="readingOrder {index:7;}">
                    <Coords points="1039,2303 1039,2363 1180,2363 1180,2303"/>
                    <TextEquiv>
                        <Unicode>Geldern</Unicode>
                    </TextEquiv>
                </Word>
                <Word id="r_10_tl_43_w9" custom="readingOrder {index:8;}">
                    <Coords points="1213,2300 1213,2360 1298,2360 1298,2300"/>
                    <TextEquiv>
                        <Unicode>ihrer</Unicode>
                    </TextEquiv>
                </Word>
                <TextEquiv>
                    <Unicode>weil nicht der vierte Theil von den Geldern ihrer</Unicode>
                </TextEquiv>
            </TextLine>
            <TextLine id="r_10_tl_44" custom="readingOrder {index:43;}">
                <Coords points="308,2454 1306,2449 1306,2394 1253,2391 308,2399"/>
                <Baseline points="322,2445 325,2442 370,2442 414,2442 459,2439 504,2436 549,2433 594,2430 638,2430 683,2430 728,2430 773,2430 818,2430 862,2433 907,2433 952,2433 997,2436 1041,2439 1086,2439 1131,2439 1176,2436 1221,2436 1265,2436 1310,2436"/>
                <Word id="r_10_tl_44_w1" custom="readingOrder {index:0;}">
                    <Coords points="314,2402 314,2462 441,2462 441,2402"/>
                    <TextEquiv>
                        <Unicode>lament</Unicode>
                    </TextEquiv>
                </Word>
                <Word id="r_10_tl_44_w2" custom="readingOrder {index:1;}">
                    <Coords points="458,2397 458,2457 491,2457 491,2397"/>
                    <TextEquiv>
                        <Unicode>ist</Unicode>
                    </TextEquiv>
                </Word>
                <Word id="r_10_tl_44_w3" custom="readingOrder {index:2;}">
                    <Coords points="514,2390 514,2450 731,2450 731,2390"/>
                    <TextEquiv>
                        <Unicode>einstimmig,</Unicode>
                    </TextEquiv>
                </Word>
                <Word id="r_10_tl_44_w4" custom="readingOrder {index:3;}">
                    <Coords points="765,2390 765,2450 814,2450 814,2390"/>
                    <TextEquiv>
                        <Unicode>dem</Unicode>
                    </TextEquiv>
                </Word>
                <Word id="r_10_tl_44_w5" custom="readingOrder {index:4;}">
                    <Coords points="859,2393 859,2453 997,2453 997,2393"/>
                    <TextEquiv>
                        <Unicode>Project</Unicode>
                    </TextEquiv>
                </Word>
                <Word id="r_10_tl_44_w6" custom="readingOrder {index:5;}">
                    <Coords points="1026,2399 1026,2459 1097,2459 1097,2399"/>
                    <TextEquiv>
                        <Unicode>allen</Unicode>
                    </TextEquiv>
                </Word>
                <Word id="r_10_tl_44_w7" custom="readingOrder {index:6;}">
                    <Coords points="1137,2396 1137,2456 1297,2456 1297,2396"/>
                    <TextEquiv>
                        <Unicode>Vorschub</Unicode>
                    </TextEquiv>
                </Word>
                <TextEquiv>
                    <Unicode>lament ist einstimmig, dem Project allen Vorschub</Unicode>
                </TextEquiv>
            </TextLine>
            <TextLine id="r_10_tl_45" custom="readingOrder {index:44;}">
                <Coords points="310,2509 1303,2494 1276,2446 310,2451"/>
                <Baseline points="325,2498 370,2492 414,2489 459,2486 504,2486 549,2483 594,2477 638,2477 683,2477 728,2477 773,2477 818,2475 862,2477 907,2480 952,2480 997,2483 1041,2483 1086,2486 1131,2483 1176,2486 1221,2483 1265,2483 1310,2483"/>
                <Word id="r_10_tl_45_w1" custom="readingOrder {index:0;}">
                    <Coords points="319,2456 319,2516 350,2516 350,2456"/>
                    <TextEquiv>
                        <Unicode>zu</Unicode>
                    </TextEquiv>
                </Word>
                <Word id="r_10_tl_45_w2" custom="readingOrder {index:1;}">
                    <Coords points="383,2447 383,2507 504,2507 504,2447"/>
                    <TextEquiv>
                        <Unicode>leisten.</Unicode>
                    </TextEquiv>
                </Word>
                <Word id="r_10_tl_45_w3" custom="readingOrder {index:2;}">
                    <Coords points="549,2437 549,2497 625,2497 625,2437"/>
                    <TextEquiv>
                        <Unicode>Von</Unicode>
                    </TextEquiv>
                </Word>
                <Word id="r_10_tl_45_w4" custom="readingOrder {index:3;}">
                    <Coords points="652,2437 652,2497 805,2497 805,2437"/>
                    <TextEquiv>
                        <Unicode>Toulon,</Unicode>
                    </TextEquiv>
                </Word>
                <Word id="r_10_tl_45_w5" custom="readingOrder {index:4;}">
                    <Coords points="831,2438 831,2498 927,2498 927,2438"/>
                    <TextEquiv>
                        <Unicode>Brest</Unicode>
                    </TextEquiv>
                </Word>
                <Word id="r_10_tl_45_w6" custom="readingOrder {index:5;}">
                    <Coords points="953,2441 953,2501 1010,2501 1010,2441"/>
                    <TextEquiv>
                        <Unicode>und</Unicode>
                    </TextEquiv>
                </Word>
                <Word id="r_10_tl_45_w7" custom="readingOrder {index:6;}">
                    <Coords points="1036,2443 1036,2503 1209,2503 1209,2443"/>
                    <TextEquiv>
                        <Unicode>Rochefort</Unicode>
                    </TextEquiv>
                </Word>
                <Word id="r_10_tl_45_w8" custom="readingOrder {index:7;}">
                    <Coords points="1241,2443 1241,2503 1305,2503 1305,2443"/>
                    <TextEquiv>
                        <Unicode>ver¬</Unicode>
                    </TextEquiv>
                </Word>
                <TextEquiv>
                    <Unicode>zu leisten. Von Toulon, Brest und Rochefort ver¬</Unicode>
                </TextEquiv>
            </TextLine>
            <TextLine id="r_10_tl_46" custom="readingOrder {index:45;}">
                <Coords points="300,2556 1301,2539 1301,2496 1261,2491 300,2501"/>
                <Baseline points="313,2540 322,2540 367,2537 412,2537 456,2534 501,2534 546,2531 591,2528 635,2525 680,2525 725,2525 770,2522 815,2525 859,2525 904,2528 949,2528 994,2531 1038,2531 1083,2534 1128,2534 1173,2534 1218,2534 1262,2531 1307,2531"/>
                <Word id="r_10_tl_46_w1" custom="readingOrder {index:0;}">
                    <Coords points="302,2497 302,2557 443,2557 443,2497"/>
                    <TextEquiv>
                        <Unicode>nimmt</Unicode>
                    </TextEquiv>
                </Word>
                <Word id="r_10_tl_46_w2" custom="readingOrder {index:1;}">
                    <Coords points="469,2492 469,2552 564,2552 564,2492"/>
                    <TextEquiv>
                        <Unicode>man,</Unicode>
                    </TextEquiv>
                </Word>
                <Word id="r_10_tl_46_w3" custom="readingOrder {index:2;}">
                    <Coords points="591,2486 591,2546 642,2546 642,2486"/>
                    <TextEquiv>
                        <Unicode>daß</Unicode>
                    </TextEquiv>
                </Word>
                <Word id="r_10_tl_46_w4" custom="readingOrder {index:3;}">
                    <Coords points="674,2485 674,2545 718,2545 718,2485"/>
                    <TextEquiv>
                        <Unicode>die</Unicode>
                    </TextEquiv>
                </Word>
                <Word id="r_10_tl_46_w5" custom="readingOrder {index:4;}">
                    <Coords points="739,2487 739,2547 1053,2547 1053,2487"/>
                    <TextEquiv>
                        <Unicode>Wiederherstellung</Unicode>
                    </TextEquiv>
                </Word>
                <Word id="r_10_tl_46_w6" custom="readingOrder {index:5;}">
                    <Coords points="1092,2494 1092,2554 1142,2554 1142,2494"/>
                    <TextEquiv>
                        <Unicode>der</Unicode>
                    </TextEquiv>
                </Word>
                <Word id="r_10_tl_46_w7" custom="readingOrder {index:6;}">
                    <Coords points="1162,2493 1162,2553 1303,2553 1303,2493"/>
                    <TextEquiv>
                        <Unicode>Marine</Unicode>
                    </TextEquiv>
                </Word>
                <TextEquiv>
                    <Unicode>nimmt man, daß die Wiederherstellung der Marine</Unicode>
                </TextEquiv>
            </TextLine>
            <TextLine id="r_10_tl_47" custom="readingOrder {index:46;}">
                <Coords points="310,2594 1308,2596 1283,2539 310,2556"/>
                <Baseline points="325,2585 328,2585 373,2588 417,2585 462,2582 507,2582 552,2579 597,2579 641,2576 686,2573 731,2573 776,2573 821,2573 865,2570 910,2573 955,2576 1000,2579 1044,2579 1089,2579 1134,2579 1179,2579 1224,2579 1268,2579 1313,2579"/>
                <Word id="r_10_tl_47_w1" custom="readingOrder {index:0;}">
                    <Coords points="322,2547 322,2607 398,2607 398,2547"/>
                    <TextEquiv>
                        <Unicode>aufs</Unicode>
                    </TextEquiv>
                </Word>
                <Word id="r_10_tl_47_w2" custom="readingOrder {index:1;}">
                    <Coords points="421,2542 421,2602 497,2602 497,2542"/>
                    <TextEquiv>
                        <Unicode>beste</Unicode>
                    </TextEquiv>
                </Word>
                <Word id="r_10_tl_47_w3" custom="readingOrder {index:2;}">
                    <Coords points="521,2539 521,2599 574,2599 574,2539"/>
                    <TextEquiv>
                        <Unicode>von</Unicode>
                    </TextEquiv>
                </Word>
                <Word id="r_10_tl_47_w4" custom="readingOrder {index:3;}">
                    <Coords points="605,2535 605,2595 703,2595 703,2535"/>
                    <TextEquiv>
                        <Unicode>statten</Unicode>
                    </TextEquiv>
                </Word>
                <Word id="r_10_tl_47_w5" custom="readingOrder {index:4;}">
                    <Coords points="736,2533 736,2593 818,2593 818,2533"/>
                    <TextEquiv>
                        <Unicode>geht.</Unicode>
                    </TextEquiv>
                </Word>
                <Word id="r_10_tl_47_w6" custom="readingOrder {index:5;}">
                    <Coords points="865,2536 865,2596 1048,2596 1048,2536"/>
                    <TextEquiv>
                        <Unicode>Siebenzig</Unicode>
                    </TextEquiv>
                </Word>
                <Word id="r_10_tl_47_w7" custom="readingOrder {index:6;}">
                    <Coords points="1079,2539 1079,2599 1308,2599 1308,2539"/>
                    <TextEquiv>
                        <Unicode>Linienschiffe,</Unicode>
                    </TextEquiv>
                </Word>
                <TextEquiv>
                    <Unicode>aufs beste von statten geht. Siebenzig Linienschiffe,</Unicode>
                </TextEquiv>
            </TextLine>
            <TextLine id="r_10_tl_48" custom="readingOrder {index:47;}">
                <Coords points="308,2639 1301,2641 1301,2596 1243,2589 308,2591"/>
                <Baseline points="322,2633 367,2633 412,2633 456,2633 501,2630 546,2630 591,2627 635,2624 680,2621 725,2621 770,2621 815,2618 859,2618 904,2618 949,2621 994,2621 1038,2624 1083,2627 1128,2624 1173,2627 1218,2627 1262,2627 1307,2627"/>
                <Word id="r_10_tl_48_w1" custom="readingOrder {index:0;}">
                    <Coords points="317,2593 317,2653 375,2653 375,2593"/>
                    <TextEquiv>
                        <Unicode>das</Unicode>
                    </TextEquiv>
                </Word>
                <Word id="r_10_tl_48_w2" custom="readingOrder {index:1;}">
                    <Coords points="408,2591 408,2651 558,2651 558,2591"/>
                    <TextEquiv>
                        <Unicode>geringste</Unicode>
                    </TextEquiv>
                </Word>
                <Word id="r_10_tl_48_w3" custom="readingOrder {index:2;}">
                    <Coords points="578,2585 578,2645 636,2645 636,2585"/>
                    <TextEquiv>
                        <Unicode>auf</Unicode>
                    </TextEquiv>
                </Word>
                <Word id="r_10_tl_48_w4" custom="readingOrder {index:3;}">
                    <Coords points="656,2581 656,2641 702,2641 702,2581"/>
                    <TextEquiv>
                        <Unicode>60</Unicode>
                    </TextEquiv>
                </Word>
                <Word id="r_10_tl_48_w5" custom="readingOrder {index:4;}">
                    <Coords points="729,2578 729,2638 911,2638 911,2578"/>
                    <TextEquiv>
                        <Unicode>Cauonen,</Unicode>
                    </TextEquiv>
                </Word>
                <Word id="r_10_tl_48_w6" custom="readingOrder {index:5;}">
                    <Coords points="938,2581 938,2641 1035,2641 1035,2581"/>
                    <TextEquiv>
                        <Unicode>liegen</Unicode>
                    </TextEquiv>
                </Word>
                <Word id="r_10_tl_48_w7" custom="readingOrder {index:6;}">
                    <Coords points="1068,2586 1068,2646 1100,2646 1100,2586"/>
                    <TextEquiv>
                        <Unicode>an</Unicode>
                    </TextEquiv>
                </Word>
                <Word id="r_10_tl_48_w8" custom="readingOrder {index:7;}">
                    <Coords points="1140,2586 1140,2646 1185,2646 1185,2586"/>
                    <TextEquiv>
                        <Unicode>den</Unicode>
                    </TextEquiv>
                </Word>
                <Word id="r_10_tl_48_w9" custom="readingOrder {index:8;}">
                    <Coords points="1219,2587 1219,2647 1302,2647 1302,2587"/>
                    <TextEquiv>
                        <Unicode>See¬</Unicode>
                    </TextEquiv>
                </Word>
                <TextEquiv>
                    <Unicode>das geringste auf 60 Cauonen, liegen an den See¬</Unicode>
                </TextEquiv>
            </TextLine>
            <TextLine id="r_10_tl_49" custom="readingOrder {index:48;}">
                <Coords points="310,2711 755,2671 1301,2684 1301,2641 1061,2626 310,2641"/>
                <Baseline points="325,2683 367,2683 412,2681 456,2678 501,2678 546,2675 591,2675 635,2672 680,2669 725,2669 770,2669 815,2666 859,2666 904,2666 949,2666 994,2669 1038,2672 1083,2672 1128,2672 1173,2675 1218,2675 1262,2675 1307,2675"/>
                <Word id="r_10_tl_49_w1" custom="readingOrder {index:0;}">
                    <Coords points="318,2643 318,2703 415,2703 415,2643"/>
                    <TextEquiv>
                        <Unicode>hafen</Unicode>
                    </TextEquiv>
                </Word>
                <Word id="r_10_tl_49_w2" custom="readingOrder {index:1;}">
                    <Coords points="447,2638 447,2698 495,2698 495,2638"/>
                    <TextEquiv>
                        <Unicode>des</Unicode>
                    </TextEquiv>
                </Word>
                <Word id="r_10_tl_49_w3" custom="readingOrder {index:2;}">
                    <Coords points="521,2635 521,2695 650,2695 650,2635"/>
                    <TextEquiv>
                        <Unicode>Oceans</Unicode>
                    </TextEquiv>
                </Word>
                <Word id="r_10_tl_49_w4" custom="readingOrder {index:3;}">
                    <Coords points="681,2629 681,2689 742,2689 742,2629"/>
                    <TextEquiv>
                        <Unicode>und</Unicode>
                    </TextEquiv>
                </Word>
                <Word id="r_10_tl_49_w5" custom="readingOrder {index:4;}">
                    <Coords points="774,2626 774,2686 828,2686 828,2626"/>
                    <TextEquiv>
                        <Unicode>des</Unicode>
                    </TextEquiv>
                </Word>
                <Word id="r_10_tl_49_w6" custom="readingOrder {index:5;}">
                    <Coords points="854,2629 854,2689 1143,2689 1143,2629"/>
                    <TextEquiv>
                        <Unicode>Mittellandischen</Unicode>
                    </TextEquiv>
                </Word>
                <Word id="r_10_tl_49_w7" custom="readingOrder {index:6;}">
                    <Coords points="1181,2635 1181,2695 1297,2695 1297,2635"/>
                    <TextEquiv>
                        <Unicode>Meers</Unicode>
                    </TextEquiv>
                </Word>
                <TextEquiv>
                    <Unicode>hafen des Oceans und des Mittellandischen Meers</Unicode>
                </TextEquiv>
            </TextLine>
            <TextLine id="r_10_tl_50" custom="readingOrder {index:49;}">
                <Coords points="305,2749 1303,2734 1303,2686 1168,2671 305,2709"/>
                <Baseline points="319,2731 325,2731 370,2728 414,2728 459,2725 504,2722 549,2722 594,2722 638,2722 683,2719 728,2719 773,2716 818,2716 862,2713 907,2713 952,2713 997,2716 1041,2716 1086,2719 1131,2719 1176,2722 1221,2722 1265,2722 1310,2716"/>
                <Word id="r_10_tl_50_w1" custom="readingOrder {index:0;}">
                    <Coords points="319,2689 319,2749 374,2749 374,2689"/>
                    <TextEquiv>
                        <Unicode>auf</Unicode>
                    </TextEquiv>
                </Word>
                <Word id="r_10_tl_50_w2" custom="readingOrder {index:1;}">
                    <Coords points="399,2687 399,2747 448,2747 448,2687"/>
                    <TextEquiv>
                        <Unicode>dem</Unicode>
                    </TextEquiv>
                </Word>
                <Word id="r_10_tl_50_w3" custom="readingOrder {index:2;}">
                    <Coords points="485,2682 485,2742 614,2742 614,2682"/>
                    <TextEquiv>
                        <Unicode>Stapel</Unicode>
                    </TextEquiv>
                </Word>
                <Word id="r_10_tl_50_w4" custom="readingOrder {index:3;}">
                    <Coords points="633,2680 633,2740 688,2740 688,2680"/>
                    <TextEquiv>
                        <Unicode>und</Unicode>
                    </TextEquiv>
                </Word>
                <Word id="r_10_tl_50_w5" custom="readingOrder {index:4;}">
                    <Coords points="713,2676 713,2736 861,2736 861,2676"/>
                    <TextEquiv>
                        <Unicode>überdies</Unicode>
                    </TextEquiv>
                </Word>
                <Word id="r_10_tl_50_w6" custom="readingOrder {index:5;}">
                    <Coords points="887,2673 887,2733 923,2733 923,2673"/>
                    <TextEquiv>
                        <Unicode>ist</Unicode>
                    </TextEquiv>
                </Word>
                <Word id="r_10_tl_50_w7" custom="readingOrder {index:6;}">
                    <Coords points="942,2674 942,2734 1003,2734 1003,2674"/>
                    <TextEquiv>
                        <Unicode>man</Unicode>
                    </TextEquiv>
                </Word>
                <Word id="r_10_tl_50_w8" custom="readingOrder {index:7;}">
                    <Coords points="1041,2678 1041,2738 1108,2738 1108,2678"/>
                    <TextEquiv>
                        <Unicode>noch</Unicode>
                    </TextEquiv>
                </Word>
                <Word id="r_10_tl_50_w9" custom="readingOrder {index:8;}">
                    <Coords points="1139,2681 1139,2741 1200,2741 1200,2681"/>
                    <TextEquiv>
                        <Unicode>mit</Unicode>
                    </TextEquiv>
                </Word>
                <Word id="r_10_tl_50_w10" custom="readingOrder {index:9;}">
                    <Coords points="1219,2682 1219,2742 1305,2742 1305,2682"/>
                    <TextEquiv>
                        <Unicode>Aus=</Unicode>
                    </TextEquiv>
                </Word>
                <TextEquiv>
                    <Unicode>auf dem Stapel und überdies ist man noch mit Aus=</Unicode>
                </TextEquiv>
            </TextLine>
            <TextLine id="r_10_tl_51" custom="readingOrder {index:50;}">
                <Coords points="303,2794 1306,2781 1306,2739 1211,2724 303,2746"/>
                <Baseline points="316,2779 328,2779 373,2779 417,2776 462,2773 507,2773 552,2770 597,2773 641,2770 686,2767 731,2764 776,2764 821,2761 865,2761 910,2761 955,2764 1000,2764 1044,2767 1089,2770 1134,2770 1179,2770 1224,2770 1268,2770 1313,2770"/>
                <Word id="r_10_tl_51_w1" custom="readingOrder {index:0;}">
                    <Coords points="311,2738 311,2798 449,2798 449,2738"/>
                    <TextEquiv>
                        <Unicode>rüstung</Unicode>
                    </TextEquiv>
                </Word>
                <Word id="r_10_tl_51_w2" custom="readingOrder {index:1;}">
                    <Coords points="475,2733 475,2793 512,2793 512,2733"/>
                    <TextEquiv>
                        <Unicode>20</Unicode>
                    </TextEquiv>
                </Word>
                <Word id="r_10_tl_51_w3" custom="readingOrder {index:2;}">
                    <Coords points="538,2732 538,2792 670,2792 670,2732"/>
                    <TextEquiv>
                        <Unicode>anderer</Unicode>
                    </TextEquiv>
                </Word>
                <Word id="r_10_tl_51_w4" custom="readingOrder {index:3;}">
                    <Coords points="696,2724 696,2784 828,2784 828,2724"/>
                    <TextEquiv>
                        <Unicode>Schiffe</Unicode>
                    </TextEquiv>
                </Word>
                <Word id="r_10_tl_51_w5" custom="readingOrder {index:4;}">
                    <Coords points="848,2723 848,2783 1042,2783 1042,2723"/>
                    <TextEquiv>
                        <Unicode>beschäftigt.</Unicode>
                    </TextEquiv>
                </Word>
                <Word id="r_10_tl_51_w6" custom="readingOrder {index:5;}">
                    <Coords points="1088,2730 1088,2790 1213,2790 1213,2730"/>
                    <TextEquiv>
                        <Unicode>Briefe</Unicode>
                    </TextEquiv>
                </Word>
                <Word id="r_10_tl_51_w7" custom="readingOrder {index:6;}">
                    <Coords points="1239,2730 1239,2790 1295,2790 1295,2730"/>
                    <TextEquiv>
                        <Unicode>von</Unicode>
                    </TextEquiv>
                </Word>
                <TextEquiv>
                    <Unicode>rüstung 20 anderer Schiffe beschäftigt. Briefe von</Unicode>
                </TextEquiv>
            </TextLine>
            <TextLine id="r_10_tl_52" custom="readingOrder {index:51;}">
                <Coords points="305,2844 1311,2829 1311,2784 1223,2771 305,2791"/>
                <Baseline points="319,2830 331,2827 376,2827 420,2824 465,2824 510,2821 555,2821 600,2818 644,2818 689,2815 734,2815 779,2815 824,2809 868,2812 913,2809 958,2812 1003,2812 1047,2812 1092,2815 1137,2815 1182,2815 1227,2818 1271,2818 1316,2818"/>
                <Word id="r_10_tl_52_w1" custom="readingOrder {index:0;}">
                    <Coords points="314,2787 314,2847 435,2847 435,2787"/>
                    <TextEquiv>
                        <Unicode>Nouen</Unicode>
                    </TextEquiv>
                </Word>
                <Word id="r_10_tl_52_w2" custom="readingOrder {index:1;}">
                    <Coords points="461,2781 461,2841 601,2841 601,2781"/>
                    <TextEquiv>
                        <Unicode>melden,</Unicode>
                    </TextEquiv>
                </Word>
                <Word id="r_10_tl_52_w3" custom="readingOrder {index:2;}">
                    <Coords points="634,2777 634,2837 684,2837 684,2777"/>
                    <TextEquiv>
                        <Unicode>daß</Unicode>
                    </TextEquiv>
                </Word>
                <Word id="r_10_tl_52_w4" custom="readingOrder {index:3;}">
                    <Coords points="717,2775 717,2835 761,2835 761,2775"/>
                    <TextEquiv>
                        <Unicode>die</Unicode>
                    </TextEquiv>
                </Word>
                <Word id="r_10_tl_52_w5" custom="readingOrder {index:4;}">
                    <Coords points="781,2770 781,2830 903,2830 903,2770"/>
                    <TextEquiv>
                        <Unicode>Freude</Unicode>
                    </TextEquiv>
                </Word>
                <Word id="r_10_tl_52_w6" custom="readingOrder {index:5;}">
                    <Coords points="929,2770 929,2830 954,2830 954,2770"/>
                    <TextEquiv>
                        <Unicode>in</Unicode>
                    </TextEquiv>
                </Word>
                <Word id="r_10_tl_52_w7" custom="readingOrder {index:6;}">
                    <Coords points="993,2772 993,2832 1082,2832 1082,2772"/>
                    <TextEquiv>
                        <Unicode>dieser</Unicode>
                    </TextEquiv>
                </Word>
                <Word id="r_10_tl_52_w8" custom="readingOrder {index:7;}">
                    <Coords points="1108,2776 1108,2836 1300,2836 1300,2776"/>
                    <TextEquiv>
                        <Unicode>Hauptstadt</Unicode>
                    </TextEquiv>
                </Word>
                <TextEquiv>
                    <Unicode>Nouen melden, daß die Freude in dieser Hauptstadt</Unicode>
                </TextEquiv>
            </TextLine>
            <TextLine id="r_10_tl_53" custom="readingOrder {index:52;}">
                <Coords points="305,2901 460,2879 708,2916 845,2874 1091,2921 1311,2899 1291,2824 305,2844"/>
                <Baseline points="319,2878 331,2875 376,2878 420,2875 465,2875 510,2872 555,2869 600,2869 644,2869 689,2866 734,2866 779,2866 824,2863 868,2863 913,2863 958,2863 1003,2863 1047,2863 1092,2863 1137,2866 1182,2863 1227,2866 1271,2866 1316,2863"/>
                <Word id="r_10_tl_53_w1" custom="readingOrder {index:0;}">
                    <Coords points="320,2835 320,2895 369,2895 369,2835"/>
                    <TextEquiv>
                        <Unicode>der</Unicode>
                    </TextEquiv>
                </Word>
                <Word id="r_10_tl_53_w2" custom="readingOrder {index:1;}">
                    <Coords points="395,2832 395,2892 604,2892 604,2832"/>
                    <TextEquiv>
                        <Unicode>Normandie</Unicode>
                    </TextEquiv>
                </Word>
                <Word id="r_10_tl_53_w3" custom="readingOrder {index:2;}">
                    <Coords points="622,2828 622,2888 696,2888 696,2828"/>
                    <TextEquiv>
                        <Unicode>über</Unicode>
                    </TextEquiv>
                </Word>
                <Word id="r_10_tl_53_w4" custom="readingOrder {index:3;}">
                    <Coords points="723,2826 723,2886 763,2886 763,2826"/>
                    <TextEquiv>
                        <Unicode>die</Unicode>
                    </TextEquiv>
                </Word>
                <Word id="r_10_tl_53_w5" custom="readingOrder {index:4;}">
                    <Coords points="781,2823 781,2883 1083,2883 1083,2823"/>
                    <TextEquiv>
                        <Unicode>Wiedereinsetzung</Unicode>
                    </TextEquiv>
                </Word>
                <Word id="r_10_tl_53_w6" custom="readingOrder {index:5;}">
                    <Coords points="1110,2825 1110,2885 1159,2885 1159,2825"/>
                    <TextEquiv>
                        <Unicode>des</Unicode>
                    </TextEquiv>
                </Word>
                <Word id="r_10_tl_53_w7" custom="readingOrder {index:6;}">
                    <Coords points="1185,2826 1185,2886 1302,2886 1302,2826"/>
                    <TextEquiv>
                        <Unicode>Parla,</Unicode>
                    </TextEquiv>
                </Word>
                <TextEquiv>
                    <Unicode>der Normandie über die Wiedereinsetzung des Parla,</Unicode>
                </TextEquiv>
            </TextLine>
            <TextEquiv>
                <Unicode></Unicode>
            </TextEquiv>
        </TextRegion>
        <TextRegion id="r_22" custom="readingOrder {index:1;}">
            <Coords points="1324,351 2381,351 2381,1258 1324,1258"/>
            <TextLine id="r_22_tl_1" custom="readingOrder {index:0;}">
                <Coords points="1313,408 2314,418 2311,360 2099,338 1978,368 1698,360 1666,330 1543,373 1461,343 1311,363"/>
                <Baseline points="1328,400 1373,400 1418,400 1462,400 1507,400 1552,403 1597,403 1642,403 1686,403 1731,403 1776,403 1821,403 1865,403 1910,403 1955,403 2000,403 2045,400 2089,400 2134,403 2179,403 2224,403 2269,406 2313,406 2319,403"/>
                <Word id="r_22_tl_1_w1" custom="readingOrder {index:0;}">
                    <Coords points="1317,360 1317,420 1423,420 1423,360"/>
                    <TextEquiv>
                        <Unicode>ments</Unicode>
                    </TextEquiv>
                </Word>
                <Word id="r_22_tl_1_w2" custom="readingOrder {index:1;}">
                    <Coords points="1451,363 1451,423 1669,423 1669,363"/>
                    <TextEquiv>
                        <Unicode>ausnehmend</Unicode>
                    </TextEquiv>
                </Word>
                <Word id="r_22_tl_1_w3" custom="readingOrder {index:2;}">
                    <Coords points="1692,363 1692,423 1764,423 1764,363"/>
                    <TextEquiv>
                        <Unicode>groß</Unicode>
                    </TextEquiv>
                </Word>
                <Word id="r_22_tl_1_w4" custom="readingOrder {index:3;}">
                    <Coords points="1792,363 1792,423 1948,423 1948,363"/>
                    <TextEquiv>
                        <Unicode>gewesen.</Unicode>
                    </TextEquiv>
                </Word>
                <Word id="r_22_tl_1_w5" custom="readingOrder {index:4;}">
                    <Coords points="1994,361 1994,421 2066,421 2066,361"/>
                    <TextEquiv>
                        <Unicode>Alle</Unicode>
                    </TextEquiv>
                </Word>
                <Word id="r_22_tl_1_w6" custom="readingOrder {index:5;}">
                    <Coords points="2083,363 2083,423 2233,423 2233,363"/>
                    <TextEquiv>
                        <Unicode>Stände,</Unicode>
                    </TextEquiv>
                </Word>
                <Word id="r_22_tl_1_w7" custom="readingOrder {index:6;}">
                    <Coords points="2251,366 2251,426 2312,426 2312,366"/>
                    <TextEquiv>
                        <Unicode>Or=</Unicode>
                    </TextEquiv>
                </Word>
                <TextEquiv>
                    <Unicode>ments ausnehmend groß gewesen. Alle Stände, Or=</Unicode>
                </TextEquiv>
            </TextLine>
            <TextLine id="r_22_tl_2" custom="readingOrder {index:1;}">
                <Coords points="1323,455 2314,465 2314,418 1998,398 1323,415"/>
                <Baseline points="1337,447 1382,447 1427,447 1471,447 1516,447 1561,447 1606,447 1650,447 1695,450 1740,450 1785,450 1830,450 1874,450 1919,450 1964,447 2009,450 2054,447 2098,447 2143,450 2188,450 2233,450 2277,453 2319,453"/>
                <Word id="r_22_tl_2_w1" custom="readingOrder {index:0;}">
                    <Coords points="1328,407 1328,467 1381,467 1381,407"/>
                    <TextEquiv>
                        <Unicode>den</Unicode>
                    </TextEquiv>
                </Word>
                <Word id="r_22_tl_2_w2" custom="readingOrder {index:1;}">
                    <Coords points="1418,407 1418,467 1476,467 1476,407"/>
                    <TextEquiv>
                        <Unicode>und</Unicode>
                    </TextEquiv>
                </Word>
                <Word id="r_22_tl_2_w3" custom="readingOrder {index:2;}">
                    <Coords points="1508,407 1508,467 1634,467 1634,407"/>
                    <TextEquiv>
                        <Unicode>Aemter</Unicode>
                    </TextEquiv>
                </Word>
                <Word id="r_22_tl_2_w4" custom="readingOrder {index:3;}">
                    <Coords points="1667,410 1667,470 1761,470 1761,410"/>
                    <TextEquiv>
                        <Unicode>haben</Unicode>
                    </TextEquiv>
                </Word>
                <Word id="r_22_tl_2_w5" custom="readingOrder {index:4;}">
                    <Coords points="1794,410 1794,470 2031,470 2031,410"/>
                    <TextEquiv>
                        <Unicode>Deputationen</Unicode>
                    </TextEquiv>
                </Word>
                <Word id="r_22_tl_2_w6" custom="readingOrder {index:5;}">
                    <Coords points="2069,409 2069,469 2216,469 2216,409"/>
                    <TextEquiv>
                        <Unicode>gesandt,</Unicode>
                    </TextEquiv>
                </Word>
                <Word id="r_22_tl_2_w7" custom="readingOrder {index:6;}">
                    <Coords points="2249,413 2249,473 2306,473 2306,413"/>
                    <TextEquiv>
                        <Unicode>das</Unicode>
                    </TextEquiv>
                </Word>
                <TextEquiv>
                    <Unicode>den und Aemter haben Deputationen gesandt, das</Unicode>
                </TextEquiv>
            </TextLine>
            <TextLine id="r_22_tl_3" custom="readingOrder {index:2;}">
                <Coords points="1323,513 2309,515 2309,463 2231,455 1323,458"/>
                <Baseline points="1337,498 1382,495 1427,495 1471,495 1516,495 1561,495 1606,495 1650,495 1695,495 1740,498 1785,498 1830,498 1874,498 1919,498 1964,498 2009,495 2054,495 2098,495 2143,492 2188,498 2233,498 2277,498 2316,501"/>
                <Word id="r_22_tl_3_w1" custom="readingOrder {index:0;}">
                    <Coords points="1328,455 1328,515 1529,515 1529,455"/>
                    <TextEquiv>
                        <Unicode>Parlament</Unicode>
                    </TextEquiv>
                </Word>
                <Word id="r_22_tl_3_w2" custom="readingOrder {index:1;}">
                    <Coords points="1556,455 1556,515 1656,515 1656,455"/>
                    <TextEquiv>
                        <Unicode>wegen</Unicode>
                    </TextEquiv>
                </Word>
                <Word id="r_22_tl_3_w3" custom="readingOrder {index:2;}">
                    <Coords points="1694,458 1694,518 1788,518 1788,458"/>
                    <TextEquiv>
                        <Unicode>dieser</Unicode>
                    </TextEquiv>
                </Word>
                <Word id="r_22_tl_3_w4" custom="readingOrder {index:3;}">
                    <Coords points="1816,458 1816,518 2063,518 2063,458"/>
                    <TextEquiv>
                        <Unicode>merkwürdigen</Unicode>
                    </TextEquiv>
                </Word>
                <Word id="r_22_tl_3_w5" custom="readingOrder {index:4;}">
                    <Coords points="2101,458 2101,518 2307,518 2307,458"/>
                    <TextEquiv>
                        <Unicode>Wiederkehr</Unicode>
                    </TextEquiv>
                </Word>
                <TextEquiv>
                    <Unicode>Parlament wegen dieser merkwürdigen Wiederkehr</Unicode>
                </TextEquiv>
            </TextLine>
            <TextLine id="r_22_tl_4" custom="readingOrder {index:3;}">
                <Coords points="1318,560 2321,560 2321,513 2266,503 1318,508"/>
                <Baseline points="1331,549 1343,546 1388,543 1433,543 1477,543 1522,543 1567,543 1612,543 1656,543 1701,543 1746,546 1791,546 1836,546 1880,546 1925,546 1970,546 2015,546 2060,543 2104,543 2149,543 2194,543 2239,546 2283,546 2328,546"/>
                <Word id="r_22_tl_4_w1" custom="readingOrder {index:0;}">
                    <Coords points="1329,506 1329,566 1356,566 1356,506"/>
                    <TextEquiv>
                        <Unicode>zu</Unicode>
                    </TextEquiv>
                </Word>
                <Word id="r_22_tl_4_w2" custom="readingOrder {index:1;}">
                    <Coords points="1389,503 1389,563 1568,563 1568,503"/>
                    <TextEquiv>
                        <Unicode>begrüßen.</Unicode>
                    </TextEquiv>
                </Word>
                <Word id="r_22_tl_4_w3" custom="readingOrder {index:2;}">
                    <Coords points="1617,503 1617,563 1709,563 1709,503"/>
                    <TextEquiv>
                        <Unicode>Drey</Unicode>
                    </TextEquiv>
                </Word>
                <Word id="r_22_tl_4_w4" custom="readingOrder {index:3;}">
                    <Coords points="1737,506 1737,566 1829,566 1829,506"/>
                    <TextEquiv>
                        <Unicode>Tage</Unicode>
                    </TextEquiv>
                </Word>
                <Word id="r_22_tl_4_w5" custom="readingOrder {index:4;}">
                    <Coords points="1852,506 1852,566 1916,566 1916,506"/>
                    <TextEquiv>
                        <Unicode>nach</Unicode>
                    </TextEquiv>
                </Word>
                <Word id="r_22_tl_4_w6" custom="readingOrder {index:5;}">
                    <Coords points="1944,505 1944,565 2095,565 2095,505"/>
                    <TextEquiv>
                        <Unicode>einander</Unicode>
                    </TextEquiv>
                </Word>
                <Word id="r_22_tl_4_w7" custom="readingOrder {index:6;}">
                    <Coords points="2123,503 2123,563 2221,563 2221,503"/>
                    <TextEquiv>
                        <Unicode>waren</Unicode>
                    </TextEquiv>
                </Word>
                <Word id="r_22_tl_4_w8" custom="readingOrder {index:7;}">
                    <Coords points="2259,506 2259,566 2318,566 2318,506"/>
                    <TextEquiv>
                        <Unicode>Er¬</Unicode>
                    </TextEquiv>
                </Word>
                <TextEquiv>
                    <Unicode>zu begrüßen. Drey Tage nach einander waren Er¬</Unicode>
                </TextEquiv>
            </TextLine>
            <TextLine id="r_22_tl_5" custom="readingOrder {index:4;}">
                <Coords points="1321,605 2309,603 2309,555 2256,550 1321,560"/>
                <Baseline points="1334,588 1379,591 1424,591 1468,594 1513,594 1558,591 1603,591 1648,591 1692,591 1737,594 1782,594 1827,597 1871,597 1916,594 1961,594 2006,594 2051,594 2095,591 2140,588 2185,591 2230,594 2274,594 2316,594"/>
                <Word id="r_22_tl_5_w1" custom="readingOrder {index:0;}">
                    <Coords points="1326,552 1326,612 1559,612 1559,552"/>
                    <TextEquiv>
                        <Unicode>leuchtungen,</Unicode>
                    </TextEquiv>
                </Word>
                <Word id="r_22_tl_5_w2" custom="readingOrder {index:1;}">
                    <Coords points="1575,551 1575,611 1697,611 1697,551"/>
                    <TextEquiv>
                        <Unicode>Kunst=</Unicode>
                    </TextEquiv>
                </Word>
                <Word id="r_22_tl_5_w3" custom="readingOrder {index:2;}">
                    <Coords points="1713,554 1713,614 1771,614 1771,554"/>
                    <TextEquiv>
                        <Unicode>und</Unicode>
                    </TextEquiv>
                </Word>
                <Word id="r_22_tl_5_w4" custom="readingOrder {index:3;}">
                    <Coords points="1798,554 1798,614 2052,614 2052,554"/>
                    <TextEquiv>
                        <Unicode>Freudenfeuer.</Unicode>
                    </TextEquiv>
                </Word>
                <Word id="r_22_tl_5_w5" custom="readingOrder {index:4;}">
                    <Coords points="2101,549 2101,609 2147,609 2147,549"/>
                    <TextEquiv>
                        <Unicode>Es</Unicode>
                    </TextEquiv>
                </Word>
                <Word id="r_22_tl_5_w6" custom="readingOrder {index:5;}">
                    <Coords points="2170,552 2170,612 2238,612 2238,552"/>
                    <TextEquiv>
                        <Unicode>lebe</Unicode>
                    </TextEquiv>
                </Word>
                <Word id="r_22_tl_5_w7" custom="readingOrder {index:6;}">
                    <Coords points="2260,554 2260,614 2307,614 2307,554"/>
                    <TextEquiv>
                        <Unicode>der</Unicode>
                    </TextEquiv>
                </Word>
                <TextEquiv>
                    <Unicode>leuchtungen, Kunst= und Freudenfeuer. Es lebe der</Unicode>
                </TextEquiv>
            </TextLine>
            <TextLine id="r_22_tl_6" custom="readingOrder {index:5;}">
                <Coords points="1318,650 2069,645 2191,675 2309,650 2309,605 2169,593 1318,605"/>
                <Baseline points="1331,638 1376,638 1421,641 1465,641 1510,641 1555,638 1600,638 1645,638 1689,638 1734,638 1779,641 1824,644 1868,644 1913,641 1958,641 2003,641 2048,641 2092,641 2137,641 2182,638 2227,641 2271,641 2316,641 2319,638"/>
                <Word id="r_22_tl_6_w1" custom="readingOrder {index:0;}">
                    <Coords points="1325,599 1325,659 1463,659 1463,599"/>
                    <TextEquiv>
                        <Unicode>König!</Unicode>
                    </TextEquiv>
                </Word>
                <Word id="r_22_tl_6_w2" custom="readingOrder {index:1;}">
                    <Coords points="1492,599 1492,659 1561,659 1561,599"/>
                    <TextEquiv>
                        <Unicode>rief</Unicode>
                    </TextEquiv>
                </Word>
                <Word id="r_22_tl_6_w3" custom="readingOrder {index:2;}">
                    <Coords points="1584,598 1584,658 1659,658 1659,598"/>
                    <TextEquiv>
                        <Unicode>alles</Unicode>
                    </TextEquiv>
                </Word>
                <Word id="r_22_tl_6_w4" custom="readingOrder {index:3;}">
                    <Coords points="1688,598 1688,658 1797,658 1797,598"/>
                    <TextEquiv>
                        <Unicode>Volk,</Unicode>
                    </TextEquiv>
                </Word>
                <Word id="r_22_tl_6_w5" custom="readingOrder {index:4;}">
                    <Coords points="1839,604 1839,664 1867,664 1867,604"/>
                    <TextEquiv>
                        <Unicode>zu</Unicode>
                    </TextEquiv>
                </Word>
                <Word id="r_22_tl_6_w6" custom="readingOrder {index:5;}">
                    <Coords points="1902,601 1902,661 1994,661 1994,601"/>
                    <TextEquiv>
                        <Unicode>dessen</Unicode>
                    </TextEquiv>
                </Word>
                <Word id="r_22_tl_6_w7" custom="readingOrder {index:6;}">
                    <Coords points="2029,601 2029,661 2219,661 2219,601"/>
                    <TextEquiv>
                        <Unicode>Vergnügen</Unicode>
                    </TextEquiv>
                </Word>
                <Word id="r_22_tl_6_w8" custom="readingOrder {index:7;}">
                    <Coords points="2254,601 2254,661 2306,661 2306,601"/>
                    <TextEquiv>
                        <Unicode>der</Unicode>
                    </TextEquiv>
                </Word>
                <TextEquiv>
                    <Unicode>König! rief alles Volk, zu dessen Vergnügen der</Unicode>
                </TextEquiv>
            </TextLine>
            <TextLine id="r_22_tl_7" custom="readingOrder {index:6;}">
                <Coords points="1326,698 2311,693 2311,653 2256,643 2196,673 1823,640 1326,653"/>
                <Baseline points="1340,686 1385,686 1430,686 1474,689 1519,686 1564,686 1609,689 1653,686 1698,686 1743,689 1788,689 1833,689 1877,689 1922,689 1967,689 2012,689 2057,689 2101,689 2146,689 2191,689 2236,686 2280,689 2316,689"/>
                <Word id="r_22_tl_7_w1" custom="readingOrder {index:0;}">
                    <Coords points="1326,646 1326,706 1477,706 1477,646"/>
                    <TextEquiv>
                        <Unicode>Eingang</Unicode>
                    </TextEquiv>
                </Word>
                <Word id="r_22_tl_7_w2" custom="readingOrder {index:1;}">
                    <Coords points="1510,646 1510,706 1531,706 1531,646"/>
                    <TextEquiv>
                        <Unicode>in</Unicode>
                    </TextEquiv>
                </Word>
                <Word id="r_22_tl_7_w3" custom="readingOrder {index:2;}">
                    <Coords points="1564,647 1564,707 1606,707 1606,647"/>
                    <TextEquiv>
                        <Unicode>die</Unicode>
                    </TextEquiv>
                </Word>
                <Word id="r_22_tl_7_w4" custom="readingOrder {index:3;}">
                    <Coords points="1634,646 1634,706 1785,706 1785,646"/>
                    <TextEquiv>
                        <Unicode>Comödie</Unicode>
                    </TextEquiv>
                </Word>
                <Word id="r_22_tl_7_w5" custom="readingOrder {index:4;}">
                    <Coords points="1812,649 1812,709 1871,709 1871,649"/>
                    <TextEquiv>
                        <Unicode>frey</Unicode>
                    </TextEquiv>
                </Word>
                <Word id="r_22_tl_7_w6" custom="readingOrder {index:5;}">
                    <Coords points="1904,649 1904,709 2028,709 2028,649"/>
                    <TextEquiv>
                        <Unicode>gelaßen</Unicode>
                    </TextEquiv>
                </Word>
                <Word id="r_22_tl_7_w7" custom="readingOrder {index:6;}">
                    <Coords points="2061,649 2061,709 2184,709 2184,649"/>
                    <TextEquiv>
                        <Unicode>wurde.</Unicode>
                    </TextEquiv>
                </Word>
                <Word id="r_22_tl_7_w8" custom="readingOrder {index:7;}">
                    <Coords points="2233,648 2233,708 2308,708 2308,648"/>
                    <TextEquiv>
                        <Unicode>Der</Unicode>
                    </TextEquiv>
                </Word>
                <TextEquiv>
                    <Unicode>Eingang in die Comödie frey gelaßen wurde. Der</Unicode>
                </TextEquiv>
            </TextLine>
            <TextLine id="r_22_tl_8" custom="readingOrder {index:7;}">
                <Coords points="1318,750 2309,753 2309,695 1318,693"/>
                <Baseline points="1331,734 1376,734 1421,734 1465,737 1510,737 1555,737 1600,734 1645,734 1689,734 1734,737 1779,734 1824,734 1868,737 1913,737 1958,737 2003,737 2048,737 2092,737 2137,737 2182,737 2227,734 2271,734 2316,737"/>
                <Word id="r_22_tl_8_w1" custom="readingOrder {index:0;}">
                    <Coords points="1324,694 1324,754 1395,754 1395,694"/>
                    <TextEquiv>
                        <Unicode>Abt</Unicode>
                    </TextEquiv>
                </Word>
                <Word id="r_22_tl_8_w2" custom="readingOrder {index:1;}">
                    <Coords points="1418,697 1418,757 1578,757 1578,697"/>
                    <TextEquiv>
                        <Unicode>Thierry,</Unicode>
                    </TextEquiv>
                </Word>
                <Word id="r_22_tl_8_w3" custom="readingOrder {index:2;}">
                    <Coords points="1611,694 1611,754 1749,754 1749,694"/>
                    <TextEquiv>
                        <Unicode>Canzler</Unicode>
                    </TextEquiv>
                </Word>
                <Word id="r_22_tl_8_w4" custom="readingOrder {index:3;}">
                    <Coords points="1777,694 1777,754 1826,754 1826,694"/>
                    <TextEquiv>
                        <Unicode>der</Unicode>
                    </TextEquiv>
                </Word>
                <Word id="r_22_tl_8_w5" custom="readingOrder {index:4;}">
                    <Coords points="1860,697 1860,757 2058,757 2058,697"/>
                    <TextEquiv>
                        <Unicode>Universität</Unicode>
                    </TextEquiv>
                </Word>
                <Word id="r_22_tl_8_w6" custom="readingOrder {index:5;}">
                    <Coords points="2081,697 2081,757 2113,757 2113,697"/>
                    <TextEquiv>
                        <Unicode>zu</Unicode>
                    </TextEquiv>
                </Word>
                <Word id="r_22_tl_8_w7" custom="readingOrder {index:6;}">
                    <Coords points="2136,696 2136,756 2240,756 2240,696"/>
                    <TextEquiv>
                        <Unicode>Paris</Unicode>
                    </TextEquiv>
                </Word>
                <Word id="r_22_tl_8_w8" custom="readingOrder {index:7;}">
                    <Coords points="2274,695 2274,755 2307,755 2307,695"/>
                    <TextEquiv>
                        <Unicode>ist</Unicode>
                    </TextEquiv>
                </Word>
                <TextEquiv>
                    <Unicode>Abt Thierry, Canzler der Universität zu Paris ist</Unicode>
                </TextEquiv>
            </TextLine>
            <TextLine id="r_22_tl_9" custom="readingOrder {index:8;}">
                <Coords points="1321,798 2319,800 2319,755 2266,735 1321,753"/>
                <Baseline points="1334,785 1379,782 1424,782 1468,782 1513,782 1558,782 1603,782 1648,782 1692,782 1737,782 1782,782 1827,782 1871,782 1916,782 1961,782 2006,785 2051,782 2095,785 2140,785 2185,785 2230,782 2274,785 2319,788 2325,788"/>
                <Word id="r_22_tl_9_w1" custom="readingOrder {index:0;}">
                    <Coords points="1327,743 1327,803 1380,803 1380,743"/>
                    <TextEquiv>
                        <Unicode>zum</Unicode>
                    </TextEquiv>
                </Word>
                <Word id="r_22_tl_9_w2" custom="readingOrder {index:1;}">
                    <Coords points="1419,742 1419,802 1623,802 1623,742"/>
                    <TextEquiv>
                        <Unicode>Beichtvater</Unicode>
                    </TextEquiv>
                </Word>
                <Word id="r_22_tl_9_w3" custom="readingOrder {index:2;}">
                    <Coords points="1652,742 1652,802 1700,802 1700,742"/>
                    <TextEquiv>
                        <Unicode>des</Unicode>
                    </TextEquiv>
                </Word>
                <Word id="r_22_tl_9_w4" custom="readingOrder {index:3;}">
                    <Coords points="1722,742 1722,802 1851,802 1851,742"/>
                    <TextEquiv>
                        <Unicode>Königs</Unicode>
                    </TextEquiv>
                </Word>
                <Word id="r_22_tl_9_w5" custom="readingOrder {index:4;}">
                    <Coords points="1884,742 1884,802 2035,802 2035,742"/>
                    <TextEquiv>
                        <Unicode>ersehen;</Unicode>
                    </TextEquiv>
                </Word>
                <Word id="r_22_tl_9_w6" custom="readingOrder {index:5;}">
                    <Coords points="2068,744 2068,804 2116,804 2116,744"/>
                    <TextEquiv>
                        <Unicode>dem</Unicode>
                    </TextEquiv>
                </Word>
                <Word id="r_22_tl_9_w7" custom="readingOrder {index:6;}">
                    <Coords points="2160,744 2160,804 2219,804 2219,744"/>
                    <TextEquiv>
                        <Unicode>Abt</Unicode>
                    </TextEquiv>
                </Word>
                <Word id="r_22_tl_9_w8" custom="readingOrder {index:7;}">
                    <Coords points="2241,745 2241,805 2316,805 2316,745"/>
                    <TextEquiv>
                        <Unicode>Cle¬</Unicode>
                    </TextEquiv>
                </Word>
                <TextEquiv>
                    <Unicode>zum Beichtvater des Königs ersehen; dem Abt Cle¬</Unicode>
                </TextEquiv>
            </TextLine>
            <TextLine id="r_22_tl_10" custom="readingOrder {index:9;}">
                <Coords points="1321,843 2321,843 2321,805 2239,783 1321,795"/>
                <Baseline points="1334,829 1379,829 1424,829 1468,826 1513,829 1558,832 1603,829 1648,829 1692,829 1737,829 1782,829 1827,829 1871,829 1916,829 1961,829 2006,829 2051,829 2095,829 2140,832 2185,832 2230,829 2274,832 2319,835 2328,835"/>
                <Word id="r_22_tl_10_w1" custom="readingOrder {index:0;}">
                    <Coords points="1326,789 1326,849 1434,849 1434,789"/>
                    <TextEquiv>
                        <Unicode>ment,</Unicode>
                    </TextEquiv>
                </Word>
                <Word id="r_22_tl_10_w2" custom="readingOrder {index:1;}">
                    <Coords points="1460,789 1460,849 1584,849 1584,789"/>
                    <TextEquiv>
                        <Unicode>Doctor</Unicode>
                    </TextEquiv>
                </Word>
                <Word id="r_22_tl_10_w3" custom="readingOrder {index:2;}">
                    <Coords points="1610,789 1610,849 1662,849 1662,789"/>
                    <TextEquiv>
                        <Unicode>der</Unicode>
                    </TextEquiv>
                </Word>
                <Word id="r_22_tl_10_w4" custom="readingOrder {index:3;}">
                    <Coords points="1683,789 1683,849 1869,849 1869,789"/>
                    <TextEquiv>
                        <Unicode>Sorbonne</Unicode>
                    </TextEquiv>
                </Word>
                <Word id="r_22_tl_10_w5" custom="readingOrder {index:4;}">
                    <Coords points="1895,789 1895,849 1951,849 1951,789"/>
                    <TextEquiv>
                        <Unicode>soll</Unicode>
                    </TextEquiv>
                </Word>
                <Word id="r_22_tl_10_w6" custom="readingOrder {index:5;}">
                    <Coords points="1978,789 1978,849 2009,849 2009,789"/>
                    <TextEquiv>
                        <Unicode>es</Unicode>
                    </TextEquiv>
                </Word>
                <Word id="r_22_tl_10_w7" custom="readingOrder {index:6;}">
                    <Coords points="2046,789 2046,849 2097,849 2097,789"/>
                    <TextEquiv>
                        <Unicode>bey</Unicode>
                    </TextEquiv>
                </Word>
                <Word id="r_22_tl_10_w8" custom="readingOrder {index:7;}">
                    <Coords points="2133,792 2133,852 2179,852 2179,792"/>
                    <TextEquiv>
                        <Unicode>dem</Unicode>
                    </TextEquiv>
                </Word>
                <Word id="r_22_tl_10_w9" custom="readingOrder {index:8;}">
                    <Coords points="2221,791 2221,851 2319,851 2319,791"/>
                    <TextEquiv>
                        <Unicode>Dau¬</Unicode>
                    </TextEquiv>
                </Word>
                <TextEquiv>
                    <Unicode>ment, Doctor der Sorbonne soll es bey dem Dau¬</Unicode>
                </TextEquiv>
            </TextLine>
            <TextLine id="r_22_tl_11" custom="readingOrder {index:10;}">
                <Coords points="1321,893 2309,888 2289,843 2116,835 1318,843"/>
                <Baseline points="1334,880 1376,877 1421,874 1465,877 1510,874 1555,877 1600,877 1645,877 1689,877 1734,877 1779,880 1824,877 1868,877 1913,877 1958,877 2003,877 2048,880 2092,880 2137,877 2182,877 2227,877 2271,877 2316,874"/>
                <Word id="r_22_tl_11_w1" custom="readingOrder {index:0;}">
                    <Coords points="1324,838 1324,898 1399,898 1399,838"/>
                    <TextEquiv>
                        <Unicode>phin</Unicode>
                    </TextEquiv>
                </Word>
                <Word id="r_22_tl_11_w2" custom="readingOrder {index:1;}">
                    <Coords points="1427,836 1427,896 1486,896 1486,836"/>
                    <TextEquiv>
                        <Unicode>und</Unicode>
                    </TextEquiv>
                </Word>
                <Word id="r_22_tl_11_w3" custom="readingOrder {index:2;}">
                    <Coords points="1514,837 1514,897 1720,897 1720,837"/>
                    <TextEquiv>
                        <Unicode>Dauphine,</Unicode>
                    </TextEquiv>
                </Word>
                <Word id="r_22_tl_11_w4" custom="readingOrder {index:3;}">
                    <Coords points="1737,839 1737,899 1796,899 1796,839"/>
                    <TextEquiv>
                        <Unicode>und</Unicode>
                    </TextEquiv>
                </Word>
                <Word id="r_22_tl_11_w5" custom="readingOrder {index:4;}">
                    <Coords points="1823,837 1823,897 1872,897 1872,837"/>
                    <TextEquiv>
                        <Unicode>dem</Unicode>
                    </TextEquiv>
                </Word>
                <Word id="r_22_tl_11_w6" custom="readingOrder {index:5;}">
                    <Coords points="1916,837 1916,897 1981,897 1981,837"/>
                    <TextEquiv>
                        <Unicode>Abt</Unicode>
                    </TextEquiv>
                </Word>
                <Word id="r_22_tl_11_w7" custom="readingOrder {index:6;}">
                    <Coords points="1998,840 1998,900 2160,900 2160,840"/>
                    <TextEquiv>
                        <Unicode>Soldini,</Unicode>
                    </TextEquiv>
                </Word>
                <Word id="r_22_tl_11_w8" custom="readingOrder {index:7;}">
                    <Coords points="2188,837 2188,897 2312,897 2312,837"/>
                    <TextEquiv>
                        <Unicode>Aumo¬</Unicode>
                    </TextEquiv>
                </Word>
                <TextEquiv>
                    <Unicode>phin und Dauphine, und dem Abt Soldini, Aumo¬</Unicode>
                </TextEquiv>
            </TextLine>
            <TextLine id="r_22_tl_12" custom="readingOrder {index:11;}">
                <Coords points="1323,925 2316,935 2281,885 1323,893"/>
                <Baseline points="1337,919 1382,919 1427,922 1471,922 1516,919 1561,922 1606,922 1650,922 1695,922 1740,922 1785,922 1830,925 1874,925 1919,925 1964,922 2009,925 2054,925 2098,925 2143,928 2188,928 2233,925 2277,925 2322,925"/>
                <Word id="r_22_tl_12_w1" custom="readingOrder {index:0;}">
                    <Coords points="1329,879 1329,939 1398,939 1398,879"/>
                    <TextEquiv>
                        <Unicode>nier</Unicode>
                    </TextEquiv>
                </Word>
                <Word id="r_22_tl_12_w2" custom="readingOrder {index:1;}">
                    <Coords points="1415,882 1415,942 1447,942 1447,882"/>
                    <TextEquiv>
                        <Unicode>du</Unicode>
                    </TextEquiv>
                </Word>
                <Word id="r_22_tl_12_w3" custom="readingOrder {index:2;}">
                    <Coords points="1475,879 1475,939 1571,939 1571,879"/>
                    <TextEquiv>
                        <Unicode>grand</Unicode>
                    </TextEquiv>
                </Word>
                <Word id="r_22_tl_12_w4" custom="readingOrder {index:3;}">
                    <Coords points="1599,882 1599,942 1783,942 1783,882"/>
                    <TextEquiv>
                        <Unicode>Commun,</Unicode>
                    </TextEquiv>
                </Word>
                <Word id="r_22_tl_12_w5" custom="readingOrder {index:4;}">
                    <Coords points="1800,884 1800,944 1848,944 1848,884"/>
                    <TextEquiv>
                        <Unicode>bey</Unicode>
                    </TextEquiv>
                </Word>
                <Word id="r_22_tl_12_w6" custom="readingOrder {index:5;}">
                    <Coords points="1881,885 1881,945 1929,945 1929,885"/>
                    <TextEquiv>
                        <Unicode>den</Unicode>
                    </TextEquiv>
                </Word>
                <Word id="r_22_tl_12_w7" custom="readingOrder {index:6;}">
                    <Coords points="1962,885 1962,945 2097,945 2097,885"/>
                    <TextEquiv>
                        <Unicode>Königl.</Unicode>
                    </TextEquiv>
                </Word>
                <Word id="r_22_tl_12_w8" custom="readingOrder {index:7;}">
                    <Coords points="2119,885 2119,945 2319,945 2319,885"/>
                    <TextEquiv>
                        <Unicode>Prinzessin=</Unicode>
                    </TextEquiv>
                </Word>
                <TextEquiv>
                    <Unicode>nier du grand Commun, bey den Königl. Prinzessin=</Unicode>
                </TextEquiv>
            </TextLine>
            <TextLine id="r_22_tl_13" custom="readingOrder {index:12;}">
                <Coords points="1318,980 2309,993 2309,938 2241,933 1318,930"/>
                <Baseline points="1331,967 1376,970 1421,970 1465,970 1510,970 1555,970 1600,970 1645,970 1689,967 1734,970 1779,970 1824,970 1868,970 1913,967 1958,970 2003,970 2048,973 2092,976 2137,976 2182,973 2227,976 2271,973 2316,976 2319,973"/>
                <Word id="r_22_tl_13_w1" custom="readingOrder {index:0;}">
                    <Coords points="1324,928 1324,988 1382,988 1382,928"/>
                    <TextEquiv>
                        <Unicode>nen</Unicode>
                    </TextEquiv>
                </Word>
                <Word id="r_22_tl_13_w2" custom="readingOrder {index:1;}">
                    <Coords points="1410,930 1410,990 1609,990 1609,930"/>
                    <TextEquiv>
                        <Unicode>aufgetragen</Unicode>
                    </TextEquiv>
                </Word>
                <Word id="r_22_tl_13_w3" custom="readingOrder {index:2;}">
                    <Coords points="1637,928 1637,988 1782,988 1782,928"/>
                    <TextEquiv>
                        <Unicode>werden.</Unicode>
                    </TextEquiv>
                </Word>
                <Word id="r_22_tl_13_w4" custom="readingOrder {index:3;}">
                    <Coords points="1816,930 1816,990 1880,990 1880,930"/>
                    <TextEquiv>
                        <Unicode>Auf</Unicode>
                    </TextEquiv>
                </Word>
                <Word id="r_22_tl_13_w5" custom="readingOrder {index:4;}">
                    <Coords points="1897,930 1897,990 2107,990 2107,930"/>
                    <TextEquiv>
                        <Unicode>Gutbefinden</Unicode>
                    </TextEquiv>
                </Word>
                <Word id="r_22_tl_13_w6" custom="readingOrder {index:5;}">
                    <Coords points="2140,934 2140,994 2182,994 2182,934"/>
                    <TextEquiv>
                        <Unicode>der</Unicode>
                    </TextEquiv>
                </Word>
                <Word id="r_22_tl_13_w7" custom="readingOrder {index:6;}">
                    <Coords points="2204,934 2204,994 2306,994 2306,934"/>
                    <TextEquiv>
                        <Unicode>Aerzte</Unicode>
                    </TextEquiv>
                </Word>
                <TextEquiv>
                    <Unicode>nen aufgetragen werden. Auf Gutbefinden der Aerzte</Unicode>
                </TextEquiv>
            </TextLine>
            <TextLine id="r_22_tl_14" custom="readingOrder {index:13;}">
                <Coords points="1318,1031 2319,1031 2319,985 2231,980 1318,985"/>
                <Baseline points="1331,1015 1376,1015 1421,1015 1465,1015 1510,1015 1555,1015 1600,1018 1645,1015 1689,1018 1734,1015 1779,1015 1824,1015 1868,1015 1913,1018 1958,1018 2003,1018 2048,1021 2092,1021 2137,1021 2182,1021 2227,1021 2271,1021 2316,1024 2325,1021"/>
                <Word id="r_22_tl_14_w1" custom="readingOrder {index:0;}">
                    <Coords points="1329,975 1329,1035 1439,1035 1439,975"/>
                    <TextEquiv>
                        <Unicode>wurde</Unicode>
                    </TextEquiv>
                </Word>
                <Word id="r_22_tl_14_w2" custom="readingOrder {index:1;}">
                    <Coords points="1466,975 1466,1035 1524,1035 1524,975"/>
                    <TextEquiv>
                        <Unicode>aus</Unicode>
                    </TextEquiv>
                </Word>
                <Word id="r_22_tl_14_w3" custom="readingOrder {index:2;}">
                    <Coords points="1551,976 1551,1036 1793,1036 1793,976"/>
                    <TextEquiv>
                        <Unicode>Vorsichtigkeit</Unicode>
                    </TextEquiv>
                </Word>
                <Word id="r_22_tl_14_w4" custom="readingOrder {index:3;}">
                    <Coords points="1815,975 1815,1035 1867,1035 1867,975"/>
                    <TextEquiv>
                        <Unicode>den</Unicode>
                    </TextEquiv>
                </Word>
                <Word id="r_22_tl_14_w5" custom="readingOrder {index:4;}">
                    <Coords points="1900,978 1900,1038 1989,1038 1989,978"/>
                    <TextEquiv>
                        <Unicode>22ten</Unicode>
                    </TextEquiv>
                </Word>
                <Word id="r_22_tl_14_w6" custom="readingOrder {index:5;}">
                    <Coords points="2016,981 2016,1041 2116,1041 2116,981"/>
                    <TextEquiv>
                        <Unicode>März</Unicode>
                    </TextEquiv>
                </Word>
                <Word id="r_22_tl_14_w7" custom="readingOrder {index:6;}">
                    <Coords points="2148,981 2148,1041 2195,1041 2195,981"/>
                    <TextEquiv>
                        <Unicode>der</Unicode>
                    </TextEquiv>
                </Word>
                <Word id="r_22_tl_14_w8" custom="readingOrder {index:7;}">
                    <Coords points="2222,981 2222,1041 2317,1041 2317,981"/>
                    <TextEquiv>
                        <Unicode>Dau¬</Unicode>
                    </TextEquiv>
                </Word>
                <TextEquiv>
                    <Unicode>wurde aus Vorsichtigkeit den 22ten März der Dau¬</Unicode>
                </TextEquiv>
            </TextLine>
            <TextLine id="r_22_tl_15" custom="readingOrder {index:14;}">
                <Coords points="1326,1076 2316,1076 2316,1041 2226,1028 1326,1026"/>
                <Baseline points="1340,1062 1385,1062 1430,1062 1474,1062 1519,1062 1564,1062 1609,1062 1653,1062 1698,1062 1743,1059 1788,1062 1833,1062 1877,1059 1922,1062 1967,1062 2012,1065 2057,1065 2101,1065 2146,1065 2191,1068 2236,1068 2280,1068 2322,1062"/>
                <Word id="r_22_tl_15_w1" custom="readingOrder {index:0;}">
                    <Coords points="1332,1022 1332,1082 1450,1082 1450,1022"/>
                    <TextEquiv>
                        <Unicode>phine,</Unicode>
                    </TextEquiv>
                </Word>
                <Word id="r_22_tl_15_w2" custom="readingOrder {index:1;}">
                    <Coords points="1472,1022 1472,1082 1585,1082 1585,1022"/>
                    <TextEquiv>
                        <Unicode>welche</Unicode>
                    </TextEquiv>
                </Word>
                <Word id="r_22_tl_15_w3" custom="readingOrder {index:2;}">
                    <Coords points="1607,1022 1607,1082 1660,1082 1660,1022"/>
                    <TextEquiv>
                        <Unicode>nun</Unicode>
                    </TextEquiv>
                </Word>
                <Word id="r_22_tl_15_w4" custom="readingOrder {index:3;}">
                    <Coords points="1688,1021 1688,1081 1715,1081 1715,1021"/>
                    <TextEquiv>
                        <Unicode>in</Unicode>
                    </TextEquiv>
                </Word>
                <Word id="r_22_tl_15_w5" custom="readingOrder {index:4;}">
                    <Coords points="1742,1020 1742,1080 1790,1080 1790,1020"/>
                    <TextEquiv>
                        <Unicode>den</Unicode>
                    </TextEquiv>
                </Word>
                <Word id="r_22_tl_15_w6" custom="readingOrder {index:5;}">
                    <Coords points="1818,1020 1818,1080 1887,1080 1887,1020"/>
                    <TextEquiv>
                        <Unicode>8ten</Unicode>
                    </TextEquiv>
                </Word>
                <Word id="r_22_tl_15_w7" custom="readingOrder {index:6;}">
                    <Coords points="1910,1022 1910,1082 2033,1082 2033,1022"/>
                    <TextEquiv>
                        <Unicode>Monat</Unicode>
                    </TextEquiv>
                </Word>
                <Word id="r_22_tl_15_w8" custom="readingOrder {index:7;}">
                    <Coords points="2050,1025 2050,1085 2136,1085 2136,1025"/>
                    <TextEquiv>
                        <Unicode>ihrer</Unicode>
                    </TextEquiv>
                </Word>
                <Word id="r_22_tl_15_w9" custom="readingOrder {index:8;}">
                    <Coords points="2153,1028 2153,1088 2314,1088 2314,1028"/>
                    <TextEquiv>
                        <Unicode>Schwan=</Unicode>
                    </TextEquiv>
                </Word>
                <TextEquiv>
                    <Unicode>phine, welche nun in den 8ten Monat ihrer Schwan=</Unicode>
                </TextEquiv>
            </TextLine>
            <TextLine id="r_22_tl_16" custom="readingOrder {index:15;}">
                <Coords points="1328,1126 2314,1126 2314,1076 2259,1073 1328,1078"/>
                <Baseline points="1343,1110 1388,1107 1433,1107 1477,1107 1522,1107 1567,1107 1612,1110 1656,1107 1701,1107 1746,1107 1791,1107 1836,1104 1880,1107 1925,1107 1970,1107 2015,1107 2060,1110 2104,1110 2149,1113 2194,1113 2239,1113 2283,1113 2319,1113"/>
                <Word id="r_22_tl_16_w1" custom="readingOrder {index:0;}">
                    <Coords points="1329,1067 1329,1127 1481,1127 1481,1067"/>
                    <TextEquiv>
                        <Unicode>gerschaft</Unicode>
                    </TextEquiv>
                </Word>
                <Word id="r_22_tl_16_w2" custom="readingOrder {index:1;}">
                    <Coords points="1504,1068 1504,1128 1662,1128 1662,1068"/>
                    <TextEquiv>
                        <Unicode>gerreten,</Unicode>
                    </TextEquiv>
                </Word>
                <Word id="r_22_tl_16_w3" custom="readingOrder {index:2;}">
                    <Coords points="1679,1067 1679,1127 1724,1127 1724,1067"/>
                    <TextEquiv>
                        <Unicode>die</Unicode>
                    </TextEquiv>
                </Word>
                <Word id="r_22_tl_16_w4" custom="readingOrder {index:3;}">
                    <Coords points="1747,1067 1747,1127 1831,1127 1831,1067"/>
                    <TextEquiv>
                        <Unicode>Ader</Unicode>
                    </TextEquiv>
                </Word>
                <Word id="r_22_tl_16_w5" custom="readingOrder {index:4;}">
                    <Coords points="1849,1067 1849,1127 1995,1127 1995,1067"/>
                    <TextEquiv>
                        <Unicode>gelaßen.</Unicode>
                    </TextEquiv>
                </Word>
                <Word id="r_22_tl_16_w6" custom="readingOrder {index:5;}">
                    <Coords points="2047,1070 2047,1130 2119,1130 2119,1070"/>
                    <TextEquiv>
                        <Unicode>Die</Unicode>
                    </TextEquiv>
                </Word>
                <Word id="r_22_tl_16_w7" custom="readingOrder {index:6;}">
                    <Coords points="2143,1073 2143,1133 2311,1133 2311,1073"/>
                    <TextEquiv>
                        <Unicode>Marquise</Unicode>
                    </TextEquiv>
                </Word>
                <TextEquiv>
                    <Unicode>gerschaft gerreten, die Ader gelaßen. Die Marquise</Unicode>
                </TextEquiv>
            </TextLine>
            <TextLine id="r_22_tl_17" custom="readingOrder {index:16;}">
                <Coords points="1323,1158 1451,1193 1643,1158 2319,1176 2316,1123 2034,1108 1323,1126"/>
                <Baseline points="1337,1149 1382,1152 1427,1152 1471,1155 1516,1155 1561,1155 1606,1155 1650,1155 1695,1155 1740,1155 1785,1155 1830,1152 1874,1152 1919,1152 1964,1152 2009,1152 2054,1152 2098,1155 2143,1158 2188,1158 2233,1161 2277,1161 2322,1158"/>
                <Word id="r_22_tl_17_w1" custom="readingOrder {index:0;}">
                    <Coords points="1330,1110 1330,1170 1389,1170 1389,1110"/>
                    <TextEquiv>
                        <Unicode>von</Unicode>
                    </TextEquiv>
                </Word>
                <Word id="r_22_tl_17_w2" custom="readingOrder {index:1;}">
                    <Coords points="1419,1115 1419,1175 1638,1175 1638,1115"/>
                    <TextEquiv>
                        <Unicode>Pompadour</Unicode>
                    </TextEquiv>
                </Word>
                <Word id="r_22_tl_17_w3" custom="readingOrder {index:2;}">
                    <Coords points="1657,1115 1657,1175 1798,1175 1798,1115"/>
                    <TextEquiv>
                        <Unicode>befindet</Unicode>
                    </TextEquiv>
                </Word>
                <Word id="r_22_tl_17_w4" custom="readingOrder {index:3;}">
                    <Coords points="1817,1112 1817,1172 1858,1172 1858,1112"/>
                    <TextEquiv>
                        <Unicode>sich</Unicode>
                    </TextEquiv>
                </Word>
                <Word id="r_22_tl_17_w5" custom="readingOrder {index:4;}">
                    <Coords points="1889,1112 1889,1172 1977,1172 1977,1112"/>
                    <TextEquiv>
                        <Unicode>besser</Unicode>
                    </TextEquiv>
                </Word>
                <Word id="r_22_tl_17_w6" custom="readingOrder {index:5;}">
                    <Coords points="2002,1112 2002,1172 2060,1172 2060,1112"/>
                    <TextEquiv>
                        <Unicode>und</Unicode>
                    </TextEquiv>
                </Word>
                <Word id="r_22_tl_17_w7" custom="readingOrder {index:6;}">
                    <Coords points="2084,1115 2084,1175 2119,1175 2119,1115"/>
                    <TextEquiv>
                        <Unicode>ist</Unicode>
                    </TextEquiv>
                </Word>
                <Word id="r_22_tl_17_w8" custom="readingOrder {index:7;}">
                    <Coords points="2144,1118 2144,1178 2191,1178 2191,1118"/>
                    <TextEquiv>
                        <Unicode>den</Unicode>
                    </TextEquiv>
                </Word>
                <Word id="r_22_tl_17_w9" custom="readingOrder {index:8;}">
                    <Coords points="2221,1121 2221,1181 2309,1181 2309,1121"/>
                    <TextEquiv>
                        <Unicode>31ten</Unicode>
                    </TextEquiv>
                </Word>
                <TextEquiv>
                    <Unicode>von Pompadour befindet sich besser und ist den 31ten</Unicode>
                </TextEquiv>
            </TextLine>
            <TextLine id="r_22_tl_18" custom="readingOrder {index:17;}">
                <Coords points="1326,1231 2169,1216 2169,1171 2131,1156 1441,1186 1326,1161"/>
                <Baseline points="1340,1200 1385,1200 1430,1203 1474,1203 1519,1203 1564,1203 1609,1203 1653,1200 1698,1203 1743,1200 1788,1203 1833,1203 1877,1200 1922,1203 1967,1203 2012,1203 2057,1203 2101,1203 2146,1203 2176,1206"/>
                <Word id="r_22_tl_18_w1" custom="readingOrder {index:0;}">
                    <Coords points="1335,1160 1335,1220 1394,1220 1394,1160"/>
                    <TextEquiv>
                        <Unicode>von</Unicode>
                    </TextEquiv>
                </Word>
                <Word id="r_22_tl_18_w2" custom="readingOrder {index:1;}">
                    <Coords points="1468,1163 1468,1223 1533,1223 1533,1163"/>
                    <TextEquiv>
                        <Unicode>disy</Unicode>
                    </TextEquiv>
                </Word>
                <Word id="r_22_tl_18_w3" custom="readingOrder {index:2;}">
                    <Coords points="1561,1163 1561,1223 1626,1223 1626,1163"/>
                    <TextEquiv>
                        <Unicode>nach</Unicode>
                    </TextEquiv>
                </Word>
                <Word id="r_22_tl_18_w4" custom="readingOrder {index:3;}">
                    <Coords points="1653,1160 1653,1220 1826,1220 1826,1160"/>
                    <TextEquiv>
                        <Unicode>Versailles</Unicode>
                    </TextEquiv>
                </Word>
                <Word id="r_22_tl_18_w5" custom="readingOrder {index:4;}">
                    <Coords points="1853,1163 1853,1223 1998,1223 1998,1163"/>
                    <TextEquiv>
                        <Unicode>gebracht</Unicode>
                    </TextEquiv>
                </Word>
                <Word id="r_22_tl_18_w6" custom="readingOrder {index:5;}">
                    <Coords points="2012,1163 2012,1223 2157,1223 2157,1163"/>
                    <TextEquiv>
                        <Unicode>worden.</Unicode>
                    </TextEquiv>
                </Word>
                <TextEquiv>
                    <Unicode>von disy nach Versailles gebracht worden.</Unicode>
                </TextEquiv>
            </TextLine>
            <TextEquiv>
                <Unicode></Unicode>
            </TextEquiv>
        </TextRegion>
        <TextRegion id="r_23" custom="readingOrder {index:2;}">
            <Coords points="2381,1258 2381,2920 1324,2920 1324,1258"/>
            <TextLine id="r_23_tl_1" custom="readingOrder {index:0;}">
                <Coords points="1633,1341 1966,1336 2021,1353 2019,1291 1971,1278 1823,1291 1768,1276 1631,1291"/>
                <Baseline points="1645,1328 1689,1325 1734,1325 1779,1325 1824,1328 1868,1328 1913,1328 1958,1328 2003,1331 2024,1331"/>
                <Word id="r_23_tl_1_w1" custom="readingOrder {index:0;}">
                    <Coords points="1639,1288 1639,1348 2017,1348 2017,1288"/>
                    <TextEquiv>
                        <Unicode>AVERTISSEMENT.</Unicode>
                    </TextEquiv>
                </Word>
                <TextEquiv>
                    <Unicode>AVERTISSEMENT.</Unicode>
                </TextEquiv>
            </TextLine>
            <TextLine id="r_23_tl_2" custom="readingOrder {index:1;}">
                <Coords points="1371,1393 2321,1398 2321,1331 1371,1331"/>
                <Baseline points="1385,1376 1430,1379 1474,1382 1519,1379 1564,1382 1609,1382 1653,1382 1698,1379 1743,1379 1788,1382 1833,1382 1877,1379 1922,1379 1967,1382 2012,1382 2057,1382 2101,1382 2146,1382 2191,1382 2236,1379 2280,1382 2325,1385 2328,1385"/>
                <Word id="r_23_tl_2_w1" custom="readingOrder {index:0;}">
                    <Coords points="1384,1338 1384,1398 1458,1398 1458,1338"/>
                    <TextEquiv>
                        <Unicode>Den</Unicode>
                    </TextEquiv>
                </Word>
                <Word id="r_23_tl_2_w2" custom="readingOrder {index:1;}">
                    <Coords points="1488,1339 1488,1399 1574,1399 1574,1339"/>
                    <TextEquiv>
                        <Unicode>21ten</Unicode>
                    </TextEquiv>
                </Word>
                <Word id="r_23_tl_2_w3" custom="readingOrder {index:2;}">
                    <Coords points="1604,1342 1604,1402 1696,1402 1696,1342"/>
                    <TextEquiv>
                        <Unicode>dieses</Unicode>
                    </TextEquiv>
                </Word>
                <Word id="r_23_tl_2_w4" custom="readingOrder {index:3;}">
                    <Coords points="1726,1342 1726,1402 1888,1402 1888,1342"/>
                    <TextEquiv>
                        <Unicode>Monaths</Unicode>
                    </TextEquiv>
                </Word>
                <Word id="r_23_tl_2_w5" custom="readingOrder {index:4;}">
                    <Coords points="1918,1342 1918,1402 2080,1402 2080,1342"/>
                    <TextEquiv>
                        <Unicode>Morgens</Unicode>
                    </TextEquiv>
                </Word>
                <Word id="r_23_tl_2_w6" custom="readingOrder {index:5;}">
                    <Coords points="2115,1342 2115,1402 2149,1402 2149,1342"/>
                    <TextEquiv>
                        <Unicode>um</Unicode>
                    </TextEquiv>
                </Word>
                <Word id="r_23_tl_2_w7" custom="readingOrder {index:6;}">
                    <Coords points="2190,1341 2190,1401 2208,1401 2208,1341"/>
                    <TextEquiv>
                        <Unicode>9</Unicode>
                    </TextEquiv>
                </Word>
                <Word id="r_23_tl_2_w8" custom="readingOrder {index:7;}">
                    <Coords points="2237,1341 2237,1401 2317,1401 2317,1341"/>
                    <TextEquiv>
                        <Unicode>Uhr,</Unicode>
                    </TextEquiv>
                </Word>
                <TextEquiv>
                    <Unicode>Den 21ten dieses Monaths Morgens um 9 Uhr,</Unicode>
                </TextEquiv>
            </TextLine>
            <TextLine id="r_23_tl_3" custom="readingOrder {index:2;}">
                <Coords points="1328,1446 2316,1443 2296,1388 1328,1383"/>
                <Baseline points="1343,1436 1382,1433 1427,1433 1471,1430 1516,1433 1561,1433 1606,1430 1650,1430 1695,1430 1740,1430 1785,1430 1830,1430 1874,1433 1919,1430 1964,1430 2009,1430 2054,1430 2098,1430 2143,1430 2188,1433 2233,1430 2277,1433 2322,1433"/>
                <Word id="r_23_tl_3_w1" custom="readingOrder {index:0;}">
                    <Coords points="1335,1393 1335,1453 1479,1453 1479,1393"/>
                    <TextEquiv>
                        <Unicode>geschahe</Unicode>
                    </TextEquiv>
                </Word>
                <Word id="r_23_tl_3_w2" custom="readingOrder {index:1;}">
                    <Coords points="1502,1393 1502,1453 1612,1453 1612,1393"/>
                    <TextEquiv>
                        <Unicode>allhier</Unicode>
                    </TextEquiv>
                </Word>
                <Word id="r_23_tl_3_w3" custom="readingOrder {index:2;}">
                    <Coords points="1636,1390 1636,1450 1681,1450 1681,1390"/>
                    <TextEquiv>
                        <Unicode>die</Unicode>
                    </TextEquiv>
                </Word>
                <Word id="r_23_tl_3_w4" custom="readingOrder {index:3;}">
                    <Coords points="1694,1390 1694,1450 1797,1450 1797,1390"/>
                    <TextEquiv>
                        <Unicode>zweite</Unicode>
                    </TextEquiv>
                </Word>
                <Word id="r_23_tl_3_w5" custom="readingOrder {index:4;}">
                    <Coords points="1815,1392 1815,1452 1954,1452 1954,1392"/>
                    <TextEquiv>
                        <Unicode>Ziehung</Unicode>
                    </TextEquiv>
                </Word>
                <Word id="r_23_tl_3_w6" custom="readingOrder {index:5;}">
                    <Coords points="1977,1390 1977,1450 2017,1450 2017,1390"/>
                    <TextEquiv>
                        <Unicode>der</Unicode>
                    </TextEquiv>
                </Word>
                <Word id="r_23_tl_3_w7" custom="readingOrder {index:6;}">
                    <Coords points="2041,1390 2041,1450 2174,1450 2174,1390"/>
                    <TextEquiv>
                        <Unicode>Königl.</Unicode>
                    </TextEquiv>
                </Word>
                <Word id="r_23_tl_3_w8" custom="readingOrder {index:7;}">
                    <Coords points="2186,1391 2186,1451 2318,1451 2318,1391"/>
                    <TextEquiv>
                        <Unicode>Preuß.</Unicode>
                    </TextEquiv>
                </Word>
                <TextEquiv>
                    <Unicode>geschahe allhier die zweite Ziehung der Königl. Preuß.</Unicode>
                </TextEquiv>
            </TextLine>
            <TextLine id="r_23_tl_4" custom="readingOrder {index:3;}">
                <Coords points="1333,1491 2309,1493 2309,1446 2221,1436 1333,1446"/>
                <Baseline points="1346,1480 1391,1480 1436,1480 1480,1480 1525,1480 1570,1480 1615,1480 1659,1477 1704,1480 1749,1480 1794,1477 1839,1480 1883,1480 1928,1480 1973,1477 2018,1477 2063,1477 2107,1477 2152,1480 2197,1480 2242,1480 2286,1480 2316,1483"/>
                <Word id="r_23_tl_4_w1" custom="readingOrder {index:0;}">
                    <Coords points="1338,1440 1338,1500 1468,1500 1468,1440"/>
                    <TextEquiv>
                        <Unicode>Lotterie</Unicode>
                    </TextEquiv>
                </Word>
                <Word id="r_23_tl_4_w2" custom="readingOrder {index:1;}">
                    <Coords points="1488,1440 1488,1500 1543,1500 1543,1440"/>
                    <TextEquiv>
                        <Unicode>auf</Unicode>
                    </TextEquiv>
                </Word>
                <Word id="r_23_tl_4_w3" custom="readingOrder {index:2;}">
                    <Coords points="1564,1440 1564,1500 1613,1500 1613,1440"/>
                    <TextEquiv>
                        <Unicode>dem</Unicode>
                    </TextEquiv>
                </Word>
                <Word id="r_23_tl_4_w4" custom="readingOrder {index:3;}">
                    <Coords points="1654,1437 1654,1497 1935,1497 1935,1437"/>
                    <TextEquiv>
                        <Unicode>Schloß=Balcon</Unicode>
                    </TextEquiv>
                </Word>
                <Word id="r_23_tl_4_w5" custom="readingOrder {index:4;}">
                    <Coords points="1966,1437 1966,1497 1990,1497 1990,1437"/>
                    <TextEquiv>
                        <Unicode>in</Unicode>
                    </TextEquiv>
                </Word>
                <Word id="r_23_tl_4_w6" custom="readingOrder {index:5;}">
                    <Coords points="2026,1438 2026,1498 2232,1498 2232,1438"/>
                    <TextEquiv>
                        <Unicode>Gegenwart</Unicode>
                    </TextEquiv>
                </Word>
                <Word id="r_23_tl_4_w7" custom="readingOrder {index:6;}">
                    <Coords points="2258,1440 2258,1500 2307,1500 2307,1440"/>
                    <TextEquiv>
                        <Unicode>des</Unicode>
                    </TextEquiv>
                </Word>
                <TextEquiv>
                    <Unicode>Lotterie auf dem Schloß=Balcon in Gegenwart des</Unicode>
                </TextEquiv>
            </TextLine>
            <TextLine id="r_23_tl_5" custom="readingOrder {index:4;}">
                <Coords points="1328,1531 2316,1546 2316,1498 2279,1486 1328,1488"/>
                <Baseline points="1343,1528 1382,1528 1427,1525 1471,1528 1516,1528 1561,1528 1606,1528 1650,1525 1695,1525 1740,1525 1785,1528 1830,1528 1874,1528 1919,1528 1964,1531 2009,1528 2054,1528 2098,1528 2143,1528 2188,1528 2233,1528 2277,1528 2322,1525"/>
                <Word id="r_23_tl_5_w1" custom="readingOrder {index:0;}">
                    <Coords points="1333,1486 1333,1546 1570,1546 1570,1486"/>
                    <TextEquiv>
                        <Unicode>Gouverneurs</Unicode>
                    </TextEquiv>
                </Word>
                <Word id="r_23_tl_5_w2" custom="readingOrder {index:1;}">
                    <Coords points="1602,1485 1602,1545 1688,1545 1688,1485"/>
                    <TextEquiv>
                        <Unicode>dieser</Unicode>
                    </TextEquiv>
                </Word>
                <Word id="r_23_tl_5_w3" custom="readingOrder {index:2;}">
                    <Coords points="1715,1488 1715,1548 1922,1548 1922,1488"/>
                    <TextEquiv>
                        <Unicode>Hauptstadt,</Unicode>
                    </TextEquiv>
                </Word>
                <Word id="r_23_tl_5_w4" custom="readingOrder {index:3;}">
                    <Coords points="1953,1488 1953,1548 2056,1548 2056,1488"/>
                    <TextEquiv>
                        <Unicode>Herrn</Unicode>
                    </TextEquiv>
                </Word>
                <Word id="r_23_tl_5_w5" custom="readingOrder {index:4;}">
                    <Coords points="2092,1488 2092,1548 2314,1548 2314,1488"/>
                    <TextEquiv>
                        <Unicode>Generalfeld¬</Unicode>
                    </TextEquiv>
                </Word>
                <TextEquiv>
                    <Unicode>Gouverneurs dieser Hauptstadt, Herrn Generalfeld¬</Unicode>
                </TextEquiv>
            </TextLine>
            <TextLine id="r_23_tl_6" custom="readingOrder {index:5;}">
                <Coords points="1323,1581 2321,1588 2321,1536 1323,1533"/>
                <Baseline points="1337,1576 1382,1576 1427,1576 1471,1576 1516,1576 1561,1573 1606,1576 1650,1573 1695,1573 1740,1573 1785,1576 1830,1576 1874,1576 1919,1576 1964,1573 2009,1576 2054,1576 2098,1576 2143,1576 2188,1576 2233,1576 2277,1576 2322,1576 2328,1576"/>
                <Word id="r_23_tl_6_w1" custom="readingOrder {index:0;}">
                    <Coords points="1328,1536 1328,1596 1498,1596 1498,1536"/>
                    <TextEquiv>
                        <Unicode>marschall</Unicode>
                    </TextEquiv>
                </Word>
                <Word id="r_23_tl_6_w2" custom="readingOrder {index:1;}">
                    <Coords points="1515,1534 1515,1594 1567,1594 1567,1534"/>
                    <TextEquiv>
                        <Unicode>von</Unicode>
                    </TextEquiv>
                </Word>
                <Word id="r_23_tl_6_w3" custom="readingOrder {index:2;}">
                    <Coords points="1606,1533 1606,1593 1754,1593 1754,1533"/>
                    <TextEquiv>
                        <Unicode>Lehwald</Unicode>
                    </TextEquiv>
                </Word>
                <Word id="r_23_tl_6_w4" custom="readingOrder {index:3;}">
                    <Coords points="1787,1536 1787,1596 1962,1596 1962,1536"/>
                    <TextEquiv>
                        <Unicode>Excellenz,</Unicode>
                    </TextEquiv>
                </Word>
                <Word id="r_23_tl_6_w5" custom="readingOrder {index:4;}">
                    <Coords points="1989,1536 1989,1596 2036,1596 2036,1536"/>
                    <TextEquiv>
                        <Unicode>des</Unicode>
                    </TextEquiv>
                </Word>
                <Word id="r_23_tl_6_w6" custom="readingOrder {index:5;}">
                    <Coords points="2069,1536 2069,1596 2212,1596 2212,1536"/>
                    <TextEquiv>
                        <Unicode>Königl.</Unicode>
                    </TextEquiv>
                </Word>
                <Word id="r_23_tl_6_w7" custom="readingOrder {index:6;}">
                    <Coords points="2229,1536 2229,1596 2324,1596 2324,1536"/>
                    <TextEquiv>
                        <Unicode>Krie¬</Unicode>
                    </TextEquiv>
                </Word>
                <TextEquiv>
                    <Unicode>marschall von Lehwald Excellenz, des Königl. Krie¬</Unicode>
                </TextEquiv>
            </TextLine>
            <TextLine id="r_23_tl_7" custom="readingOrder {index:6;}">
                <Coords points="1326,1641 2324,1638 2324,1586 2216,1578 2181,1603 1326,1583"/>
                <Baseline points="1340,1624 1385,1621 1430,1621 1474,1621 1519,1621 1564,1621 1609,1618 1653,1621 1698,1618 1743,1618 1788,1618 1833,1621 1877,1621 1922,1621 1967,1621 2012,1621 2057,1621 2101,1621 2146,1621 2191,1621 2236,1624 2280,1624 2325,1621 2328,1624"/>
                <Word id="r_23_tl_7_w1" custom="readingOrder {index:0;}">
                    <Coords points="1331,1581 1331,1641 1486,1641 1486,1581"/>
                    <TextEquiv>
                        <Unicode>gesraths</Unicode>
                    </TextEquiv>
                </Word>
                <Word id="r_23_tl_7_w2" custom="readingOrder {index:1;}">
                    <Coords points="1517,1581 1517,1641 1577,1641 1577,1581"/>
                    <TextEquiv>
                        <Unicode>und</Unicode>
                    </TextEquiv>
                </Word>
                <Word id="r_23_tl_7_w3" custom="readingOrder {index:2;}">
                    <Coords points="1618,1578 1618,1638 1829,1638 1829,1578"/>
                    <TextEquiv>
                        <Unicode>dirigirenden</Unicode>
                    </TextEquiv>
                </Word>
                <Word id="r_23_tl_7_w4" custom="readingOrder {index:3;}">
                    <Coords points="1875,1581 1875,1641 2156,1641 2156,1581"/>
                    <TextEquiv>
                        <Unicode>Bürgermeisters</Unicode>
                    </TextEquiv>
                </Word>
                <Word id="r_23_tl_7_w5" custom="readingOrder {index:4;}">
                    <Coords points="2202,1584 2202,1644 2307,1644 2307,1584"/>
                    <TextEquiv>
                        <Unicode>Herrn</Unicode>
                    </TextEquiv>
                </Word>
                <TextEquiv>
                    <Unicode>gesraths und dirigirenden Bürgermeisters Herrn</Unicode>
                </TextEquiv>
            </TextLine>
            <TextLine id="r_23_tl_8" custom="readingOrder {index:7;}">
                <Coords points="1328,1681 2319,1681 2319,1638 2171,1626 1328,1641"/>
                <Baseline points="1343,1665 1388,1665 1433,1665 1477,1665 1522,1665 1567,1665 1612,1665 1656,1665 1701,1665 1746,1665 1791,1665 1836,1665 1880,1668 1925,1665 1970,1665 2015,1665 2060,1665 2104,1668 2149,1668 2194,1668 2239,1668 2283,1668 2325,1671"/>
                <Word id="r_23_tl_8_w1" custom="readingOrder {index:0;}">
                    <Coords points="1333,1625 1333,1685 1548,1685 1548,1625"/>
                    <TextEquiv>
                        <Unicode>Hindersinn,</Unicode>
                    </TextEquiv>
                </Word>
                <Word id="r_23_tl_8_w2" custom="readingOrder {index:1;}">
                    <Coords points="1579,1625 1579,1685 1633,1685 1633,1625"/>
                    <TextEquiv>
                        <Unicode>und</Unicode>
                    </TextEquiv>
                </Word>
                <Word id="r_23_tl_8_w3" custom="readingOrder {index:2;}">
                    <Coords points="1659,1625 1659,1685 1709,1685 1709,1625"/>
                    <TextEquiv>
                        <Unicode>des</Unicode>
                    </TextEquiv>
                </Word>
                <Word id="r_23_tl_8_w4" custom="readingOrder {index:3;}">
                    <Coords points="1734,1625 1734,1685 1835,1685 1835,1625"/>
                    <TextEquiv>
                        <Unicode>Herrn</Unicode>
                    </TextEquiv>
                </Word>
                <Word id="r_23_tl_8_w5" custom="readingOrder {index:4;}">
                    <Coords points="1866,1625 1866,1685 2001,1685 2001,1625"/>
                    <TextEquiv>
                        <Unicode>Jmbert</Unicode>
                    </TextEquiv>
                </Word>
                <Word id="r_23_tl_8_w6" custom="readingOrder {index:5;}">
                    <Coords points="2021,1626 2021,1686 2156,1686 2156,1626"/>
                    <TextEquiv>
                        <Unicode>Königl.</Unicode>
                    </TextEquiv>
                </Word>
                <Word id="r_23_tl_8_w7" custom="readingOrder {index:6;}">
                    <Coords points="2172,1628 2172,1688 2317,1688 2317,1628"/>
                    <TextEquiv>
                        <Unicode>Krieges=</Unicode>
                    </TextEquiv>
                </Word>
                <TextEquiv>
                    <Unicode>Hindersinn, und des Herrn Jmbert Königl. Krieges=</Unicode>
                </TextEquiv>
            </TextLine>
            <TextLine id="r_23_tl_9" custom="readingOrder {index:8;}">
                <Coords points="1328,1713 2319,1728 2304,1676 1328,1678"/>
                <Baseline points="1343,1707 1388,1707 1433,1704 1477,1707 1522,1707 1567,1707 1612,1704 1656,1707 1701,1707 1746,1707 1791,1707 1836,1707 1880,1707 1925,1707 1970,1707 2015,1710 2060,1710 2104,1710 2149,1710 2194,1710 2239,1713 2283,1713 2325,1713"/>
                <Word id="r_23_tl_9_w1" custom="readingOrder {index:0;}">
                    <Coords points="1331,1667 1331,1727 1429,1727 1429,1667"/>
                    <TextEquiv>
                        <Unicode>raths</Unicode>
                    </TextEquiv>
                </Word>
                <Word id="r_23_tl_9_w2" custom="readingOrder {index:1;}">
                    <Coords points="1467,1667 1467,1727 1522,1727 1522,1667"/>
                    <TextEquiv>
                        <Unicode>und</Unicode>
                    </TextEquiv>
                </Word>
                <Word id="r_23_tl_9_w3" custom="readingOrder {index:2;}">
                    <Coords points="1564,1667 1564,1727 1750,1727 1750,1667"/>
                    <TextEquiv>
                        <Unicode>Directoris</Unicode>
                    </TextEquiv>
                </Word>
                <Word id="r_23_tl_9_w4" custom="readingOrder {index:3;}">
                    <Coords points="1788,1667 1788,1727 1839,1727 1839,1667"/>
                    <TextEquiv>
                        <Unicode>der</Unicode>
                    </TextEquiv>
                </Word>
                <Word id="r_23_tl_9_w5" custom="readingOrder {index:4;}">
                    <Coords points="1872,1667 1872,1727 2002,1727 2002,1667"/>
                    <TextEquiv>
                        <Unicode>hiesigen</Unicode>
                    </TextEquiv>
                </Word>
                <Word id="r_23_tl_9_w6" custom="readingOrder {index:5;}">
                    <Coords points="2040,1670 2040,1730 2319,1730 2319,1670"/>
                    <TextEquiv>
                        <Unicode>Lotterie=Admi¬</Unicode>
                    </TextEquiv>
                </Word>
                <TextEquiv>
                    <Unicode>raths und Directoris der hiesigen Lotterie=Admi¬</Unicode>
                </TextEquiv>
            </TextLine>
            <TextLine id="r_23_tl_10" custom="readingOrder {index:9;}">
                <Coords points="1333,1761 2319,1766 2296,1721 1331,1721"/>
                <Baseline points="1346,1752 1391,1752 1436,1752 1480,1752 1525,1752 1570,1749 1615,1746 1659,1752 1704,1752 1749,1752 1794,1752 1839,1749 1883,1749 1928,1752 1973,1752 2018,1752 2063,1755 2107,1755 2152,1755 2197,1755 2242,1755 2286,1755 2325,1755"/>
                <Word id="r_23_tl_10_w1" custom="readingOrder {index:0;}">
                    <Coords points="1335,1712 1335,1772 1521,1772 1521,1712"/>
                    <TextEquiv>
                        <Unicode>nistration.</Unicode>
                    </TextEquiv>
                </Word>
                <Word id="r_23_tl_10_w2" custom="readingOrder {index:1;}">
                    <Coords points="1584,1706 1584,1766 1656,1766 1656,1706"/>
                    <TextEquiv>
                        <Unicode>Die</Unicode>
                    </TextEquiv>
                </Word>
                <Word id="r_23_tl_10_w3" custom="readingOrder {index:2;}">
                    <Coords points="1685,1709 1685,1769 2011,1769 2011,1709"/>
                    <TextEquiv>
                        <Unicode>herausgekommnen</Unicode>
                    </TextEquiv>
                </Word>
                <Word id="r_23_tl_10_w4" custom="readingOrder {index:3;}">
                    <Coords points="2045,1715 2045,1775 2232,1775 2232,1715"/>
                    <TextEquiv>
                        <Unicode>Nummern</Unicode>
                    </TextEquiv>
                </Word>
                <Word id="r_23_tl_10_w5" custom="readingOrder {index:4;}">
                    <Coords points="2256,1715 2256,1775 2318,1775 2318,1715"/>
                    <TextEquiv>
                        <Unicode>wa¬</Unicode>
                    </TextEquiv>
                </Word>
                <TextEquiv>
                    <Unicode>nistration. Die herausgekommnen Nummern wa¬</Unicode>
                </TextEquiv>
            </TextLine>
            <TextLine id="r_23_tl_11" custom="readingOrder {index:10;}">
                <Coords points="1333,1811 2319,1816 2289,1763 1333,1761"/>
                <Baseline points="1346,1803 1391,1800 1436,1800 1480,1803 1525,1800 1570,1800 1615,1797 1659,1800 1704,1800 1749,1800 1794,1800 1839,1797 1883,1800 1928,1800 1973,1800 2018,1803 2063,1803 2107,1803 2152,1803 2197,1803 2242,1803 2286,1803 2325,1806"/>
                <Word id="r_23_tl_11_w1" custom="readingOrder {index:0;}">
                    <Coords points="1334,1762 1334,1822 1384,1822 1384,1762"/>
                    <TextEquiv>
                        <Unicode>ren</Unicode>
                    </TextEquiv>
                </Word>
                <Word id="r_23_tl_11_w2" custom="readingOrder {index:1;}">
                    <Coords points="1413,1760 1413,1820 1474,1820 1474,1760"/>
                    <TextEquiv>
                        <Unicode>21.</Unicode>
                    </TextEquiv>
                </Word>
                <Word id="r_23_tl_11_w3" custom="readingOrder {index:2;}">
                    <Coords points="1498,1760 1498,1820 1559,1820 1559,1760"/>
                    <TextEquiv>
                        <Unicode>52.</Unicode>
                    </TextEquiv>
                </Word>
                <Word id="r_23_tl_11_w4" custom="readingOrder {index:3;}">
                    <Coords points="1582,1757 1582,1817 1644,1817 1644,1757"/>
                    <TextEquiv>
                        <Unicode>77.</Unicode>
                    </TextEquiv>
                </Word>
                <Word id="r_23_tl_11_w5" custom="readingOrder {index:4;}">
                    <Coords points="1667,1760 1667,1820 1729,1820 1729,1760"/>
                    <TextEquiv>
                        <Unicode>90.</Unicode>
                    </TextEquiv>
                </Word>
                <Word id="r_23_tl_11_w6" custom="readingOrder {index:5;}">
                    <Coords points="1752,1760 1752,1820 1768,1820 1768,1760"/>
                    <TextEquiv>
                        <Unicode>9</Unicode>
                    </TextEquiv>
                </Word>
                <Word id="r_23_tl_11_w7" custom="readingOrder {index:6;}">
                    <Coords points="1837,1760 1837,1820 1949,1820 1949,1760"/>
                    <TextEquiv>
                        <Unicode>Durch</Unicode>
                    </TextEquiv>
                </Word>
                <Word id="r_23_tl_11_w8" custom="readingOrder {index:7;}">
                    <Coords points="1972,1761 1972,1821 2023,1821 2023,1761"/>
                    <TextEquiv>
                        <Unicode>den</Unicode>
                    </TextEquiv>
                </Word>
                <Word id="r_23_tl_11_w9" custom="readingOrder {index:8;}">
                    <Coords points="2063,1763 2063,1823 2192,1823 2192,1763"/>
                    <TextEquiv>
                        <Unicode>Ausfall</Unicode>
                    </TextEquiv>
                </Word>
                <Word id="r_23_tl_11_w10" custom="readingOrder {index:9;}">
                    <Coords points="2221,1763 2221,1823 2311,1823 2311,1763"/>
                    <TextEquiv>
                        <Unicode>dieser</Unicode>
                    </TextEquiv>
                </Word>
                <TextEquiv>
                    <Unicode>ren 21. 52. 77. 90. 9 Durch den Ausfall dieser</Unicode>
                </TextEquiv>
            </TextLine>
            <TextLine id="r_23_tl_12" custom="readingOrder {index:11;}">
                <Coords points="1333,1868 2319,1866 2319,1818 2214,1808 1333,1811"/>
                <Baseline points="1346,1857 1391,1851 1436,1851 1480,1851 1525,1854 1570,1854 1615,1851 1659,1851 1704,1851 1749,1851 1794,1851 1839,1851 1883,1851 1928,1851 1973,1851 2018,1854 2063,1851 2107,1854 2152,1854 2197,1854 2242,1854 2286,1854 2325,1857"/>
                <Word id="r_23_tl_12_w1" custom="readingOrder {index:0;}">
                    <Coords points="1339,1811 1339,1871 1480,1871 1480,1811"/>
                    <TextEquiv>
                        <Unicode>Ziehung</Unicode>
                    </TextEquiv>
                </Word>
                <Word id="r_23_tl_12_w2" custom="readingOrder {index:1;}">
                    <Coords points="1509,1814 1509,1874 1559,1874 1559,1814"/>
                    <TextEquiv>
                        <Unicode>hat</Unicode>
                    </TextEquiv>
                </Word>
                <Word id="r_23_tl_12_w3" custom="readingOrder {index:2;}">
                    <Coords points="1582,1811 1582,1871 1632,1871 1632,1811"/>
                    <TextEquiv>
                        <Unicode>die</Unicode>
                    </TextEquiv>
                </Word>
                <Word id="r_23_tl_12_w4" custom="readingOrder {index:3;}">
                    <Coords points="1655,1811 1655,1871 1791,1871 1791,1811"/>
                    <TextEquiv>
                        <Unicode>Königl.</Unicode>
                    </TextEquiv>
                </Word>
                <Word id="r_23_tl_12_w5" custom="readingOrder {index:4;}">
                    <Coords points="1814,1811 1814,1871 1960,1871 1960,1811"/>
                    <TextEquiv>
                        <Unicode>Lotterie,</Unicode>
                    </TextEquiv>
                </Word>
                <Word id="r_23_tl_12_w6" custom="readingOrder {index:5;}">
                    <Coords points="1983,1812 1983,1872 2085,1872 2085,1812"/>
                    <TextEquiv>
                        <Unicode>wegen</Unicode>
                    </TextEquiv>
                </Word>
                <Word id="r_23_tl_12_w7" custom="readingOrder {index:6;}">
                    <Coords points="2113,1814 2113,1874 2164,1874 2164,1814"/>
                    <TextEquiv>
                        <Unicode>der</Unicode>
                    </TextEquiv>
                </Word>
                <Word id="r_23_tl_12_w8" custom="readingOrder {index:7;}">
                    <Coords points="2181,1814 2181,1874 2316,1874 2316,1814"/>
                    <TextEquiv>
                        <Unicode>heraus¬</Unicode>
                    </TextEquiv>
                </Word>
                <TextEquiv>
                    <Unicode>Ziehung hat die Königl. Lotterie, wegen der heraus¬</Unicode>
                </TextEquiv>
            </TextLine>
            <TextLine id="r_23_tl_13" custom="readingOrder {index:12;}">
                <Coords points="1326,1911 2324,1918 2324,1866 1326,1861"/>
                <Baseline points="1340,1904 1385,1901 1430,1901 1474,1901 1519,1901 1564,1901 1609,1901 1653,1901 1698,1901 1743,1901 1788,1901 1833,1901 1877,1901 1922,1901 1967,1901 2012,1901 2057,1901 2101,1901 2146,1904 2191,1904 2236,1904 2280,1907 2325,1907 2328,1907"/>
                <Word id="r_23_tl_13_w1" custom="readingOrder {index:0;}">
                    <Coords points="1331,1861 1331,1921 1536,1921 1536,1861"/>
                    <TextEquiv>
                        <Unicode>gekommnen</Unicode>
                    </TextEquiv>
                </Word>
                <Word id="r_23_tl_13_w2" custom="readingOrder {index:1;}">
                    <Coords points="1569,1861 1569,1921 1684,1921 1684,1861"/>
                    <TextEquiv>
                        <Unicode>Ternen</Unicode>
                    </TextEquiv>
                </Word>
                <Word id="r_23_tl_13_w3" custom="readingOrder {index:2;}">
                    <Coords points="1716,1861 1716,1921 1773,1921 1773,1861"/>
                    <TextEquiv>
                        <Unicode>und</Unicode>
                    </TextEquiv>
                </Word>
                <Word id="r_23_tl_13_w4" custom="readingOrder {index:3;}">
                    <Coords points="1795,1861 1795,1921 1905,1921 1905,1861"/>
                    <TextEquiv>
                        <Unicode>großen</Unicode>
                    </TextEquiv>
                </Word>
                <Word id="r_23_tl_13_w5" custom="readingOrder {index:4;}">
                    <Coords points="1943,1861 1943,1921 2074,1921 2074,1861"/>
                    <TextEquiv>
                        <Unicode>Anzahl</Unicode>
                    </TextEquiv>
                </Word>
                <Word id="r_23_tl_13_w6" custom="readingOrder {index:5;}">
                    <Coords points="2090,1862 2090,1922 2148,1922 2148,1862"/>
                    <TextEquiv>
                        <Unicode>von</Unicode>
                    </TextEquiv>
                </Word>
                <Word id="r_23_tl_13_w7" custom="readingOrder {index:6;}">
                    <Coords points="2175,1864 2175,1924 2316,1924 2316,1864"/>
                    <TextEquiv>
                        <Unicode>Amben¬</Unicode>
                    </TextEquiv>
                </Word>
                <TextEquiv>
                    <Unicode>gekommnen Ternen und großen Anzahl von Amben¬</Unicode>
                </TextEquiv>
            </TextLine>
            <TextLine id="r_23_tl_14" custom="readingOrder {index:13;}">
                <Coords points="1323,1966 1616,1958 1648,1981 1728,1958 1838,1983 2036,1956 2074,1981 2154,1958 2154,1918 2094,1908 1323,1908"/>
                <Baseline points="1337,1949 1355,1949 1400,1949 1444,1952 1489,1952 1534,1952 1579,1952 1624,1949 1668,1949 1713,1949 1758,1949 1803,1952 1848,1949 1892,1949 1937,1952 1982,1949 2027,1949 2071,1949 2116,1949 2161,1946"/>
                <Word id="r_23_tl_14_w1" custom="readingOrder {index:0;}">
                    <Coords points="1334,1909 1334,1969 1442,1969 1442,1909"/>
                    <TextEquiv>
                        <Unicode>Loosen</Unicode>
                    </TextEquiv>
                </Word>
                <Word id="r_23_tl_14_w2" custom="readingOrder {index:1;}">
                    <Coords points="1470,1912 1470,1972 1557,1972 1557,1912"/>
                    <TextEquiv>
                        <Unicode>einen</Unicode>
                    </TextEquiv>
                </Word>
                <Word id="r_23_tl_14_w3" custom="readingOrder {index:2;}">
                    <Coords points="1585,1909 1585,1969 1819,1969 1819,1909"/>
                    <TextEquiv>
                        <Unicode>beträchtlichen</Unicode>
                    </TextEquiv>
                </Word>
                <Word id="r_23_tl_14_w4" custom="readingOrder {index:3;}">
                    <Coords points="1847,1910 1847,1970 1977,1970 1977,1910"/>
                    <TextEquiv>
                        <Unicode>Verlust</Unicode>
                    </TextEquiv>
                </Word>
                <Word id="r_23_tl_14_w5" custom="readingOrder {index:4;}">
                    <Coords points="1994,1909 1994,1969 2135,1969 2135,1909"/>
                    <TextEquiv>
                        <Unicode>erlitten.</Unicode>
                    </TextEquiv>
                </Word>
                <TextEquiv>
                    <Unicode>Loosen einen beträchtlichen Verlust erlitten.</Unicode>
                </TextEquiv>
            </TextLine>
            <TextLine id="r_23_tl_15" custom="readingOrder {index:14;}">
                <Coords points="1378,2076 2319,2066 2299,2004 1378,2016"/>
                <Baseline points="1391,2063 1430,2060 1474,2060 1519,2057 1564,2060 1609,2060 1653,2060 1698,2060 1743,2060 1788,2060 1833,2060 1877,2060 1922,2060 1967,2060 2012,2060 2057,2057 2101,2057 2146,2057 2191,2057 2236,2057 2280,2057 2325,2060"/>
                <Word id="r_23_tl_15_w1" custom="readingOrder {index:0;}">
                    <Coords points="1385,2020 1385,2080 1455,2080 1455,2020"/>
                    <TextEquiv>
                        <Unicode>Bey</Unicode>
                    </TextEquiv>
                </Word>
                <Word id="r_23_tl_15_w2" custom="readingOrder {index:1;}">
                    <Coords points="1491,2017 1491,2077 1539,2077 1539,2017"/>
                    <TextEquiv>
                        <Unicode>dem</Unicode>
                    </TextEquiv>
                </Word>
                <Word id="r_23_tl_15_w3" custom="readingOrder {index:2;}">
                    <Coords points="1587,2020 1587,2080 1740,2080 1740,2020"/>
                    <TextEquiv>
                        <Unicode>Verleger</Unicode>
                    </TextEquiv>
                </Word>
                <Word id="r_23_tl_15_w4" custom="readingOrder {index:3;}">
                    <Coords points="1776,2020 1776,2080 1870,2080 1870,2020"/>
                    <TextEquiv>
                        <Unicode>dieser</Unicode>
                    </TextEquiv>
                </Word>
                <Word id="r_23_tl_15_w5" custom="readingOrder {index:4;}">
                    <Coords points="1901,2020 1901,2080 2031,2080 2031,2020"/>
                    <TextEquiv>
                        <Unicode>Zeitung</Unicode>
                    </TextEquiv>
                </Word>
                <Word id="r_23_tl_15_w6" custom="readingOrder {index:5;}">
                    <Coords points="2067,2017 2067,2077 2108,2077 2108,2017"/>
                    <TextEquiv>
                        <Unicode>ist</Unicode>
                    </TextEquiv>
                </Word>
                <Word id="r_23_tl_15_w7" custom="readingOrder {index:6;}">
                    <Coords points="2132,2017 2132,2077 2161,2077 2161,2017"/>
                    <TextEquiv>
                        <Unicode>zu</Unicode>
                    </TextEquiv>
                </Word>
                <Word id="r_23_tl_15_w8" custom="readingOrder {index:7;}">
                    <Coords points="2192,2017 2192,2077 2321,2077 2321,2017"/>
                    <TextEquiv>
                        <Unicode>haben:</Unicode>
                    </TextEquiv>
                </Word>
                <TextEquiv>
                    <Unicode>Bey dem Verleger dieser Zeitung ist zu haben:</Unicode>
                </TextEquiv>
            </TextLine>
            <TextLine id="r_23_tl_16" custom="readingOrder {index:15;}">
                <Coords points="1323,2119 2321,2124 2321,2066 1456,2081 1323,2046"/>
                <Baseline points="1337,2107 1343,2107 1388,2107 1433,2107 1477,2110 1522,2107 1567,2104 1612,2107 1656,2107 1701,2107 1746,2107 1791,2110 1836,2107 1880,2107 1925,2107 1970,2110 2015,2107 2060,2107 2104,2107 2149,2107 2194,2104 2239,2104 2283,2107 2328,2104"/>
                <Word id="r_23_tl_16_w1" custom="readingOrder {index:0;}">
                    <Coords points="1329,2069 1329,2129 1608,2129 1608,2069"/>
                    <TextEquiv>
                        <Unicode>Hamburgisches</Unicode>
                    </TextEquiv>
                </Word>
                <Word id="r_23_tl_16_w2" custom="readingOrder {index:1;}">
                    <Coords points="1637,2067 1637,2127 1818,2127 1818,2067"/>
                    <TextEquiv>
                        <Unicode>Journal,</Unicode>
                    </TextEquiv>
                </Word>
                <Word id="r_23_tl_16_w3" custom="readingOrder {index:2;}">
                    <Coords points="1847,2067 1847,2127 1977,2127 1977,2067"/>
                    <TextEquiv>
                        <Unicode>Monat</Unicode>
                    </TextEquiv>
                </Word>
                <Word id="r_23_tl_16_w4" custom="readingOrder {index:3;}">
                    <Coords points="2006,2067 2006,2127 2108,2127 2108,2067"/>
                    <TextEquiv>
                        <Unicode>März</Unicode>
                    </TextEquiv>
                </Word>
                <Word id="r_23_tl_16_w5" custom="readingOrder {index:4;}">
                    <Coords points="2142,2065 2142,2125 2216,2125 2216,2065"/>
                    <TextEquiv>
                        <Unicode>oder</Unicode>
                    </TextEquiv>
                </Word>
                <Word id="r_23_tl_16_w6" custom="readingOrder {index:5;}">
                    <Coords points="2245,2066 2245,2126 2312,2126 2312,2066"/>
                    <TextEquiv>
                        <Unicode>3tes</Unicode>
                    </TextEquiv>
                </Word>
                <TextEquiv>
                    <Unicode>Hamburgisches Journal, Monat März oder 3tes</Unicode>
                </TextEquiv>
            </TextLine>
            <TextLine id="r_23_tl_17" custom="readingOrder {index:16;}">
                <Coords points="1323,2169 2321,2174 2321,2124 2164,2111 1323,2119"/>
                <Baseline points="1337,2155 1382,2155 1427,2158 1471,2158 1516,2158 1561,2155 1606,2155 1650,2152 1695,2152 1740,2152 1785,2155 1830,2155 1874,2155 1919,2155 1964,2152 2009,2155 2054,2155 2098,2155 2143,2155 2188,2155 2233,2155 2277,2155 2322,2161 2325,2161"/>
                <Word id="r_23_tl_17_w1" custom="readingOrder {index:0;}">
                    <Coords points="1334,2116 1334,2176 1463,2176 1463,2116"/>
                    <TextEquiv>
                        <Unicode>Stück,</Unicode>
                    </TextEquiv>
                </Word>
                <Word id="r_23_tl_17_w2" custom="readingOrder {index:1;}">
                    <Coords points="1480,2118 1480,2178 1523,2178 1523,2118"/>
                    <TextEquiv>
                        <Unicode>8,</Unicode>
                    </TextEquiv>
                </Word>
                <Word id="r_23_tl_17_w3" custom="readingOrder {index:2;}">
                    <Coords points="1545,2114 1545,2174 1674,2174 1674,2114"/>
                    <TextEquiv>
                        <Unicode>Hamb.</Unicode>
                    </TextEquiv>
                </Word>
                <Word id="r_23_tl_17_w4" custom="readingOrder {index:3;}">
                    <Coords points="1691,2112 1691,2172 1777,2172 1777,2112"/>
                    <TextEquiv>
                        <Unicode>764,</Unicode>
                    </TextEquiv>
                </Word>
                <Word id="r_23_tl_17_w5" custom="readingOrder {index:4;}">
                    <Coords points="1800,2115 1800,2175 1837,2175 1837,2115"/>
                    <TextEquiv>
                        <Unicode>24</Unicode>
                    </TextEquiv>
                </Word>
                <Word id="r_23_tl_17_w6" custom="readingOrder {index:5;}">
                    <Coords points="1875,2115 1875,2175 1929,2175 1929,2115"/>
                    <TextEquiv>
                        <Unicode>gr.</Unicode>
                    </TextEquiv>
                </Word>
                <Word id="r_23_tl_17_w7" custom="readingOrder {index:6;}">
                    <Coords points="1973,2115 1973,2175 2308,2175 2308,2115"/>
                    <TextEquiv>
                        <Unicode>Staatsverwaltung</Unicode>
                    </TextEquiv>
                </Word>
                <TextEquiv>
                    <Unicode>Stück, 8, Hamb. 764, 24 gr. Staatsverwaltung</Unicode>
                </TextEquiv>
            </TextLine>
            <TextLine id="r_23_tl_18" custom="readingOrder {index:17;}">
                <Coords points="1326,2221 2319,2211 2281,2164 1326,2169"/>
                <Baseline points="1340,2206 1385,2203 1430,2206 1474,2203 1519,2203 1564,2200 1609,2200 1653,2200 1698,2197 1743,2197 1788,2197 1833,2197 1877,2197 1922,2197 1967,2200 2012,2200 2057,2203 2101,2203 2146,2203 2191,2203 2236,2206 2280,2203 2325,2206"/>
                <Word id="r_23_tl_18_w1" custom="readingOrder {index:0;}">
                    <Coords points="1332,2164 1332,2224 1385,2224 1385,2164"/>
                    <TextEquiv>
                        <Unicode>des</Unicode>
                    </TextEquiv>
                </Word>
                <Word id="r_23_tl_18_w2" custom="readingOrder {index:1;}">
                    <Coords points="1413,2163 1413,2223 1515,2223 1515,2163"/>
                    <TextEquiv>
                        <Unicode>Herrn</Unicode>
                    </TextEquiv>
                </Word>
                <Word id="r_23_tl_18_w3" custom="readingOrder {index:2;}">
                    <Coords points="1543,2160 1543,2220 1705,2220 1705,2160"/>
                    <TextEquiv>
                        <Unicode>Johann,</Unicode>
                    </TextEquiv>
                </Word>
                <Word id="r_23_tl_18_w4" custom="readingOrder {index:3;}">
                    <Coords points="1722,2157 1722,2217 1840,2217 1840,2157"/>
                    <TextEquiv>
                        <Unicode>Grafen</Unicode>
                    </TextEquiv>
                </Word>
                <Word id="r_23_tl_18_w5" custom="readingOrder {index:4;}">
                    <Coords points="1873,2157 1873,2217 1926,2217 1926,2157"/>
                    <TextEquiv>
                        <Unicode>von</Unicode>
                    </TextEquiv>
                </Word>
                <Word id="r_23_tl_18_w6" custom="readingOrder {index:5;}">
                    <Coords points="1954,2160 1954,2220 2046,2220 2046,2160"/>
                    <TextEquiv>
                        <Unicode>Bute</Unicode>
                    </TextEquiv>
                </Word>
                <Word id="r_23_tl_18_w7" custom="readingOrder {index:6;}">
                    <Coords points="2068,2163 2068,2223 2095,2223 2095,2163"/>
                    <TextEquiv>
                        <Unicode>in</Unicode>
                    </TextEquiv>
                </Word>
                <Word id="r_23_tl_18_w8" custom="readingOrder {index:7;}">
                    <Coords points="2128,2163 2128,2223 2187,2223 2187,2163"/>
                    <TextEquiv>
                        <Unicode>und</Unicode>
                    </TextEquiv>
                </Word>
                <Word id="r_23_tl_18_w9" custom="readingOrder {index:8;}">
                    <Coords points="2214,2164 2214,2224 2311,2224 2311,2164"/>
                    <TextEquiv>
                        <Unicode>außer</Unicode>
                    </TextEquiv>
                </Word>
                <TextEquiv>
                    <Unicode>des Herrn Johann, Grafen von Bute in und außer</Unicode>
                </TextEquiv>
            </TextLine>
            <TextLine id="r_23_tl_19" custom="readingOrder {index:18;}">
                <Coords points="1328,2264 2329,2269 2301,2209 1328,2219"/>
                <Baseline points="1343,2248 1388,2245 1433,2251 1477,2251 1522,2251 1567,2248 1612,2248 1656,2245 1701,2242 1746,2245 1791,2245 1836,2245 1880,2245 1925,2245 1970,2245 2015,2248 2060,2248 2104,2248 2149,2248 2194,2251 2239,2251 2283,2254 2328,2254 2334,2254"/>
                <Word id="r_23_tl_19_w1" custom="readingOrder {index:0;}">
                    <Coords points="1334,2211 1334,2271 1609,2271 1609,2211"/>
                    <TextEquiv>
                        <Unicode>Großbrittanien</Unicode>
                    </TextEquiv>
                </Word>
                <Word id="r_23_tl_19_w2" custom="readingOrder {index:1;}">
                    <Coords points="1638,2202 1638,2262 1786,2262 1786,2202"/>
                    <TextEquiv>
                        <Unicode>während</Unicode>
                    </TextEquiv>
                </Word>
                <Word id="r_23_tl_19_w3" custom="readingOrder {index:2;}">
                    <Coords points="1814,2205 1814,2265 1907,2265 1907,2205"/>
                    <TextEquiv>
                        <Unicode>seinem</Unicode>
                    </TextEquiv>
                </Word>
                <Word id="r_23_tl_19_w4" custom="readingOrder {index:3;}">
                    <Coords points="1941,2208 1941,2268 2266,2268 2266,2208"/>
                    <TextEquiv>
                        <Unicode>Staatssecretariat,</Unicode>
                    </TextEquiv>
                </Word>
                <Word id="r_23_tl_19_w5" custom="readingOrder {index:4;}">
                    <Coords points="2283,2214 2283,2274 2327,2274 2327,2214"/>
                    <TextEquiv>
                        <Unicode>8,.</Unicode>
                    </TextEquiv>
                </Word>
                <TextEquiv>
                    <Unicode>Großbrittanien während seinem Staatssecretariat, 8,.</Unicode>
                </TextEquiv>
            </TextLine>
            <TextLine id="r_23_tl_20" custom="readingOrder {index:19;}">
                <Coords points="1328,2309 2319,2316 2319,2266 2271,2256 1328,2264"/>
                <Baseline points="1343,2298 1388,2298 1433,2301 1477,2298 1522,2298 1567,2295 1612,2292 1656,2295 1701,2292 1746,2289 1791,2292 1836,2292 1880,2292 1925,2292 1970,2289 2015,2292 2060,2292 2104,2292 2149,2292 2194,2295 2239,2295 2283,2295 2325,2298"/>
                <Word id="r_23_tl_20_w1" custom="readingOrder {index:0;}">
                    <Coords points="1335,2258 1335,2318 1436,2318 1436,2258"/>
                    <TextEquiv>
                        <Unicode>Berl.</Unicode>
                    </TextEquiv>
                </Word>
                <Word id="r_23_tl_20_w2" custom="readingOrder {index:1;}">
                    <Coords points="1454,2258 1454,2318 1538,2318 1538,2258"/>
                    <TextEquiv>
                        <Unicode>764,</Unicode>
                    </TextEquiv>
                </Word>
                <Word id="r_23_tl_20_w3" custom="readingOrder {index:2;}">
                    <Coords points="1556,2255 1556,2315 1567,2315 1567,2255"/>
                    <TextEquiv>
                        <Unicode>2</Unicode>
                    </TextEquiv>
                </Word>
                <Word id="r_23_tl_20_w4" custom="readingOrder {index:3;}">
                    <Coords points="1596,2252 1596,2312 1635,2312 1635,2252"/>
                    <TextEquiv>
                        <Unicode>fl.</Unicode>
                    </TextEquiv>
                </Word>
                <Word id="r_23_tl_20_w5" custom="readingOrder {index:4;}">
                    <Coords points="1681,2249 1681,2309 1817,2309 1817,2249"/>
                    <TextEquiv>
                        <Unicode>Anhang</Unicode>
                    </TextEquiv>
                </Word>
                <Word id="r_23_tl_20_w6" custom="readingOrder {index:5;}">
                    <Coords points="1846,2252 1846,2312 1873,2312 1873,2252"/>
                    <TextEquiv>
                        <Unicode>zu</Unicode>
                    </TextEquiv>
                </Word>
                <Word id="r_23_tl_20_w7" custom="readingOrder {index:6;}">
                    <Coords points="1903,2251 1903,2311 1953,2311 1953,2251"/>
                    <TextEquiv>
                        <Unicode>der</Unicode>
                    </TextEquiv>
                </Word>
                <Word id="r_23_tl_20_w8" custom="readingOrder {index:7;}">
                    <Coords points="1976,2252 1976,2312 2311,2312 2311,2252"/>
                    <TextEquiv>
                        <Unicode>Staatsverwaltung</Unicode>
                    </TextEquiv>
                </Word>
                <TextEquiv>
                    <Unicode>Berl. 764, 2 fl. Anhang zu der Staatsverwaltung</Unicode>
                </TextEquiv>
            </TextLine>
            <TextLine id="r_23_tl_21" custom="readingOrder {index:20;}">
                <Coords points="1323,2351 2329,2361 2329,2314 2114,2296 1323,2316"/>
                <Baseline points="1337,2346 1349,2346 1394,2346 1439,2349 1483,2346 1528,2343 1573,2340 1618,2340 1662,2340 1707,2340 1752,2340 1797,2340 1842,2343 1886,2340 1931,2340 1976,2340 2021,2340 2065,2340 2110,2337 2155,2340 2200,2340 2245,2340 2289,2340 2334,2340"/>
                <Word id="r_23_tl_21_w1" custom="readingOrder {index:0;}">
                    <Coords points="1335,2306 1335,2366 1385,2366 1385,2306"/>
                    <TextEquiv>
                        <Unicode>des</Unicode>
                    </TextEquiv>
                </Word>
                <Word id="r_23_tl_21_w2" custom="readingOrder {index:1;}">
                    <Coords points="1414,2307 1414,2367 1504,2367 1504,2307"/>
                    <TextEquiv>
                        <Unicode>Hrn.</Unicode>
                    </TextEquiv>
                </Word>
                <Word id="r_23_tl_21_w3" custom="readingOrder {index:2;}">
                    <Coords points="1533,2300 1533,2360 1663,2360 1663,2300"/>
                    <TextEquiv>
                        <Unicode>William</Unicode>
                    </TextEquiv>
                </Word>
                <Word id="r_23_tl_21_w4" custom="readingOrder {index:3;}">
                    <Coords points="1715,2300 1715,2360 1810,2360 1810,2300"/>
                    <TextEquiv>
                        <Unicode>Pitt,</Unicode>
                    </TextEquiv>
                </Word>
                <Word id="r_23_tl_21_w5" custom="readingOrder {index:4;}">
                    <Coords points="1828,2303 1828,2363 1856,2363 1856,2303"/>
                    <TextEquiv>
                        <Unicode>in</Unicode>
                    </TextEquiv>
                </Word>
                <Word id="r_23_tl_21_w6" custom="readingOrder {index:5;}">
                    <Coords points="1890,2300 1890,2360 1952,2360 1952,2300"/>
                    <TextEquiv>
                        <Unicode>und</Unicode>
                    </TextEquiv>
                </Word>
                <Word id="r_23_tl_21_w7" custom="readingOrder {index:6;}">
                    <Coords points="1981,2300 1981,2360 2077,2360 2077,2300"/>
                    <TextEquiv>
                        <Unicode>außer</Unicode>
                    </TextEquiv>
                </Word>
                <Word id="r_23_tl_21_w8" custom="readingOrder {index:7;}">
                    <Coords points="2106,2300 2106,2360 2320,2360 2320,2300"/>
                    <TextEquiv>
                        <Unicode>Großbritta¬</Unicode>
                    </TextEquiv>
                </Word>
                <TextEquiv>
                    <Unicode>des Hrn. William Pitt, in und außer Großbritta¬</Unicode>
                </TextEquiv>
            </TextLine>
            <TextLine id="r_23_tl_22" custom="readingOrder {index:21;}">
                <Coords points="315,2406 2321,2401 2279,2349 315,2356"/>
                <Baseline points="328,2391 331,2391 376,2391 420,2391 465,2388 510,2385 555,2382 600,2382 644,2382 689,2382 734,2382 779,2382 824,2382 868,2385 913,2388 958,2388 1003,2391 1047,2391 1092,2391 1137,2388 1182,2388 1227,2388 1271,2388 1316,2388 1337,2394 1382,2397 1427,2394 1471,2394 1516,2394 1561,2385 1606,2388 1650,2388 1695,2388 1740,2388 1785,2391 1830,2388 1874,2388 1919,2385 1964,2388 2009,2385 2054,2385 2098,2385 2143,2385 2188,2388 2233,2388 2277,2388 2322,2391 2328,2394"/>
                <Word id="r_23_tl_22_w1" custom="readingOrder {index:0;}">
                    <Coords points="321,2351 321,2411 508,2411 508,2351"/>
                    <TextEquiv>
                        <Unicode>Einnahme</Unicode>
                    </TextEquiv>
                </Word>
                <Word id="r_23_tl_22_w2" custom="readingOrder {index:1;}">
                    <Coords points="531,2342 531,2402 558,2402 558,2342"/>
                    <TextEquiv>
                        <Unicode>in</Unicode>
                    </TextEquiv>
                </Word>
                <Word id="r_23_tl_22_w3" custom="readingOrder {index:2;}">
                    <Coords points="586,2342 586,2402 635,2402 635,2342"/>
                    <TextEquiv>
                        <Unicode>den</Unicode>
                    </TextEquiv>
                </Word>
                <Word id="r_23_tl_22_w4" custom="readingOrder {index:3;}">
                    <Coords points="663,2342 663,2402 806,2402 806,2342"/>
                    <TextEquiv>
                        <Unicode>Königl.</Unicode>
                    </TextEquiv>
                </Word>
                <Word id="r_23_tl_22_w5" custom="readingOrder {index:4;}">
                    <Coords points="823,2346 823,2406 944,2406 944,2346"/>
                    <TextEquiv>
                        <Unicode>Schatz</Unicode>
                    </TextEquiv>
                </Word>
                <Word id="r_23_tl_22_w6" custom="readingOrder {index:5;}">
                    <Coords points="961,2351 961,2411 1093,2411 1093,2351"/>
                    <TextEquiv>
                        <Unicode>kommt.</Unicode>
                    </TextEquiv>
                </Word>
                <Word id="r_23_tl_22_w7" custom="readingOrder {index:6;}">
                    <Coords points="1121,2348 1121,2408 1198,2408 1198,2348"/>
                    <TextEquiv>
                        <Unicode>Das</Unicode>
                    </TextEquiv>
                </Word>
                <Word id="r_23_tl_22_w8" custom="readingOrder {index:7;}">
                    <Coords points="1220,2348 1220,2408 1302,2408 1302,2348"/>
                    <TextEquiv>
                        <Unicode>Par=</Unicode>
                    </TextEquiv>
                </Word>
                <Word id="r_23_tl_22_w9" custom="readingOrder {index:8;}">
                    <Coords points="1331,2356 1331,2416 1435,2416 1435,2356"/>
                    <TextEquiv>
                        <Unicode>nien,</Unicode>
                    </TextEquiv>
                </Word>
                <Word id="r_23_tl_22_w10" custom="readingOrder {index:9;}">
                    <Coords points="1458,2354 1458,2414 1507,2414 1507,2354"/>
                    <TextEquiv>
                        <Unicode>8,</Unicode>
                    </TextEquiv>
                </Word>
                <Word id="r_23_tl_22_w11" custom="readingOrder {index:10;}">
                    <Coords points="1530,2346 1530,2406 1634,2406 1634,2346"/>
                    <TextEquiv>
                        <Unicode>Berl.</Unicode>
                    </TextEquiv>
                </Word>
                <Word id="r_23_tl_22_w12" custom="readingOrder {index:11;}">
                    <Coords points="1651,2348 1651,2408 1744,2408 1744,2348"/>
                    <TextEquiv>
                        <Unicode>764,</Unicode>
                    </TextEquiv>
                </Word>
                <Word id="r_23_tl_22_w13" custom="readingOrder {index:12;}">
                    <Coords points="1767,2350 1767,2410 1811,2410 1811,2350"/>
                    <TextEquiv>
                        <Unicode>21</Unicode>
                    </TextEquiv>
                </Word>
                <Word id="r_23_tl_22_w14" custom="readingOrder {index:13;}">
                    <Coords points="1839,2348 1839,2408 1893,2408 1893,2348"/>
                    <TextEquiv>
                        <Unicode>gr.</Unicode>
                    </TextEquiv>
                </Word>
                <Word id="r_23_tl_22_w15" custom="readingOrder {index:14;}">
                    <Coords points="1938,2345 1938,2405 2197,2405 2197,2345"/>
                    <TextEquiv>
                        <Unicode>Unterredungen</Unicode>
                    </TextEquiv>
                </Word>
                <Word id="r_23_tl_22_w16" custom="readingOrder {index:15;}">
                    <Coords points="2236,2348 2236,2408 2313,2408 2313,2348"/>
                    <TextEquiv>
                        <Unicode>über</Unicode>
                    </TextEquiv>
                </Word>
                <TextEquiv>
                    <Unicode>Einnahme in den Königl. Schatz kommt. Das Par= nien, 8, Berl. 764, 21 gr. Unterredungen über</Unicode>
                </TextEquiv>
            </TextLine>
            <TextLine id="r_23_tl_23" custom="readingOrder {index:22;}">
                <Coords points="1323,2449 2316,2449 2316,2409 2226,2391 1323,2409"/>
                <Baseline points="1337,2442 1382,2442 1427,2442 1471,2439 1516,2439 1561,2436 1606,2436 1650,2433 1695,2436 1740,2436 1785,2436 1830,2436 1874,2436 1919,2433 1964,2436 2009,2433 2054,2433 2098,2433 2143,2433 2188,2436 2233,2439 2277,2439 2322,2442"/>
                <Word id="r_23_tl_23_w1" custom="readingOrder {index:0;}">
                    <Coords points="1329,2402 1329,2462 1385,2462 1385,2402"/>
                    <TextEquiv>
                        <Unicode>die</Unicode>
                    </TextEquiv>
                </Word>
                <Word id="r_23_tl_23_w2" custom="readingOrder {index:1;}">
                    <Coords points="1409,2399 1409,2459 1572,2459 1572,2399"/>
                    <TextEquiv>
                        <Unicode>geheimen</Unicode>
                    </TextEquiv>
                </Word>
                <Word id="r_23_tl_23_w3" custom="readingOrder {index:2;}">
                    <Coords points="1601,2396 1601,2456 1889,2456 1889,2396"/>
                    <TextEquiv>
                        <Unicode>Wissenschaften,</Unicode>
                    </TextEquiv>
                </Word>
                <Word id="r_23_tl_23_w4" custom="readingOrder {index:3;}">
                    <Coords points="1918,2395 1918,2455 1985,2455 1985,2395"/>
                    <TextEquiv>
                        <Unicode>eine</Unicode>
                    </TextEquiv>
                </Word>
                <Word id="r_23_tl_23_w5" custom="readingOrder {index:4;}">
                    <Coords points="2008,2393 2008,2453 2166,2453 2166,2393"/>
                    <TextEquiv>
                        <Unicode>Schrift,</Unicode>
                    </TextEquiv>
                </Word>
                <Word id="r_23_tl_23_w6" custom="readingOrder {index:5;}">
                    <Coords points="2189,2397 2189,2457 2234,2457 2234,2397"/>
                    <TextEquiv>
                        <Unicode>die</Unicode>
                    </TextEquiv>
                </Word>
                <Word id="r_23_tl_23_w7" custom="readingOrder {index:6;}">
                    <Coords points="2257,2399 2257,2459 2307,2459 2307,2399"/>
                    <TextEquiv>
                        <Unicode>den</Unicode>
                    </TextEquiv>
                </Word>
                <TextEquiv>
                    <Unicode>die geheimen Wissenschaften, eine Schrift, die den</Unicode>
                </TextEquiv>
            </TextLine>
            <TextLine id="r_23_tl_24" custom="readingOrder {index:23;}">
                <Coords points="1336,2496 2321,2526 2299,2444 1336,2454"/>
                <Baseline points="1349,2483 1394,2489 1439,2489 1483,2486 1528,2486 1573,2483 1618,2483 1662,2483 1707,2483 1752,2486 1797,2486 1842,2486 1886,2483 1931,2483 1976,2483 2021,2483 2065,2486 2110,2483 2155,2486 2200,2486 2245,2489 2289,2495 2325,2495"/>
                <Word id="r_23_tl_24_w1" custom="readingOrder {index:0;}">
                    <Coords points="1339,2449 1339,2509 1491,2509 1491,2449"/>
                    <TextEquiv>
                        <Unicode>Dichtern</Unicode>
                    </TextEquiv>
                </Word>
                <Word id="r_23_tl_24_w2" custom="readingOrder {index:1;}">
                    <Coords points="1518,2443 1518,2503 1671,2503 1671,2443"/>
                    <TextEquiv>
                        <Unicode>vielleicht</Unicode>
                    </TextEquiv>
                </Word>
                <Word id="r_23_tl_24_w3" custom="readingOrder {index:2;}">
                    <Coords points="1691,2446 1691,2506 1923,2506 1923,2446"/>
                    <TextEquiv>
                        <Unicode>einigermaßen</Unicode>
                    </TextEquiv>
                </Word>
                <Word id="r_23_tl_24_w4" custom="readingOrder {index:3;}">
                    <Coords points="1950,2443 1950,2503 2070,2503 2070,2443"/>
                    <TextEquiv>
                        <Unicode>nützlich</Unicode>
                    </TextEquiv>
                </Word>
                <Word id="r_23_tl_24_w5" custom="readingOrder {index:4;}">
                    <Coords points="2097,2444 2097,2504 2156,2504 2156,2444"/>
                    <TextEquiv>
                        <Unicode>seyn</Unicode>
                    </TextEquiv>
                </Word>
                <Word id="r_23_tl_24_w6" custom="readingOrder {index:5;}">
                    <Coords points="2177,2447 2177,2507 2269,2507 2269,2447"/>
                    <TextEquiv>
                        <Unicode>kann,</Unicode>
                    </TextEquiv>
                </Word>
                <Word id="r_23_tl_24_w7" custom="readingOrder {index:6;}">
                    <Coords points="2283,2455 2283,2515 2322,2515 2322,2455"/>
                    <TextEquiv>
                        <Unicode>8.</Unicode>
                    </TextEquiv>
                </Word>
                <TextEquiv>
                    <Unicode>Dichtern vielleicht einigermaßen nützlich seyn kann, 8.</Unicode>
                </TextEquiv>
            </TextLine>
            <TextLine id="r_23_tl_25" custom="readingOrder {index:24;}">
                <Coords points="1333,2554 1451,2546 1471,2559 1546,2536 1578,2551 1631,2536 1723,2556 1776,2546 1776,2504 1716,2491 1543,2501 1516,2486 1478,2506 1333,2494"/>
                <Baseline points="1346,2537 1379,2537 1424,2540 1468,2537 1513,2537 1558,2534 1603,2534 1648,2534 1692,2534 1737,2534 1782,2534"/>
                <Word id="r_23_tl_25_w1" custom="readingOrder {index:0;}">
                    <Coords points="1341,2497 1341,2557 1439,2557 1439,2497"/>
                    <TextEquiv>
                        <Unicode>Berl.</Unicode>
                    </TextEquiv>
                </Word>
                <Word id="r_23_tl_25_w2" custom="readingOrder {index:1;}">
                    <Coords points="1458,2497 1458,2557 1538,2557 1538,2497"/>
                    <TextEquiv>
                        <Unicode>764,</Unicode>
                    </TextEquiv>
                </Word>
                <Word id="r_23_tl_25_w3" custom="readingOrder {index:2;}">
                    <Coords points="1563,2494 1563,2554 1581,2554 1581,2494"/>
                    <TextEquiv>
                        <Unicode>1</Unicode>
                    </TextEquiv>
                </Word>
                <Word id="r_23_tl_25_w4" custom="readingOrder {index:3;}">
                    <Coords points="1606,2494 1606,2554 1643,2554 1643,2494"/>
                    <TextEquiv>
                        <Unicode>fl.</Unicode>
                    </TextEquiv>
                </Word>
                <Word id="r_23_tl_25_w5" custom="readingOrder {index:4;}">
                    <Coords points="1656,2494 1656,2554 1692,2554 1692,2494"/>
                    <TextEquiv>
                        <Unicode>12</Unicode>
                    </TextEquiv>
                </Word>
                <Word id="r_23_tl_25_w6" custom="readingOrder {index:5;}">
                    <Coords points="1718,2494 1718,2554 1772,2554 1772,2494"/>
                    <TextEquiv>
                        <Unicode>gr.</Unicode>
                    </TextEquiv>
                </Word>
                <TextEquiv>
                    <Unicode>Berl. 764, 1 fl. 12 gr.</Unicode>
                </TextEquiv>
            </TextLine>
            <TextLine id="r_23_tl_26" custom="readingOrder {index:25;}">
                <Coords points="1381,2631 2321,2631 2321,2596 2211,2576 1381,2589"/>
                <Baseline points="1394,2624 1439,2621 1483,2621 1528,2618 1573,2618 1618,2618 1662,2618 1707,2621 1752,2621 1797,2621 1842,2621 1886,2618 1931,2621 1976,2621 2021,2621 2065,2621 2110,2624 2155,2624 2200,2624 2245,2624 2289,2624 2328,2624"/>
                <Word id="r_23_tl_26_w1" custom="readingOrder {index:0;}">
                    <Coords points="1387,2581 1387,2641 1486,2641 1486,2581"/>
                    <TextEquiv>
                        <Unicode>Diese</Unicode>
                    </TextEquiv>
                </Word>
                <Word id="r_23_tl_26_w2" custom="readingOrder {index:1;}">
                    <Coords points="1503,2578 1503,2638 1669,2638 1669,2578"/>
                    <TextEquiv>
                        <Unicode>Zeitungen</Unicode>
                    </TextEquiv>
                </Word>
                <Word id="r_23_tl_26_w3" custom="readingOrder {index:2;}">
                    <Coords points="1692,2581 1692,2641 1808,2641 1808,2581"/>
                    <TextEquiv>
                        <Unicode>werden</Unicode>
                    </TextEquiv>
                </Word>
                <Word id="r_23_tl_26_w4" custom="readingOrder {index:3;}">
                    <Coords points="1836,2580 1836,2640 1997,2640 1997,2580"/>
                    <TextEquiv>
                        <Unicode>Montags</Unicode>
                    </TextEquiv>
                </Word>
                <Word id="r_23_tl_26_w5" custom="readingOrder {index:4;}">
                    <Coords points="2019,2581 2019,2641 2074,2641 2074,2581"/>
                    <TextEquiv>
                        <Unicode>und</Unicode>
                    </TextEquiv>
                </Word>
                <Word id="r_23_tl_26_w6" custom="readingOrder {index:5;}">
                    <Coords points="2097,2584 2097,2644 2246,2644 2246,2584"/>
                    <TextEquiv>
                        <Unicode>Freytags</Unicode>
                    </TextEquiv>
                </Word>
                <Word id="r_23_tl_26_w7" custom="readingOrder {index:6;}">
                    <Coords points="2269,2584 2269,2644 2296,2644 2296,2584"/>
                    <TextEquiv>
                        <Unicode>um</Unicode>
                    </TextEquiv>
                </Word>
                <TextEquiv>
                    <Unicode>Diese Zeitungen werden Montags und Freytags um</Unicode>
                </TextEquiv>
            </TextLine>
            <TextLine id="r_23_tl_27" custom="readingOrder {index:26;}">
                <Coords points="1336,2689 2321,2681 2321,2631 1336,2619"/>
                <Baseline points="1349,2675 1388,2675 1433,2672 1477,2666 1522,2666 1567,2666 1612,2666 1656,2666 1701,2669 1746,2669 1791,2669 1836,2669 1880,2669 1925,2669 1970,2669 2015,2669 2060,2669 2104,2672 2149,2672 2194,2669 2239,2672 2283,2672 2328,2672"/>
                <Word id="r_23_tl_27_w1" custom="readingOrder {index:0;}">
                    <Coords points="1342,2635 1342,2695 1368,2695 1368,2635"/>
                    <TextEquiv>
                        <Unicode>10</Unicode>
                    </TextEquiv>
                </Word>
                <Word id="r_23_tl_27_w2" custom="readingOrder {index:1;}">
                    <Coords points="1396,2632 1396,2692 1455,2692 1455,2632"/>
                    <TextEquiv>
                        <Unicode>Uhr</Unicode>
                    </TextEquiv>
                </Word>
                <Word id="r_23_tl_27_w3" custom="readingOrder {index:2;}">
                    <Coords points="1477,2626 1477,2686 1677,2686 1677,2626"/>
                    <TextEquiv>
                        <Unicode>Vormittags</Unicode>
                    </TextEquiv>
                </Word>
                <Word id="r_23_tl_27_w4" custom="readingOrder {index:3;}">
                    <Coords points="1705,2629 1705,2689 1727,2689 1727,2629"/>
                    <TextEquiv>
                        <Unicode>im</Unicode>
                    </TextEquiv>
                </Word>
                <Word id="r_23_tl_27_w5" custom="readingOrder {index:4;}">
                    <Coords points="1771,2629 1771,2689 1971,2689 1971,2629"/>
                    <TextEquiv>
                        <Unicode>Kanterschen</Unicode>
                    </TextEquiv>
                </Word>
                <Word id="r_23_tl_27_w6" custom="readingOrder {index:5;}">
                    <Coords points="1999,2630 1999,2690 2178,2690 2178,2630"/>
                    <TextEquiv>
                        <Unicode>Buchladen</Unicode>
                    </TextEquiv>
                </Word>
                <Word id="r_23_tl_27_w7" custom="readingOrder {index:6;}">
                    <Coords points="2211,2632 2211,2692 2324,2692 2324,2632"/>
                    <TextEquiv>
                        <Unicode>ausge=</Unicode>
                    </TextEquiv>
                </Word>
                <TextEquiv>
                    <Unicode>10 Uhr Vormittags im Kanterschen Buchladen ausge=</Unicode>
                </TextEquiv>
            </TextLine>
            <TextLine id="r_23_tl_28" custom="readingOrder {index:27;}">
                <Coords points="1333,2736 2324,2726 2324,2679 2254,2676 1333,2691"/>
                <Baseline points="1346,2725 1391,2722 1436,2719 1480,2716 1525,2713 1570,2710 1615,2713 1659,2716 1704,2716 1749,2716 1794,2719 1839,2716 1883,2716 1928,2716 1973,2716 2018,2716 2063,2719 2107,2716 2152,2716 2197,2716 2242,2719 2286,2719 2331,2719"/>
                <Word id="r_23_tl_28_w1" custom="readingOrder {index:0;}">
                    <Coords points="1339,2681 1339,2741 1454,2741 1454,2681"/>
                    <TextEquiv>
                        <Unicode>geben,</Unicode>
                    </TextEquiv>
                </Word>
                <Word id="r_23_tl_28_w2" custom="readingOrder {index:1;}">
                    <Coords points="1467,2674 1467,2734 1549,2734 1549,2674"/>
                    <TextEquiv>
                        <Unicode>allwo</Unicode>
                    </TextEquiv>
                </Word>
                <Word id="r_23_tl_28_w3" custom="readingOrder {index:2;}">
                    <Coords points="1572,2672 1572,2732 1638,2732 1638,2672"/>
                    <TextEquiv>
                        <Unicode>auch</Unicode>
                    </TextEquiv>
                </Word>
                <Word id="r_23_tl_28_w4" custom="readingOrder {index:3;}">
                    <Coords points="1656,2676 1656,2736 1721,2736 1721,2676"/>
                    <TextEquiv>
                        <Unicode>noch</Unicode>
                    </TextEquiv>
                </Word>
                <Word id="r_23_tl_28_w5" custom="readingOrder {index:4;}">
                    <Coords points="1739,2677 1739,2737 1794,2737 1794,2677"/>
                    <TextEquiv>
                        <Unicode>von</Unicode>
                    </TextEquiv>
                </Word>
                <Word id="r_23_tl_28_w6" custom="readingOrder {index:5;}">
                    <Coords points="1817,2676 1817,2736 1860,2736 1860,2676"/>
                    <TextEquiv>
                        <Unicode>den</Unicode>
                    </TextEquiv>
                </Word>
                <Word id="r_23_tl_28_w7" custom="readingOrder {index:6;}">
                    <Coords points="1888,2676 1888,2736 2010,2736 2010,2676"/>
                    <TextEquiv>
                        <Unicode>hiesigen</Unicode>
                    </TextEquiv>
                </Word>
                <Word id="r_23_tl_28_w8" custom="readingOrder {index:7;}">
                    <Coords points="2038,2678 2038,2738 2116,2738 2116,2678"/>
                    <TextEquiv>
                        <Unicode>resp.</Unicode>
                    </TextEquiv>
                </Word>
                <Word id="r_23_tl_28_w9" custom="readingOrder {index:8;}">
                    <Coords points="2128,2677 2128,2737 2316,2737 2316,2677"/>
                    <TextEquiv>
                        <Unicode>Liebhabern</Unicode>
                    </TextEquiv>
                </Word>
                <TextEquiv>
                    <Unicode>geben, allwo auch noch von den hiesigen resp. Liebhabern</Unicode>
                </TextEquiv>
            </TextLine>
            <TextLine id="r_23_tl_29" custom="readingOrder {index:28;}">
                <Coords points="1328,2789 2321,2774 2321,2726 1328,2741"/>
                <Baseline points="1343,2770 1388,2770 1433,2764 1477,2764 1522,2761 1567,2761 1612,2761 1656,2764 1701,2767 1746,2767 1791,2764 1836,2764 1880,2764 1925,2764 1970,2764 2015,2764 2060,2764 2104,2764 2149,2767 2194,2764 2239,2764 2283,2767 2328,2767"/>
                <Word id="r_23_tl_29_w1" custom="readingOrder {index:0;}">
                    <Coords points="1333,2730 1333,2790 1379,2790 1379,2730"/>
                    <TextEquiv>
                        <Unicode>die</Unicode>
                    </TextEquiv>
                </Word>
                <Word id="r_23_tl_29_w2" custom="readingOrder {index:1;}">
                    <Coords points="1406,2721 1406,2781 1680,2781 1680,2721"/>
                    <TextEquiv>
                        <Unicode>Pránumeration</Unicode>
                    </TextEquiv>
                </Word>
                <Word id="r_23_tl_29_w3" custom="readingOrder {index:2;}">
                    <Coords points="1717,2727 1717,2787 1769,2787 1769,2727"/>
                    <TextEquiv>
                        <Unicode>auf</Unicode>
                    </TextEquiv>
                </Word>
                <Word id="r_23_tl_29_w4" custom="readingOrder {index:3;}">
                    <Coords points="1790,2724 1790,2784 1852,2784 1852,2724"/>
                    <TextEquiv>
                        <Unicode>dies</Unicode>
                    </TextEquiv>
                </Word>
                <Word id="r_23_tl_29_w5" custom="readingOrder {index:4;}">
                    <Coords points="1883,2724 1883,2784 1997,2784 1997,2724"/>
                    <TextEquiv>
                        <Unicode>zweyte</Unicode>
                    </TextEquiv>
                </Word>
                <Word id="r_23_tl_29_w6" custom="readingOrder {index:5;}">
                    <Coords points="2019,2724 2019,2784 2164,2784 2164,2724"/>
                    <TextEquiv>
                        <Unicode>Quartal</Unicode>
                    </TextEquiv>
                </Word>
                <Word id="r_23_tl_29_w7" custom="readingOrder {index:6;}">
                    <Coords points="2185,2724 2185,2784 2246,2784 2246,2724"/>
                    <TextEquiv>
                        <Unicode>mit</Unicode>
                    </TextEquiv>
                </Word>
                <Word id="r_23_tl_29_w8" custom="readingOrder {index:7;}">
                    <Coords points="2257,2725 2257,2785 2267,2785 2267,2725"/>
                    <TextEquiv>
                        <Unicode>2</Unicode>
                    </TextEquiv>
                </Word>
                <Word id="r_23_tl_29_w9" custom="readingOrder {index:8;}">
                    <Coords points="2288,2727 2288,2787 2324,2787 2324,2727"/>
                    <TextEquiv>
                        <Unicode>fl.</Unicode>
                    </TextEquiv>
                </Word>
                <TextEquiv>
                    <Unicode>die Pránumeration auf dies zweyte Quartal mit 2 fl.</Unicode>
                </TextEquiv>
            </TextLine>
            <TextLine id="r_23_tl_30" custom="readingOrder {index:29;}">
                <Coords points="1328,2821 2321,2841 2321,2774 2279,2769 1328,2786"/>
                <Baseline points="1343,2818 1388,2818 1433,2815 1477,2812 1522,2809 1567,2809 1612,2809 1656,2812 1701,2812 1746,2815 1791,2815 1836,2812 1880,2812 1925,2812 1970,2812 2015,2812 2060,2812 2104,2812 2149,2812 2194,2812 2239,2812 2283,2812 2328,2818"/>
                <Word id="r_23_tl_30_w1" custom="readingOrder {index:0;}">
                    <Coords points="1333,2773 1333,2833 1570,2833 1570,2773"/>
                    <TextEquiv>
                        <Unicode>angenommen</Unicode>
                    </TextEquiv>
                </Word>
                <Word id="r_23_tl_30_w2" custom="readingOrder {index:1;}">
                    <Coords points="1612,2772 1612,2832 1714,2832 1714,2772"/>
                    <TextEquiv>
                        <Unicode>wird,</Unicode>
                    </TextEquiv>
                </Word>
                <Word id="r_23_tl_30_w3" custom="readingOrder {index:2;}">
                    <Coords points="1746,2772 1746,2832 1958,2832 1958,2772"/>
                    <TextEquiv>
                        <Unicode>Auswärtige</Unicode>
                    </TextEquiv>
                </Word>
                <Word id="r_23_tl_30_w4" custom="readingOrder {index:3;}">
                    <Coords points="1989,2772 1989,2832 2061,2832 2061,2772"/>
                    <TextEquiv>
                        <Unicode>aber</Unicode>
                    </TextEquiv>
                </Word>
                <Word id="r_23_tl_30_w5" custom="readingOrder {index:4;}">
                    <Coords points="2092,2772 2092,2832 2226,2832 2226,2772"/>
                    <TextEquiv>
                        <Unicode>belieben</Unicode>
                    </TextEquiv>
                </Word>
                <Word id="r_23_tl_30_w6" custom="readingOrder {index:5;}">
                    <Coords points="2263,2772 2263,2832 2314,2832 2314,2772"/>
                    <TextEquiv>
                        <Unicode>sich</Unicode>
                    </TextEquiv>
                </Word>
                <TextEquiv>
                    <Unicode>angenommen wird, Auswärtige aber belieben sich</Unicode>
                </TextEquiv>
            </TextLine>
            <TextLine id="r_23_tl_31" custom="readingOrder {index:30;}">
                <Coords points="1333,2876 2281,2871 2281,2829 2196,2816 1333,2826"/>
                <Baseline points="1346,2866 1391,2866 1436,2863 1480,2860 1525,2860 1570,2860 1615,2860 1659,2863 1704,2863 1749,2863 1794,2866 1839,2866 1883,2863 1928,2863 1973,2863 2018,2866 2063,2866 2107,2863 2152,2860 2197,2860 2242,2860 2286,2860"/>
                <Word id="r_23_tl_31_w1" custom="readingOrder {index:0;}">
                    <Coords points="1339,2824 1339,2884 1475,2884 1475,2824"/>
                    <TextEquiv>
                        <Unicode>deshalb</Unicode>
                    </TextEquiv>
                </Word>
                <Word id="r_23_tl_31_w2" custom="readingOrder {index:1;}">
                    <Coords points="1504,2820 1504,2880 1554,2880 1554,2820"/>
                    <TextEquiv>
                        <Unicode>bey</Unicode>
                    </TextEquiv>
                </Word>
                <Word id="r_23_tl_31_w3" custom="readingOrder {index:2;}">
                    <Coords points="1589,2820 1589,2880 1633,2880 1633,2820"/>
                    <TextEquiv>
                        <Unicode>dem</Unicode>
                    </TextEquiv>
                </Word>
                <Word id="r_23_tl_31_w4" custom="readingOrder {index:3;}">
                    <Coords points="1673,2823 1673,2883 1826,2883 1826,2823"/>
                    <TextEquiv>
                        <Unicode>Postamt</Unicode>
                    </TextEquiv>
                </Word>
                <Word id="r_23_tl_31_w5" custom="readingOrder {index:4;}">
                    <Coords points="1843,2823 1843,2883 1933,2883 1933,2823"/>
                    <TextEquiv>
                        <Unicode>ihres</Unicode>
                    </TextEquiv>
                </Word>
                <Word id="r_23_tl_31_w6" custom="readingOrder {index:5;}">
                    <Coords points="1957,2824 1957,2884 2035,2884 2035,2824"/>
                    <TextEquiv>
                        <Unicode>Orts</Unicode>
                    </TextEquiv>
                </Word>
                <Word id="r_23_tl_31_w7" custom="readingOrder {index:6;}">
                    <Coords points="2070,2824 2070,2884 2097,2884 2097,2824"/>
                    <TextEquiv>
                        <Unicode>zu</Unicode>
                    </TextEquiv>
                </Word>
                <Word id="r_23_tl_31_w8" custom="readingOrder {index:7;}">
                    <Coords points="2132,2820 2132,2880 2273,2880 2273,2820"/>
                    <TextEquiv>
                        <Unicode>melden.</Unicode>
                    </TextEquiv>
                </Word>
                <TextEquiv>
                    <Unicode>deshalb bey dem Postamt ihres Orts zu melden.</Unicode>
                </TextEquiv>
            </TextLine>
            <TextEquiv>
                <Unicode></Unicode>
            </TextEquiv>
        </TextRegion>
    </Page>
</PcGts>
