2479 3508
256 386 285 446 zu
322 383 436 443 lesen:
479 379 611 439 "Wenn
649 380 720 440 jene
751 380 836 440 nicht
860 383 1017 443 entflohen
1060 380 1162 440 sind,
1199 380 1247 440 die
1290 379 1349 439 sein
1380 377 1561 437 Nachbar:

253 424 323 484 "sich
364 431 414 491 den
450 428 697 488 ausbaten,
733 428 788 488 der
824 431 879 491 auf
905 431 960 491 der
991 428 1071 488 Erde
1107 427 1233 487 redete"

251 481 417 541 worunter
441 477 470 537 er
494 478 637 538 Mosen
661 476 832 536 verstehet.
875 479 969 539 Cap.
988 477 1076 537 XIII,
1089 479 1147 539 17.
1166 476 1242 536 wird

255 536 308 596 das
336 533 411 593 erste
434 530 520 590 7872
548 532 601 592 auf
624 533 916 593 Rechenschaft
944 531 1068 591 geben
1107 533 1236 593 gezogen

253 583 311 643 und
343 580 396 640 V.
423 580 487 640 20.
514 580 567 640 die
588 581 812 641 Ausführung
844 580 934 640 durch
972 578 1030 638 das
1069 580 1158 640 Blut
1191 578 1243 638 des

256 630 394 690 Bundes
427 630 484 690 aus
512 628 607 688 Zach.
629 628 698 688 IX,
720 630 778 690 11.
794 629 858 689 12.
880 628 1061 688 bestimmt.
1114 626 1168 686 V.
1189 628 1247 688 22.

254 679 466 739 entschuldigt
482 679 616 739 Paulus
648 675 694 735 die
715 676 818 736 Länge
840 676 938 736 seines
965 676 1099 736 Briefes
1130 674 1249 734 damit,

254 727 307 787 daß
341 729 470 789 selbiger
504 727 530 787 in
563 726 617 786 der
645 724 736 784 That
765 724 835 784 kurz
862 724 905 784 sey
944 722 970 782 in
1009 721 1242 781 Vergleichung

261 775 384 835 dessen,
410 775 472 835 was
503 776 529 836 er
550 775 580 835 zu
606 772 694 832 sagen
720 772 838 832 gehabt
860 772 916 832 und
942 769 1050 829 wovon
1087 772 1138 832 sein
1164 769 1246 829 Herz

261 825 327 885 voll
354 822 421 882 war
458 817 472 877 —
530 816 545 876 —
613 819 793 879 Gleichwie
826 821 866 881 ein
903 819 1099 879 ägyptischer
1136 819 1249 879 Hund,

253 871 327 931 weil
344 870 375 930 er
397 870 445 930 den
477 864 631 924 Crocodil
648 867 803 927 fürchtet,
819 869 867 929 den
894 869 1053 929 Schlamm
1091 867 1144 927 des
1166 867 1240 927 Nils

259 920 351 980 leckt:
374 918 444 978 eben
472 918 498 978 so
521 918 645 978 flüchtig
673 916 727 976 und
755 915 917 975 fahrläßig
939 915 1037 975 haben
1065 915 1124 975 wir
1152 913 1238 973 einen

259 966 363 1026 Theil
381 966 474 1026 dieser
496 963 651 1023 gelehrten
679 963 888 1023 Paraphrase
911 963 966 1023 und
989 963 1171 1023 Erklärung
1194 963 1248 1023 an¬

260 1013 449 1073 gekündigt,
483 1010 510 1070 in
544 1010 650 1070 keiner
679 1010 790 1070 andern
830 1010 952 1070 Absicht
981 1007 1025 1067 als
1059 1007 1164 1067 Leser,
1199 1010 1248 1070 die

253 1058 338 1118 einer
359 1057 516 1117 Prüfung
542 1058 593 1118 des
619 1055 797 1115 Wahren
838 1057 898 1117 und
924 1052 975 1112 des
1001 1054 1142 1114 Neuen
1184 1054 1244 1114 und

258 1107 314 1167 der
335 1105 490 1165 Tünche
511 1103 598 1163 fähig
624 1103 712 1163 sind,
733 1103 810 1163 dazu
841 1100 1110 1160 aufzumuntern.
1167 1100 1239 1160 Von

253 1154 309 1214 den
336 1151 543 1211 Zweifeln
575 1148 631 1208 und
658 1145 891 1205 Gründen,
912 1146 1026 1206 welche
1047 1146 1073 1206 in
1110 1147 1156 1207 den
1187 1144 1254 1204 An¬

262 1201 445 1261 merkungen
479 1196 690 1256 abwechseln,
707 1195 820 1255 müssen
854 1193 913 1253 wir
935 1193 1119 1253 überhaupt
1136 1193 1249 1253 selbige

253 1252 304 1312 den
331 1249 482 1309 Dünsten
508 1246 732 1306 vergleichen,
759 1243 805 1303 die
827 1243 878 1303 den
910 1243 1003 1303 vollen
1035 1241 1144 1301 Mond
1176 1237 1243 1297 ball

257 1302 478 1362 vergrößern,
501 1297 573 1357 bald
601 1297 661 1357 sein
696 1294 811 1354 kleines
846 1291 928 1351 Licht
957 1294 1012 1354 gar
1040 1292 1251 1352 überziehen.

257 1348 333 1408 Der
361 1345 527 1405 Verfasser
556 1345 611 1405 hat
639 1345 700 1405 von
734 1345 827 1405 seiner
867 1345 1060 1405 hebräischen
1099 1342 1249 1402 Urkunde

256 1396 349 1456 dieses
375 1399 599 1459 Paulinischen
625 1393 760 1453 Briefes
787 1393 869 1453 einen
906 1394 931 1454 so
953 1396 1062 1456 blöden
1083 1396 1155 1456 oder
1177 1393 1254 1453 viel¬

253 1445 343 1505 mehr
386 1443 418 1503 so
450 1446 673 1506 unschuldigen
716 1443 886 1503 Gebrauch
919 1443 1089 1503 gemacht,
1116 1443 1173 1503 daß
1211 1440 1242 1500 es

262 1493 418 1553 künftigen
452 1491 625 1551 Auslegern
652 1491 728 1551 kaum
766 1491 874 1551 lohnen
908 1491 1010 1551 wird,
1033 1491 1124 1551 dieses
1152 1488 1249 1548 Kalb¬

251 1542 307 1602 fell
329 1544 391 1604 auf
417 1542 484 1602 eine
506 1540 697 1600 Heerpauke
724 1539 755 1599 zu
792 1539 952 1599 spannen.
1015 1536 1093 1596 Wir
1114 1538 1238 1598 machen

259 1590 318 1650 uns
345 1588 496 1648 übrigens
518 1587 691 1647 Popens
719 1587 805 1647 Rath
833 1587 865 1647 zu
887 1587 984 1647 Nutz,
995 1587 1086 1647 tiefer
1109 1586 1135 1646 zu
1168 1584 1249 1644 trin¬

250 1634 299 1694 ken
324 1637 358 1697 um
404 1635 547 1695 nüchtern
577 1634 601 1694 zu
631 1631 784 1691 werden,
809 1633 868 1693 und
894 1633 997 1693 halten
1028 1631 1071 1691 ein
1106 1631 1249 1691 gesun¬

258 1685 323 1745 des
348 1682 454 1742 Herz
475 1681 524 1741 für
545 1679 590 1739 die
616 1679 721 1739 wahre
742 1676 863 1736 Qvelle
883 1676 1004 1736 guter
1025 1673 1251 1733 Erfindun¬

245 1730 348 1790 gen;
374 1724 596 1784 mittlerweile
616 1721 640 1781 zu
671 1721 754 1781 einem
795 1718 1037 1778 berühmten
1072 1718 1254 1778 Schrift¬

256 1775 391 1835 steller
413 1770 537 1830 freylich
560 1769 597 1829 ein
630 1767 771 1827 wüster
793 1766 906 1826 Kopf
929 1766 988 1826 und
1016 1766 1080 1826 eine
1097 1766 1243 1826 leichte

254 1822 372 1882 Hand
400 1817 589 1877 wenigstens
617 1817 768 1877 erfordert
791 1817 909 1877 werden
937 1814 1055 1874 dürfte.
1083 1817 1196 1877 Kostet
1213 1814 1239 1874 in

261 1872 303 1932 der
335 1867 545 1927 Kanterschen
577 1867 843 1927 Buchhandlung
875 1867 992 1927 allhier
1018 1867 1079 1927 wie
1111 1870 1179 1930 auch
1216 1867 1240 1927 in

264 1921 378 1981 Elbing
403 1918 462 1978 und
488 1918 602 1978 Mitau
633 1915 645 1975 3
670 1917 705 1977 fl.

640 1994 866 2054 Berlocken.

407 2052 456 2112 -—
515 2061 683 2121 volitantia
718 2058 871 2118 prendere
901 2055 910 2115 —

1025 2106 1128 2166 aurat.

361 2109 438 2169 Nec
466 2112 616 2172 reuocare
650 2111 660 2171 —
722 2109 777 2169 aut
805 2106 937 2166 jungere

951 2156 1134 2216 Virgil.

305 2241 429 2301 „Beym
479 2249 610 2309 heiligen
646 2249 908 2309 Vogelleim,
938 2252 985 2312 der
1007 2252 1096 2312 nicht
1125 2251 1180 2311 auf
1201 2249 1249 2309 je¬

255 2289 334 2349 "der
363 2296 454 2356 Eiche
483 2297 635 2357 wächst,"
676 2298 777 2358 sprach
812 2297 851 2357 ein
886 2300 1038 2360 Druide,
1068 2300 1141 2360 "ich
1175 2300 1237 2360 sehe

249 2342 475 2402 „Mädchen
509 2342 559 2402 als
582 2342 626 2402 sah
654 2345 693 2405 ich
721 2345 932 2405 Baume!"
960 2342 971 2402 —
1016 2345 1087 2405 Die
1110 2346 1231 2406 schönen

251 2393 405 2453 Geister,
432 2390 544 2450 welche
565 2387 677 2447 immer
699 2393 847 2453 gewohnt
869 2393 1033 2453 gewesen,
1060 2396 1113 2456 das
1135 2396 1241 2456 schöne

254 2443 434 2503 Geschlecht
452 2437 514 2497 mit
531 2435 582 2495 den
611 2437 786 2497 Blumen
815 2442 843 2502 zu
872 2445 1092 2505 vergleichen,
1116 2446 1228 2506 zuckten

249 2496 278 2556 zu
315 2490 369 2550 des
406 2488 558 2548 Druiden
595 2481 728 2541 Einfall
754 2486 801 2546 die
832 2489 983 2549 Achseln,
1015 2494 1075 2554 und
1106 2494 1239 2554 sagten:

261 2533 331 2593 "des
361 2539 517 2599 Druiden
548 2533 776 2593 Berlocken
812 2535 870 2595 sind
899 2539 1091 2599 Eicheln!

301 2629 373 2689 Die
403 2629 724 2689 Schildbürger
754 2626 856 2686 faßten
893 2626 944 2686 den
982 2632 1142 2692 Schluß,
1164 2635 1236 2695 ihre

242 2682 355 2742 Fasces
379 2679 569 2739 demjenigen
600 2676 885 2736 anzuvertrauen,
910 2673 957 2733 der
981 2677 1010 2737 zu
1041 2683 1237 2743 Rathhause

242 2733 289 2793 den
320 2725 659 2785 wohlgeschlossensten
689 2725 766 2785 Reim
809 2721 951 2781 hersagen
981 2726 1106 2786 würde.
1160 2733 1237 2793 Auf

243 2781 400 2841 gegebene
425 2777 564 2837 Loosung
601 2775 656 2835 zur
675 2775 789 2835 Probe
814 2769 978 2829 erschienen
1009 2775 1058 2835 die
1077 2780 1246 2840 Candida¬

248 2832 324 2892 ten,
349 2830 408 2890 und
432 2827 492 2887 nun
522 2823 598 2883 wird
623 2823 777 2883 gereimt.
819 2820 896 2880 Der
921 2818 998 2878 erste
1016 2822 1104 2882 sagt;

430 2873 499 2933 „Ich
523 2867 560 2927 bin
584 2867 617 2927 ein
641 2867 823 2927 rechtschafner
838 2863 917 2923 Baur

482 2906 557 2966 „Und
576 2903 651 2963 lehne
667 2906 727 2966 mein
751 2903 835 2963 Spieß
855 2903 878 2963 an
902 2900 940 2960 die
954 2900 1052 2960 Wand,

1623 372 1690 432 „Ich
1714 372 1782 432 heiße
1805 369 1909 429 Meister
1928 366 2110 426 Hildebrand,

1585 401 1657 461 „Und
1678 402 1726 462 lehn
1751 404 1811 464 mein
1840 404 1925 464 Spieß
1946 401 2014 461 wohl
2031 401 2055 461 an
2080 399 2116 459 die
2132 401 2241 461 Maur.„

1282 446 1383 506 Ohne
1402 444 1486 504 ihren
1517 447 1625 507 Spieß
1662 450 1764 510 wären
1801 449 1848 509 die
1868 446 2108 506 Schildbürger
2139 449 2223 509 nicht
2254 449 2277 509 so

1282 494 1444 554 gluckliche
1472 494 1719 554 Reimschmiede
1742 497 1877 557 gewesen
1910 496 1926 556 —
1986 497 2093 557 Durch
2121 497 2174 557 den
2207 494 2282 554 ewi¬

1279 544 1338 604 gen
1366 542 1572 602 Contrast
1594 545 1642 605 der
1665 545 1778 605 Dinge
1801 548 1892 608 unter
1915 548 1968 608 dem
2007 545 2137 605 Mond,
2159 545 2283 605 brachte

1284 591 1366 651 jenes
1417 592 1582 652 kreißende
1633 595 1975 655 Riesengebirge
2015 592 2080 652 eine
2120 594 2280 654 Maus,

1283 638 1336 698 der
1363 638 1442 698 feige
1469 640 1644 700 Hobbes
1677 640 1761 700 einen
1799 646 2065 706 Leviathan,
2108 643 2171 703 und
2204 643 2288 703 St.

1282 688 1457 748 Hubert
1479 691 1656 751 Berlocken
1692 689 1740 749 zur
1777 691 1882 751 Welt.

1740 739 1813 799 III.

1432 785 1488 845 Ma
1517 786 1607 846 Muse
1642 786 1796 846 rudesque
1825 789 1836 849 &
1882 789 2007 849 bizarre

1432 834 1638 894 Jargonnant
1662 834 1700 894 un
1734 837 1883 897 Français
1907 837 2046 897 barbare

1290 888 1489 948 Schutzgeist
1506 888 1756 948 Germaniens!
1786 888 1847 948 wie
1865 891 1955 951 lange
1979 891 2057 951 wird
2081 891 2137 951 dein
2161 891 2285 951 schwer¬

1290 933 1411 993 fälliges
1446 933 1532 993 Volk
1562 936 1631 996 nach
1666 935 1746 995 einem
1793 936 1914 996 Gipfel
1938 942 2093 1002 klettern,
2129 941 2186 1001 der
2215 941 2272 1001 nur

1293 981 1426 1041 Gemsen
1457 982 1626 1042 erreichbar
1650 982 1713 1042 ist?

1744 1026 1813 1086 IV.

1340 1071 1409 1131 Die
1441 1078 1598 1138 Wurzeln
1636 1076 1686 1136 der
1724 1075 1937 1135 Geschlechter
1976 1081 2038 1141 sind
2070 1083 2283 1143 Individua.

1290 1121 1328 1181 Um
1373 1124 1563 1184 Gattungen
1608 1121 1903 1181 hervorzubringen
1949 1124 2009 1184 und
2055 1130 2082 1190 zu
2122 1133 2283 1193 erhalten,

1283 1169 1418 1229 widmet
1444 1169 1601 1229 einzelnen
1642 1169 1809 1229 Personen
1850 1171 1910 1231 und
1941 1175 2188 1235 Gegenständen
2229 1181 2279 1241 die

1286 1216 1513 1276 vorzüglichste
1530 1216 1816 1276 Aufmerksamkeit
1838 1219 1922 1279 eurer
1944 1219 2134 1279 Vorsorge!
2156 1222 2277 1282 Weder

1287 1264 1324 1324 an
1356 1267 1435 1327 Laub
1467 1264 1514 1324 der
1542 1267 1626 1327 Aeste
1653 1267 1722 1327 noch
1759 1266 1790 1326 an
1823 1270 1907 1330 ihren
1945 1267 2093 1327 Früchten
2136 1268 2209 1328 wird
2242 1270 2273 1330 es

1288 1316 1337 1376 dem
1382 1318 1481 1378 klugen
1510 1318 1653 1378 Gårtner
1676 1318 1791 1378 fehlen,
1809 1318 1852 1378 der
1875 1318 1930 1378 das
1953 1316 2096 1376 sichtbare
2113 1318 2273 1378 Gewächs

1287 1369 1340 1429 dem
1393 1369 1656 1429 unterirrdischen
1699 1368 1799 1428 Baum
1853 1369 2063 1429 aufzuopfern
2106 1368 2206 1428 weiß.
2233 1367 2243 1427 -

1283 1413 1364 1473 Eben
1388 1417 1446 1477 also
1464 1419 1539 1479 wird
1557 1422 1680 1482 Freude
1698 1419 1732 1479 um
1780 1419 1832 1479 das
1850 1420 1966 1480 Haupt
1985 1419 2072 1479 eines
2096 1416 2287 1476 Schrift¬

1286 1467 1452 1527 stellers
1480 1467 1624 1527 blühen,
1652 1470 1702 1530 der
1731 1470 1835 1530 neun
1869 1470 1947 1530 und
1980 1470 2158 1530 neunzig
2192 1470 2285 1530 Prä¬

1284 1515 1495 1575 numeranten
1522 1518 1580 1578 auf
1602 1518 1707 1578 duͤrren
1739 1518 1866 1578 Bergen
1893 1518 1961 1578 läͤßt
1988 1518 2052 1578 und
2084 1519 2162 1579 einen
2200 1520 2284 1580 ein¬

1287 1563 1398 1623 zigen
1440 1563 1586 1623 verirrten
1616 1563 1698 1623 Leser
1722 1566 1939 1626 heimzuholen
1969 1567 2045 1627 sucht

1407 1602 1515 1662 „Seine
1535 1601 1643 1661 Blätter
1667 1602 1767 1662 werden
1794 1603 1844 1663 alt,

1402 1632 1475 1692 „Und
1502 1628 1558 1688 doch
1580 1628 1687 1688 niemals
1714 1632 1851 1692 ungestalt.

1403 1660 1483 1720 „Bey
1506 1658 1544 1718 den
1572 1661 1671 1721 Flüssen
1699 1661 1725 1721 an
1753 1661 1791 1721 der
1814 1664 1906 1724 Seiten

1403 1691 1498 1751 „Wird
1525 1688 1551 1748 er
1579 1688 1666 1748 frische
1689 1690 1773 1750 Zweig
1804 1692 1968 1752 ausbreiten.

1399 1721 1487 1781 „Licht
1511 1720 1557 1780 und
1581 1721 1677 1781 Sonne
1700 1721 1762 1781 wird
1786 1721 1824 1781 ihm
1859 1724 1944 1784 dienen

1405 1757 1480 1817 „Bis
1500 1757 1530 1817 er
1550 1757 1610 1817 reife
1630 1757 1745 1817 Früchte
1765 1757 1835 1817 giebt
1850 1757 1864 1817 -

1331 1855 1400 1915 Die
1421 1858 1574 1918 Freyheit
1600 1859 1644 1919 der
1671 1860 1825 1920 gelehrten
1858 1858 2030 1918 Republick
2050 1859 2088 1919 ist
2114 1861 2158 1921 die
2178 1867 2280 1927 Frey¬

1282 1905 1355 1965 heit
1373 1906 1458 1966 eines
1487 1906 1714 1966 benachbarten
1749 1909 1890 1969 Staats.
1942 1909 2049 1969 Jeder
2072 1909 2186 1969 Piaste
2209 1916 2282 1976 hin¬

1280 1954 1328 2014 ter
1350 1954 1398 2014 dem
1442 1956 1561 2016 Pfluge
1583 1957 1680 2017 dünkt
1702 1957 1745 2017 sich
1778 1958 1821 2018 ein
1854 1958 2016 2018 Curius
2049 1957 2108 2017 und
2131 1961 2276 2021 Fabri¬

1279 2005 1408 2065 cius,
1432 2005 1488 2065 und
1511 2005 1596 2065 jeder
1619 2008 1806 2068 Zaunkönig
1840 2008 1897 2068 vom
1937 2008 2022 2068 Leser
2057 2009 2096 2069 ein
2130 2011 2283 2071 hyper¬

1282 2055 1500 2115 kritischer
1531 2055 1736 2115 Scaliger
1767 2057 1798 2117 zu
1829 2055 1919 2115 seyn.

1323 2156 1403 2216 Die
1416 2157 1656 2217 Freundschaft,
1676 2155 1737 2215 sagt
1756 2157 2009 2217 Toussaint,
2028 2163 2065 2223 ist
2078 2164 2145 2224 eine
2164 2166 2275 2226 geist¬

1275 2205 1379 2265 liche
1407 2202 1490 2262 Ehe
1513 2202 1607 2262 unter
1630 2200 1690 2260 zwo
1719 2202 1862 2262 Seelen.
1908 2205 2018 2265 Leider
2035 2210 2129 2270 wahr
2146 2213 2273 2273 genug!

1284 2252 1402 2312 Daher
1426 2251 1482 2311 sind
1506 2250 1556 2310 die
1574 2249 1715 2309 Oreste
1738 2251 1795 2311 und
1824 2251 1982 2311 Pilade
2005 2252 2073 2312 eben
2107 2253 2135 2313 so
2159 2257 2271 2317 seltene

1279 2303 1567 2363 Erscheinungen,
1603 2300 1656 2360 als
1692 2300 1744 2360 die
1774 2300 2022 2360 Baucissen
2064 2303 2122 2363 und
2164 2308 2275 2368 Phi¬

1278 2351 1475 2411 lemons.

1732 2391 1815 2451 VII.

1324 2440 1446 2500 „Sind
1470 2441 1510 2501 sie
1540 2440 1609 2500 auch
1646 2441 1686 2501 ein
1722 2445 1896 2505 Liebhaber
1926 2440 1979 2500 von
2008 2445 2154 2505 Vögeln,
2184 2452 2265 2512 Herr

1285 2490 1483 2550 „Pastor?”
1529 2488 1597 2548 frug
1637 2489 1681 2549 die
1717 2494 1812 2554 junge
1835 2491 1920 2551 Frau
1961 2491 2045 2551 eines
2080 2496 2261 2556 Advocaten

1285 2542 1367 2602 einen
1401 2541 1472 2601 alten
1506 2536 1687 2596 Prediger,
1716 2542 1765 2602 der
1788 2541 1886 2601 einige
1909 2542 1991 2602 laute
2014 2543 2135 2603 Kesiche
2163 2547 2190 2607 in
2224 2548 2273 2608 ih¬

2025 2580 2109 2640 „In
2144 2596 2267 2656 meiner

1283 2591 1332 2651 rem
1377 2590 1521 2650 Zimmer
1549 2584 1605 2644 das
1633 2587 1733 2647 Wort
1756 2590 1867 2650 führen
1906 2590 1983 2650 ließ.

1311 2635 1508 2695 Jugend":
1538 2632 1677 2692 versetzte
1713 2638 1764 2698 der
1788 2638 1998 2698 ehrwürdige
2021 2640 2143 2700 Greis.
2202 2643 2276 2703 Die

1284 2688 1359 2748 gute
1381 2685 1456 2745 Frau
1489 2679 1598 2739 wurde
1625 2682 1679 2742 vor
1701 2688 1907 2748 Nachdenken
1940 2688 1999 2748 roth
2033 2688 2091 2748 und
2119 2688 2265 2748 erschrack

1283 2735 1362 2795 über
1389 2733 1435 2793 den
1468 2730 1657 2790 Hinterhalt
1684 2734 1731 2794 der
1752 2733 1904 2793 Antwort
1931 2736 1989 2796 und
2021 2736 2105 2796 ihrer
2132 2736 2258 2796 eigenen

1480 2777 1568 2837 Soll
1597 2781 1662 2841 man
1696 2781 1746 2841 sich
1780 2784 1857 2844 über
1891 2783 1941 2843 die
1975 2784 2268 2844 Flüchtigkeit

1282 2783 1428 2843 Frage-

1275 2832 1353 2892 und
1399 2826 1756 2886 Verwechselung
1796 2829 1988 2889 gewisser
2029 2835 2165 2895 Ideen
2216 2832 2272 2892 är¬

1272 2880 1345 2940 gern
1390 2879 1463 2939 oder
1507 2876 1562 2936 soll
1594 2881 1661 2941 man
1712 2882 1848 2942 darüber
1885 2879 2021 2939 lachen?

2170 2929 2263 2989 VIII.
