<?xml version="1.0" encoding="UTF-8" standalone="yes"?>
<PcGts xmlns="http://schema.primaresearch.org/PAGE/gts/pagecontent/2013-07-15" xmlns:xsi="http://www.w3.org/2001/XMLSchema-instance" xsi:schemaLocation="http://schema.primaresearch.org/PAGE/gts/pagecontent/2013-07-15 http://schema.primaresearch.org/PAGE/gts/pagecontent/2013-07-15/pagecontent.xsd">
    <Metadata>
        <Creator>prov=READ-COOP:name=PyLaia@TranskribusPlatform:version=2.15.0:model_id=39995:lm=none:date=20_06_2024_12:32</Creator>
        <Created>2024-06-19T15:15:16.949+02:00</Created>
        <LastChange>2024-06-20T12:32:14.487+02:00</LastChange>
        <TranskribusMetadata docId="2912023" pageId="73163239" pageNr="3" tsid="173093675" status="IN_PROGRESS" userId="222699" imgUrl="https://files.transkribus.eu/Get?id=ZXJOYTXRPWEIZCVZVBPHKCZQ&amp;fileType=view" xmlUrl="https://files.transkribus.eu/Get?id=OZCYYHWQZSAZUFLIFHGFGNMS" imageId="58994226"/>
    </Metadata>
    <Page imageFilename="73163239.jpg" imageWidth="2479" imageHeight="3508">
        <ReadingOrder>
            <OrderedGroup id="ro_1718879534487" caption="Regions reading order">
                <RegionRefIndexed index="0" regionRef="r_2599"/>
                <RegionRefIndexed index="1" regionRef="r_2600"/>
                <RegionRefIndexed index="2" regionRef="r_2611"/>
                <RegionRefIndexed index="3" regionRef="r_2612"/>
            </OrderedGroup>
        </ReadingOrder>
        <Relations/>
        <TextRegion id="r_2599" custom="readingOrder {index:0;}">
            <Coords points="299,580 1195,572 1173,2608 286,2608"/>
            <TextLine id="r_2599_tl_1" custom="readingOrder {index:0;}">
                <Coords points="315,639 2042,627 2042,576 1905,558 315,579"/>
                <Baseline points="328,629 346,632 391,632 435,632 480,629 525,629 570,629 615,629 659,626 704,629 749,626 794,626 838,626 883,626 928,626 973,626 1018,626 1062,626 1107,626 1152,623 1197,623 1241,623 1286,623 1331,623 1376,623 1421,623 1465,623 1510,623 1555,623 1600,623 1645,623 1689,620 1734,620 1779,620 1824,620 1868,620 1913,620 1958,620 2003,620 2048,620"/>
                <TextEquiv>
                    <Unicode>wirklich verdient. Ein gewisses Zuvorkommen und Man wundre sich nunmehr nicht wenn jeder Manns¬</Unicode>
                </TextEquiv>
            </TextLine>
            <TextLine id="r_2599_tl_2" custom="readingOrder {index:1;}">
                <Coords points="324,688 2040,676 2040,627 324,641"/>
                <Baseline points="337,674 343,671 388,674 432,671 477,674 522,671 567,671 612,671 656,671 701,671 746,668 791,668 835,668 880,668 925,668 970,668 1015,665 1059,665 1104,665 1149,665 1194,665 1238,665 1283,665 1328,665 1373,665 1418,665 1462,665 1507,665 1552,665 1597,665 1642,662 1686,662 1731,662 1776,659 1821,662 1865,662 1910,662 1955,662 2000,662 2045,662"/>
                <TextEquiv>
                    <Unicode>Beeifern ist wie gemeiniglich die Bewunderung, ei= person der ein Mädchen, das sich mit Geschmack</Unicode>
                </TextEquiv>
            </TextLine>
            <TextLine id="r_2599_tl_3" custom="readingOrder {index:2;}">
                <Coords points="322,722 2040,718 2040,674 1993,669 322,685"/>
                <Baseline points="334,716 343,716 388,716 432,716 477,713 522,713 567,713 612,710 656,710 701,710 746,710 791,710 835,710 880,707 925,707 970,707 1015,707 1059,704 1104,707 1149,707 1194,704 1238,707 1283,704 1328,707 1373,707 1418,707 1462,704 1507,704 1552,707 1597,704 1642,704 1686,704 1731,704 1776,704 1821,701 1865,701 1910,701 1955,704 2000,704 2045,704"/>
                <TextEquiv>
                    <Unicode>ne Frucht der blödsinnigen Schwäche. Der Gout= putzt, und mit Wohlstand munter ist, nicht gefällt,</Unicode>
                </TextEquiv>
            </TextLine>
            <TextLine id="r_2599_tl_4" custom="readingOrder {index:3;}">
                <Coords points="322,762 2040,750 2021,713 1836,699 322,722"/>
                <Baseline points="334,755 343,755 388,755 432,758 477,755 522,755 567,755 612,752 656,749 701,752 746,749 791,749 835,749 880,749 925,749 970,746 1015,746 1059,749 1104,746 1149,749 1194,746 1238,749 1283,746 1328,749 1373,749 1418,749 1462,746 1507,746 1552,746 1597,746 1642,746 1686,746 1731,746 1776,743 1821,743 1865,743 1910,743 1955,743 2000,743 2045,746"/>
                <TextEquiv>
                    <Unicode>barock hat seinen Werth, wenn man ihn aber bey auf gewisse Art selbst bey Salomonischer Weisheit</Unicode>
                </TextEquiv>
            </TextLine>
            <TextLine id="r_2599_tl_5" custom="readingOrder {index:4;}">
                <Coords points="324,810 1991,803 2042,752 324,766"/>
                <Baseline points="337,803 343,800 388,797 432,797 477,797 522,797 567,794 612,791 656,794 701,791 746,791 791,791 835,791 880,788 925,791 970,791 1015,791 1059,788 1104,785 1149,788 1194,788 1238,788 1283,788 1328,788 1373,788 1418,788 1462,788 1507,788 1552,788 1597,788 1642,785 1686,788 1731,785 1776,785 1821,785 1865,785 1910,785 1955,782 2000,782 2045,782"/>
                <TextEquiv>
                    <Unicode>großen Gebäuden und im Anzuge anbringt so wird für die Welt dumm bleibt. Ein neuer Vortheil</Unicode>
                </TextEquiv>
            </TextLine>
            <TextLine id="r_2599_tl_6" custom="readingOrder {index:5;}">
                <Coords points="322,889 2033,875 2033,833 1903,829 322,861"/>
                <Baseline points="334,883 337,883 382,880 426,877 471,877 516,877 561,874 606,874 650,874 695,874 740,874 785,874 829,874 874,871 919,871 964,871 1009,871 1053,871 1098,868 1143,868 1188,868 1233,868 1277,868 1322,868 1367,871 1412,871 1456,868 1501,868 1546,868 1591,868 1636,868 1680,868 1725,868 1770,868 1815,865 1859,865 1904,865 1949,865 1994,865 2039,862"/>
                <TextEquiv>
                    <Unicode>gewisse Wirthschaftlichkeit ist so zu reden der rechte ranney. Jedes Gesicht würde alsdann die beybehal¬</Unicode>
                </TextEquiv>
            </TextLine>
            <TextLine id="r_2599_tl_7" custom="readingOrder {index:6;}">
                <Coords points="317,977 2040,963 2040,917 1940,912 317,921"/>
                <Baseline points="331,961 343,961 388,961 432,958 477,961 522,958 567,958 612,958 656,955 701,955 746,955 791,955 835,952 880,952 925,952 970,952 1015,949 1059,949 1104,949 1149,949 1194,949 1238,949 1283,949 1328,949 1373,949 1418,949 1462,952 1507,949 1552,949 1597,949 1642,949 1686,952 1731,952 1776,949 1821,949 1865,949 1910,949 1955,949 2000,949 2045,946"/>
                <TextEquiv>
                    <Unicode>die Damen hiedurch um unser Geschlecht verdient oder weniger nachdem er mit der Sonntags= oder</Unicode>
                </TextEquiv>
            </TextLine>
            <TextLine id="r_2599_tl_8" custom="readingOrder {index:7;}">
                <Coords points="317,1009 1683,1000 1683,961 1630,956 317,977"/>
                <Baseline points="331,1003 346,1003 391,1003 435,1003 480,997 525,1000 570,1000 615,997 659,997 704,997 749,997 794,997 838,994 883,994 928,994 973,991 1018,991 1062,988 1107,991 1152,988 1197,988 1241,991 1286,991 1331,991 1376,991 1421,991 1465,991 1510,991 1555,991 1600,991 1645,991 1689,991"/>
                <TextEquiv>
                    <Unicode>machen — unsre junge Herren würden weniger eau Donnerstagspost angekommen.</Unicode>
                </TextEquiv>
            </TextLine>
            <TextLine id="r_2599_tl_9" custom="readingOrder {index:8;}">
                <Coords points="315,1051 1171,1044 1174,1005 317,1012"/>
                <Baseline points="328,1041 373,1041 417,1041 462,1038 507,1038 552,1038 597,1038 641,1038 686,1038 731,1035 776,1038 821,1035 865,1035 910,1035 955,1035 1000,1032 1044,1032 1089,1032 1134,1030 1179,1032"/>
                <TextEquiv>
                    <Unicode>de Lavande brauchen, um ihnen angenehm zu wer=</Unicode>
                </TextEquiv>
            </TextLine>
            <TextLine id="r_2599_tl_10" custom="readingOrder {index:9;}">
                <Coords points="317,1097 2033,1079 2009,1039 1218,1023 317,1051"/>
                <Baseline points="331,1083 337,1083 382,1083 426,1077 471,1080 516,1077 561,1080 606,1080 650,1080 695,1077 740,1077 785,1077 829,1077 874,1077 919,1077 964,1074 1009,1074 1053,1074 1098,1074 1143,1074 1188,1071 1233,1071 1277,1071 1322,1071 1367,1071 1412,1071 1456,1074 1501,1074 1546,1071 1591,1074 1636,1071 1680,1071 1725,1071 1770,1074 1815,1071 1859,1071 1904,1071 1949,1071 1994,1068 2039,1065"/>
                <TextEquiv>
                    <Unicode>den — Die Verkäufer wohlriechender Wasser ver¬ Natur zum Possen aufbringt, lächerlich geschienen —</Unicode>
                </TextEquiv>
            </TextLine>
            <TextLine id="r_2599_tl_11" custom="readingOrder {index:10;}">
                <Coords points="322,1183 2033,1167 2033,1123 1963,1116 322,1141"/>
                <Baseline points="334,1167 379,1167 423,1164 468,1164 513,1164 558,1164 603,1161 647,1161 692,1161 737,1161 782,1161 826,1158 871,1158 916,1158 961,1158 1006,1158 1050,1155 1095,1155 1140,1158 1185,1155 1230,1155 1274,1155 1319,1155 1364,1152 1409,1155 1453,1152 1498,1152 1543,1155 1588,1155 1633,1155 1677,1155 1722,1152 1767,1152 1812,1152 1857,1152 1901,1152 1946,1152 1991,1152 2036,1149"/>
                <TextEquiv>
                    <Unicode>artigen Welt auch was thun, sie mögen den Verlust die Frisur nur zwey Finger breit von den Augbrau¬</Unicode>
                </TextEquiv>
            </TextLine>
            <TextLine id="r_2599_tl_12" custom="readingOrder {index:11;}">
                <Coords points="324,1218 1162,1213 1162,1171 1104,1162 324,1178"/>
                <Baseline points="337,1206 361,1209 406,1206 450,1206 495,1206 540,1203 585,1203 629,1203 674,1200 719,1203 764,1203 809,1200 853,1200 898,1200 943,1200 988,1197 1032,1197 1077,1197 1122,1197 1167,1197"/>
                <TextEquiv>
                    <Unicode>als ein Neujahrsgeschenk an ihre Käufer auf conte</Unicode>
                </TextEquiv>
            </TextLine>
            <TextLine id="r_2599_tl_13" custom="readingOrder {index:12;}">
                <Coords points="322,1255 1164,1245 1141,1208 322,1218"/>
                <Baseline points="334,1244 361,1247 406,1247 450,1247 495,1244 540,1244 585,1244 629,1244 674,1244 719,1241 764,1241 809,1241 853,1241 898,1238 943,1238 988,1238 1032,1238 1077,1236 1122,1236 1167,1236"/>
                <TextEquiv>
                    <Unicode>ansehen. Sie würden mehr Witz und weniger pan</Unicode>
                </TextEquiv>
            </TextLine>
            <TextLine id="r_2599_tl_14" custom="readingOrder {index:13;}">
                <Coords points="317,1303 2023,1285 1979,1236 317,1252"/>
                <Baseline points="331,1289 370,1289 414,1289 459,1286 504,1283 549,1283 594,1286 638,1286 683,1286 728,1283 773,1283 818,1283 862,1280 907,1280 952,1280 997,1277 1041,1277 1086,1277 1131,1277 1176,1277 1191,1277 1224,1277 1268,1277 1313,1277 1358,1277 1403,1277 1447,1277 1492,1277 1537,1277 1582,1274 1627,1274 1671,1274 1716,1274 1761,1274 1806,1274 1851,1274 1895,1274 1940,1274 1985,1277 2030,1274"/>
                <TextEquiv>
                    <Unicode>tomimische Verbeugungen in die Gesellschaft bringen werden roth oder blaß — da dieses doch in keines</Unicode>
                </TextEquiv>
            </TextLine>
            <TextLine id="r_2599_tl_15" custom="readingOrder {index:14;}">
                <Coords points="315,1345 2028,1326 2007,1283 1690,1278 315,1301"/>
                <Baseline points="328,1328 331,1328 376,1331 420,1328 465,1328 510,1328 555,1325 600,1325 644,1325 689,1325 734,1325 779,1322 824,1322 868,1322 913,1319 958,1319 1003,1319 1047,1319 1092,1319 1137,1319 1182,1319 1227,1319 1271,1319 1316,1319 1361,1319 1406,1319 1450,1319 1495,1319 1540,1319 1585,1316 1630,1316 1674,1313 1719,1316 1764,1313 1809,1316 1854,1313 1898,1316 1943,1316 1988,1316 2033,1313"/>
                <TextEquiv>
                    <Unicode>müssen, jene süße Mienen die sich für die türksche Acteurs Gewalt steht. Die Mädchen lachen über</Unicode>
                </TextEquiv>
            </TextLine>
            <TextLine id="r_2599_tl_16" custom="readingOrder {index:15;}">
                <Coords points="322,1387 1979,1373 2026,1324 322,1343"/>
                <Baseline points="334,1370 367,1370 412,1370 456,1367 501,1367 546,1367 591,1367 635,1367 680,1367 725,1364 770,1364 815,1361 859,1361 904,1361 949,1361 994,1358 1038,1358 1083,1361 1128,1361 1173,1358 1191,1358 1224,1358 1268,1358 1313,1358 1358,1358 1403,1361 1447,1361 1492,1361 1537,1358 1582,1358 1627,1355 1671,1355 1716,1355 1761,1352 1806,1352 1851,1352 1895,1352 1940,1355 1985,1355 2030,1355"/>
                <TextEquiv>
                    <Unicode>Stumme schicken wenn sie den Obelisken geheimniß= einen Stutzer, dessen Stock sich zu seiner Taille wie</Unicode>
                </TextEquiv>
            </TextLine>
            <TextLine id="r_2599_tl_17" custom="readingOrder {index:16;}">
                <Coords points="317,1426 2023,1408 2023,1366 1843,1359 317,1382"/>
                <Baseline points="331,1409 364,1412 409,1409 453,1412 498,1412 543,1409 588,1409 632,1406 677,1406 722,1406 767,1406 812,1403 856,1400 901,1400 946,1400 991,1400 1035,1400 1080,1400 1125,1400 1170,1403 1194,1400 1224,1400 1268,1400 1313,1400 1358,1403 1403,1403 1447,1403 1492,1400 1537,1400 1582,1400 1627,1397 1671,1397 1716,1394 1761,1394 1806,1397 1851,1397 1895,1397 1940,1394 1985,1397 2030,1397"/>
                <TextEquiv>
                    <Unicode>volle Blumensträuße überreichen, könnten abgeschaft Goliaths Weberhaum zu Davids Schäferstabe ver¬</Unicode>
                </TextEquiv>
            </TextLine>
            <TextLine id="r_2599_tl_18" custom="readingOrder {index:17;}">
                <Coords points="315,1458 2028,1454 1998,1405 315,1426"/>
                <Baseline points="328,1447 367,1450 412,1450 456,1450 501,1447 546,1447 591,1447 635,1447 680,1447 725,1444 770,1444 815,1444 859,1442 904,1439 949,1439 994,1439 1038,1442 1083,1439 1128,1442 1173,1439 1191,1436 1236,1439 1280,1439 1325,1442 1370,1442 1415,1442 1459,1442 1504,1439 1549,1439 1594,1439 1639,1439 1683,1436 1728,1439 1773,1436 1818,1436 1862,1436 1907,1439 1952,1439 1997,1439 2033,1439"/>
                <TextEquiv>
                    <Unicode>werden — Man würde weniger mit dem Fächer hält — ein stark Gesicht und ein klein französisch</Unicode>
                </TextEquiv>
            </TextLine>
            <TextLine id="r_2599_tl_19" custom="readingOrder {index:18;}">
                <Coords points="315,1505 2002,1486 2002,1454 1859,1442 315,1470"/>
                <Baseline points="328,1495 370,1492 414,1492 459,1489 504,1486 549,1486 594,1486 638,1486 683,1486 728,1486 773,1483 818,1483 862,1483 907,1480 952,1483 997,1480 1041,1480 1086,1483 1131,1483 1176,1480 1182,1483 1200,1483 1244,1480 1289,1480 1334,1483 1379,1477 1424,1480 1468,1480 1513,1480 1558,1480 1603,1480 1648,1480 1692,1480 1737,1477 1782,1480 1827,1477 1871,1477 1916,1480 1961,1477 2006,1474"/>
                <TextEquiv>
                    <Unicode>spielen, und manchen ersparen der aus Zorn über Kopfzeug — o! das ist eine ganz andre Sache —</Unicode>
                </TextEquiv>
            </TextLine>
            <TextLine id="r_2599_tl_20" custom="readingOrder {index:19;}">
                <Coords points="315,1544 1162,1530 1139,1491 315,1505"/>
                <Baseline points="328,1531 361,1531 406,1531 450,1531 495,1528 540,1528 585,1528 629,1528 674,1528 719,1528 764,1525 809,1525 853,1525 898,1525 943,1525 988,1522 1032,1522 1077,1522 1122,1522 1167,1522"/>
                <TextEquiv>
                    <Unicode>eigne Unthätigkeit oft zerstückt wird. Bey einer ge¬</Unicode>
                </TextEquiv>
            </TextLine>
            <TextLine id="r_2599_tl_21" custom="readingOrder {index:20;}">
                <Coords points="317,1625 1639,1616 1639,1567 1551,1565 317,1590"/>
                <Baseline points="331,1612 364,1615 409,1612 453,1612 498,1612 543,1612 588,1612 632,1612 677,1609 722,1609 767,1609 812,1609 856,1609 901,1606 946,1609 991,1606 1035,1609 1080,1609 1125,1606 1170,1606 1191,1603 1236,1603 1280,1606 1325,1606 1370,1606 1415,1606 1459,1603 1504,1603 1549,1606 1594,1606 1639,1606 1645,1603"/>
                <TextEquiv>
                    <Unicode>weis üble Nachreden (Medisances) des Adel- und Wohlstandsklugheit nennen.</Unicode>
                </TextEquiv>
            </TextLine>
            <TextLine id="r_2599_tl_22" custom="readingOrder {index:21;}">
                <Coords points="315,1660 1162,1658 1162,1618 991,1604 315,1625"/>
                <Baseline points="328,1653 361,1653 406,1653 450,1653 495,1653 540,1653 585,1653 629,1650 674,1650 719,1650 764,1650 809,1648 853,1650 898,1648 943,1648 988,1648 1032,1648 1077,1648 1122,1648 1167,1645"/>
                <TextEquiv>
                    <Unicode>Bürgerstandes ungewöhnlicher werden. Jene lächer=</Unicode>
                </TextEquiv>
            </TextLine>
            <TextLine id="r_2599_tl_23" custom="readingOrder {index:22;}">
                <Coords points="313,1711 2019,1695 2019,1653 313,1660"/>
                <Baseline points="325,1695 367,1695 412,1695 456,1695 501,1695 546,1695 591,1692 635,1692 680,1692 725,1692 770,1692 815,1689 859,1689 904,1689 949,1689 994,1689 1038,1689 1083,1689 1128,1689 1173,1686 1188,1686 1218,1686 1262,1686 1307,1686 1352,1689 1397,1689 1442,1689 1486,1686 1531,1686 1576,1686 1621,1683 1665,1683 1710,1683 1755,1683 1800,1683 1845,1683 1889,1683 1934,1683 1979,1683 2024,1680"/>
                <TextEquiv>
                    <Unicode>liche Canapekriege würden wegfallen, weil man sei= wöhnlicher Ausdruck der Schriftsteller die nichts</Unicode>
                </TextEquiv>
            </TextLine>
            <TextLine id="r_2599_tl_24" custom="readingOrder {index:23;}">
                <Coords points="313,1741 1158,1739 1158,1704 1114,1697 313,1711"/>
                <Baseline points="325,1734 358,1737 403,1737 447,1737 492,1734 537,1737 582,1734 626,1734 671,1734 716,1734 761,1734 806,1731 850,1731 895,1731 940,1731 985,1731 1030,1731 1074,1731 1119,1728 1164,1728"/>
                <TextEquiv>
                    <Unicode>nen Werth und seine Ehre nicht von der Facon des</Unicode>
                </TextEquiv>
            </TextLine>
            <TextLine id="r_2599_tl_25" custom="readingOrder {index:24;}">
                <Coords points="313,1836 2023,1820 1998,1771 313,1794"/>
                <Baseline points="325,1821 358,1821 403,1818 447,1818 492,1815 537,1815 582,1815 626,1815 671,1815 716,1815 761,1815 806,1815 850,1812 895,1812 940,1812 985,1812 1030,1812 1074,1812 1119,1812 1164,1809 1188,1809 1221,1809 1265,1809 1310,1809 1355,1812 1400,1812 1444,1812 1489,1812 1534,1809 1579,1806 1624,1809 1668,1809 1713,1809 1758,1806 1803,1806 1848,1806 1892,1806 1937,1806 1982,1806 2027,1803"/>
                <TextEquiv>
                    <Unicode>sind den Höfen vom Burgundischen Etiket, nie aber Gehör, wir lassen den Stimmhammer daher in ih¬</Unicode>
                </TextEquiv>
            </TextLine>
            <TextLine id="r_2599_tl_26" custom="readingOrder {index:25;}">
                <Coords points="317,1875 1155,1866 1155,1820 907,1810 317,1833"/>
                <Baseline points="331,1859 355,1859 400,1857 444,1857 489,1857 534,1857 579,1859 623,1857 668,1857 713,1857 758,1857 803,1854 847,1854 892,1854 937,1851 982,1851 1027,1854 1071,1851 1116,1851 1161,1854"/>
                <TextEquiv>
                    <Unicode>einer Gesellschaft, die zum Vergnügen dienen soll,</Unicode>
                </TextEquiv>
            </TextLine>
            <TextLine id="r_2599_tl_27" custom="readingOrder {index:26;}">
                <Coords points="310,1915 2014,1898 2016,1857 1718,1847 313,1875"/>
                <Baseline points="322,1901 364,1898 409,1898 453,1898 498,1898 543,1898 588,1898 632,1898 677,1895 722,1895 767,1895 812,1895 856,1895 901,1892 946,1892 991,1892 1035,1892 1080,1892 1125,1892 1170,1889 1182,1889 1215,1889 1259,1889 1304,1889 1349,1889 1394,1889 1439,1889 1483,1889 1528,1886 1573,1886 1618,1886 1662,1886 1707,1886 1752,1886 1797,1886 1842,1886 1886,1883 1931,1886 1976,1886 2021,1886"/>
                <TextEquiv>
                    <Unicode>zu verzeihen. Man würde sich unvermerkt zum troußirung einer Enveloppe oft so tiefsinnig rafini¬</Unicode>
                </TextEquiv>
            </TextLine>
            <TextLine id="r_2599_tl_28" custom="readingOrder {index:27;}">
                <Coords points="310,1949 2016,1952 2016,1898 1915,1894 310,1915"/>
                <Baseline points="322,1940 358,1940 403,1940 447,1940 492,1937 537,1937 582,1937 626,1937 671,1937 716,1937 761,1937 806,1937 850,1934 895,1934 940,1934 985,1934 1030,1934 1074,1934 1119,1934 1164,1928 1182,1928 1227,1931 1271,1928 1316,1931 1361,1931 1406,1931 1450,1928 1495,1928 1540,1931 1585,1928 1630,1928 1674,1928 1719,1925 1764,1928 1809,1928 1854,1928 1898,1928 1943,1928 1988,1931 2021,1928"/>
                <TextEquiv>
                    <Unicode>bessern Scherz gewöhnen, und schöne Lippen weni= ren, werden auch hierüber weiter nachzudenken be¬</Unicode>
                </TextEquiv>
            </TextLine>
            <TextLine id="r_2599_tl_29" custom="readingOrder {index:28;}">
                <Coords points="313,1998 387,1979 1012,1984 1012,1947 938,1933 870,1952 745,1935 651,1956 313,1952"/>
                <Baseline points="325,1988 346,1982 391,1979 435,1979 480,1979 525,1982 570,1979 615,1979 659,1979 704,1979 749,1979 794,1976 838,1976 883,1976 928,1976 973,1973 1018,1973"/>
                <TextEquiv>
                    <Unicode>ger durch platte Einfälle entheiligen hören.</Unicode>
                </TextEquiv>
            </TextLine>
            <TextLine id="r_2599_tl_30" custom="readingOrder {index:29;}">
                <Coords points="361,2030 1153,2033 1153,1977 1100,1963 989,1989 361,1989"/>
                <Baseline points="373,2018 417,2018 462,2018 507,2018 552,2021 597,2021 641,2021 686,2021 731,2021 776,2021 821,2021 865,2018 910,2018 955,2018 1000,2018 1044,2018 1089,2015 1134,2018 1158,2018"/>
                <TextEquiv>
                    <Unicode>Diejenige, die das Frauenzimmer bloß zur Wirth</Unicode>
                </TextEquiv>
            </TextLine>
            <TextLine id="r_2599_tl_31" custom="readingOrder {index:30;}">
                <Coords points="317,2074 1153,2070 1153,2033 1118,2023 498,2044 317,2019"/>
                <Baseline points="331,2063 352,2063 397,2060 441,2060 486,2057 531,2060 576,2060 620,2060 665,2063 710,2063 755,2063 800,2063 844,2060 889,2060 934,2060 979,2060 1024,2060 1068,2057 1113,2057 1158,2060"/>
                <TextEquiv>
                    <Unicode>schaft und der Sinnenfreude herabsetzen, werden</Unicode>
                </TextEquiv>
            </TextLine>
            <TextLine id="r_2599_tl_32" custom="readingOrder {index:31;}">
                <Coords points="317,2114 2012,2100 1970,2056 317,2077"/>
                <Baseline points="331,2104 358,2104 403,2101 447,2101 492,2098 537,2098 582,2098 626,2101 671,2101 716,2101 761,2101 806,2101 850,2101 895,2101 940,2098 985,2098 1030,2098 1074,2098 1119,2098 1164,2098 1188,2095 1233,2095 1277,2098 1322,2095 1367,2095 1412,2095 1456,2095 1501,2095 1546,2095 1591,2095 1636,2095 1680,2095 1725,2095 1770,2092 1815,2092 1859,2092 1904,2092 1949,2092 1994,2092 2018,2095"/>
                <TextEquiv>
                    <Unicode>diese Aufmunterung vielleicht aus Furcht vor dem dem man sich mit Eisen oder Quecksilber abgegeben.</Unicode>
                </TextEquiv>
            </TextLine>
            <TextLine id="r_2599_tl_33" custom="readingOrder {index:32;}">
                <Coords points="315,2151 1375,2139 1602,2181 2014,2146 2016,2102 1833,2095 317,2114"/>
                <Baseline points="328,2143 361,2146 406,2143 450,2143 495,2143 540,2140 585,2140 629,2140 674,2140 719,2143 764,2143 809,2143 853,2143 898,2143 943,2140 988,2140 1032,2140 1077,2140 1122,2140 1167,2137 1182,2137 1212,2140 1256,2137 1301,2137 1346,2137 1391,2137 1436,2137 1480,2137 1525,2137 1570,2137 1615,2137 1659,2137 1704,2137 1749,2134 1794,2137 1839,2134 1883,2134 1928,2134 1973,2134 2018,2131"/>
                <TextEquiv>
                    <Unicode>Anwachs des Witzes des schönen Geschlechtes, vers Man wird nicht die Beschwerde, aber wohl den</Unicode>
                </TextEquiv>
            </TextLine>
            <TextLine id="r_2599_tl_34" custom="readingOrder {index:33;}">
                <Coords points="310,2202 1519,2190 1519,2155 1375,2139 310,2153"/>
                <Baseline points="322,2185 361,2185 406,2185 450,2185 495,2182 540,2179 585,2179 629,2182 674,2182 719,2182 764,2182 809,2182 853,2185 898,2185 943,2182 988,2182 1032,2182 1077,2182 1122,2182 1167,2179 1212,2179 1256,2179 1301,2179 1346,2179 1391,2179 1436,2179 1480,2179 1525,2179"/>
                <TextEquiv>
                    <Unicode>dammen. Sie haben nichts zu besorgen meine Her= Gewinst vergrößern.</Unicode>
                </TextEquiv>
            </TextLine>
            <TextLine id="r_2599_tl_35" custom="readingOrder {index:34;}">
                <Coords points="310,2232 1158,2232 1158,2192 1127,2190 310,2202"/>
                <Baseline points="322,2227 358,2227 403,2227 447,2227 492,2227 537,2224 582,2224 626,2224 671,2224 716,2224 761,2224 806,2224 850,2224 895,2224 940,2224 985,2224 1030,2224 1074,2221 1119,2224 1164,2221"/>
                <TextEquiv>
                    <Unicode>ren, ein zu gefallen suchendes Frauenzimmer wird</Unicode>
                </TextEquiv>
            </TextLine>
            <TextLine id="r_2599_tl_36" custom="readingOrder {index:35;}">
                <Coords points="313,2283 2012,2266 2012,2227 1868,2220 313,2239"/>
                <Baseline points="325,2266 355,2269 400,2266 444,2266 489,2269 534,2266 579,2266 623,2266 668,2266 713,2266 758,2266 803,2263 847,2263 892,2263 937,2263 982,2263 1027,2263 1071,2263 1116,2263 1161,2263 1185,2260 1209,2260 1253,2263 1298,2260 1343,2260 1388,2260 1433,2260 1477,2260 1522,2257 1567,2257 1612,2257 1656,2260 1701,2260 1746,2260 1791,2257 1836,2257 1880,2257 1925,2257 1970,2257 2015,2254"/>
                <TextEquiv>
                    <Unicode>bald das von der Pedanterie unzertrennlich Lächerli= dem Zwecke nähern wozu sie geschaffen sind. Sie</Unicode>
                </TextEquiv>
            </TextLine>
            <TextLine id="r_2599_tl_37" custom="readingOrder {index:36;}">
                <Coords points="313,2324 2012,2313 2012,2266 1940,2257 313,2283"/>
                <Baseline points="325,2307 358,2307 403,2307 447,2307 492,2307 537,2307 582,2307 626,2307 671,2307 716,2307 761,2304 806,2304 850,2304 895,2304 940,2301 985,2301 1030,2304 1074,2304 1119,2301 1164,2301 1185,2301 1209,2301 1253,2304 1298,2301 1343,2301 1388,2301 1433,2301 1477,2301 1522,2298 1567,2298 1612,2298 1656,2295 1701,2298 1746,2298 1791,2298 1836,2298 1880,2298 1925,2298 1970,2295 2015,2298"/>
                <TextEquiv>
                    <Unicode>che abmerken, sie wird den Vortheil einer allerlieb= sollen gefallen und aufgeweckt seyn. Der praktische</Unicode>
                </TextEquiv>
            </TextLine>
            <TextLine id="r_2599_tl_38" custom="readingOrder {index:37;}">
                <Coords points="310,2359 2009,2352 2009,2313 1757,2299 310,2324"/>
                <Baseline points="322,2349 364,2352 409,2349 453,2349 498,2349 543,2346 588,2349 632,2349 677,2349 722,2349 767,2349 812,2346 856,2346 901,2346 946,2343 991,2343 1035,2343 1080,2343 1125,2343 1170,2343 1176,2340 1209,2343 1253,2343 1298,2343 1343,2343 1388,2343 1433,2343 1477,2343 1522,2340 1567,2340 1612,2340 1656,2337 1701,2340 1746,2337 1791,2337 1836,2340 1880,2340 1925,2340 1970,2337 2015,2337"/>
                <TextEquiv>
                    <Unicode>sten Unwissenheit in theoretischen Wissenschaften ein= Verstand, den sie im höhern Grad wie wir besitzen,</Unicode>
                </TextEquiv>
            </TextLine>
            <TextLine id="r_2599_tl_39" custom="readingOrder {index:38;}">
                <Coords points="310,2408 1739,2408 2009,2394 2012,2350 310,2368"/>
                <Baseline points="322,2394 352,2391 397,2391 441,2391 486,2388 531,2391 576,2388 620,2388 665,2388 710,2388 755,2388 800,2388 844,2388 889,2388 934,2385 979,2382 1024,2385 1068,2382 1113,2385 1158,2382 1176,2382 1209,2382 1253,2382 1298,2382 1343,2385 1388,2385 1433,2382 1477,2382 1522,2382 1567,2379 1612,2379 1656,2382 1701,2379 1746,2379 1791,2379 1836,2382 1880,2382 1925,2382 1970,2379 2015,2376"/>
                <TextEquiv>
                    <Unicode>sehen, und nichts als die Kunst zu reitzen studiren, wird sie von der Schönheit und dem Nutzen dieses</Unicode>
                </TextEquiv>
            </TextLine>
            <TextLine id="r_2599_tl_40" custom="readingOrder {index:39;}">
                <Coords points="315,2442 2009,2433 2009,2394 1912,2384 315,2405"/>
                <Baseline points="328,2430 355,2430 400,2430 444,2430 489,2430 534,2430 579,2430 623,2430 668,2430 713,2430 758,2430 803,2433 847,2430 892,2430 937,2427 982,2427 1027,2424 1071,2424 1116,2424 1161,2424 1179,2427 1209,2427 1253,2427 1298,2424 1343,2427 1388,2424 1433,2424 1477,2424 1522,2421 1567,2421 1612,2421 1656,2421 1701,2421 1746,2421 1791,2421 1836,2421 1880,2418 1925,2418 1970,2421 2015,2418"/>
                <TextEquiv>
                    <Unicode>Die Kräfte unsers Geschlechts, die zum Gefallen Zwecks, und der Güte des Mittels überzeugen, wir</Unicode>
                </TextEquiv>
            </TextLine>
            <TextLine id="r_2599_tl_41" custom="readingOrder {index:40;}">
                <Coords points="310,2477 1146,2489 1148,2433 313,2445"/>
                <Baseline points="322,2472 349,2472 394,2472 438,2472 483,2472 528,2472 573,2472 618,2472 662,2472 707,2472 752,2472 797,2472 841,2472 886,2472 931,2469 976,2469 1021,2466 1065,2466 1110,2466 1155,2466"/>
                <TextEquiv>
                    <Unicode>und zur guten Gesellschaft nothwendig sind, scheinen</Unicode>
                </TextEquiv>
            </TextLine>
            <TextLine id="r_2599_tl_42" custom="readingOrder {index:41;}">
                <Coords points="313,2516 1146,2514 1146,2484 1107,2472 313,2479"/>
                <Baseline points="325,2513 346,2510 391,2513 435,2510 480,2513 525,2510 570,2513 615,2513 659,2513 704,2513 749,2513 794,2513 838,2513 883,2510 928,2510 973,2510 1018,2510 1062,2510 1107,2510 1152,2507"/>
                <TextEquiv>
                    <Unicode>in uns nur todte Kräfte zu seyn, den Damen hat</Unicode>
                </TextEquiv>
            </TextLine>
            <TextLine id="r_2599_tl_43" custom="readingOrder {index:42;}">
                <Coords points="313,2565 2012,2560 2012,2512 1898,2509 313,2516"/>
                <Baseline points="325,2555 349,2552 394,2555 438,2552 483,2552 528,2555 573,2555 618,2555 662,2555 707,2555 752,2552 797,2552 841,2552 886,2549 931,2552 976,2552 1021,2549 1065,2552 1110,2549 1155,2546 1179,2546 1209,2546 1253,2549 1298,2549 1343,2552 1388,2549 1433,2549 1477,2549 1522,2549 1567,2546 1612,2549 1656,2549 1701,2546 1746,2543 1791,2546 1836,2546 1880,2543 1925,2543 1970,2543 2015,2543"/>
                <TextEquiv>
                    <Unicode>die gütige Natur daher das Vermögen dieser Unthät eingeschlafen nur erst bis zum Träumen bringen</Unicode>
                </TextEquiv>
            </TextLine>
            <TextLine id="r_2599_tl_44" custom="readingOrder {index:43;}">
                <Coords points="310,2607 1317,2616 1317,2565 1171,2549 310,2565"/>
                <Baseline points="322,2594 367,2597 412,2597 456,2594 501,2594 546,2597 591,2597 635,2597 680,2597 725,2597 770,2594 815,2594 859,2591 904,2594 949,2594 994,2594 1038,2594 1083,2594 1128,2594 1158,2594 1179,2591 1224,2591 1268,2591 1313,2591 1322,2591"/>
                <TextEquiv>
                    <Unicode>tigkeit für dem gänzlichen Absterben zu bewahren. könnten.</Unicode>
                </TextEquiv>
            </TextLine>
            <TextEquiv>
                <Unicode></Unicode>
            </TextEquiv>
        </TextRegion>
        <TextRegion id="r_2600" custom="readingOrder {index:1;}">
            <Coords points="1173,2608 1169,2951 284,2945 286,2608"/>
            <TextLine id="r_2600_tl_1" custom="readingOrder {index:0;}">
                <Coords points="491,2660 965,2655 965,2602 919,2595 491,2602"/>
                <Baseline points="504,2648 522,2648 567,2648 612,2648 656,2648 701,2648 746,2648 791,2648 835,2645 880,2645 925,2645 970,2645"/>
                <TextEquiv>
                    <Unicode>Neapolis, den 26. Nov.</Unicode>
                </TextEquiv>
            </TextLine>
            <TextLine id="r_2600_tl_2" custom="readingOrder {index:1;}">
                <Coords points="354,2702 1151,2699 1151,2651 1102,2634 785,2667 354,2637"/>
                <Baseline points="367,2689 394,2689 438,2689 483,2689 528,2689 573,2689 618,2689 662,2689 707,2689 752,2689 797,2686 841,2686 886,2686 931,2686 976,2689 1021,2686 1065,2686 1110,2686 1155,2683"/>
                <TextEquiv>
                    <Unicode>Allhier ist eine vornehme junge Dame, die vet¬</Unicode>
                </TextEquiv>
            </TextLine>
            <TextLine id="r_2600_tl_3" custom="readingOrder {index:2;}">
                <Coords points="310,2746 1146,2734 1146,2697 1111,2690 463,2713 310,2672"/>
                <Baseline points="322,2728 367,2731 412,2731 456,2731 501,2731 546,2728 591,2728 635,2728 680,2728 725,2728 770,2725 815,2728 859,2725 904,2728 949,2725 994,2728 1038,2728 1083,2728 1128,2728 1152,2728"/>
                <TextEquiv>
                    <Unicode>schiedene Jahre unfruchtbar gewesen war, auf eine</Unicode>
                </TextEquiv>
            </TextLine>
            <TextLine id="r_2600_tl_4" custom="readingOrder {index:3;}">
                <Coords points="303,2776 2007,2766 1938,2722 303,2746"/>
                <Baseline points="316,2767 361,2770 406,2770 450,2770 495,2770 540,2773 585,2770 629,2770 674,2770 719,2770 764,2767 809,2767 853,2767 898,2767 943,2767 988,2770 1032,2770 1077,2767 1122,2767 1155,2767 1176,2770 1200,2770 1244,2764 1289,2764 1334,2767 1379,2764 1385,2764 1430,2764 1474,2764 1519,2764 1564,2764 1609,2764 1653,2761 1698,2761 1743,2758 1788,2758 1833,2755 1877,2755 1922,2758 1967,2761 2012,2758"/>
                <TextEquiv>
                    <Unicode>wunderbare Art fruchtbar geworden, und glücklich zu Hülfe. Worzu denn, antwortete der Mönch.</Unicode>
                </TextEquiv>
            </TextLine>
            <TextLine id="r_2600_tl_5" custom="readingOrder {index:4;}">
                <Coords points="303,2815 1146,2815 1130,2776 303,2787"/>
                <Baseline points="316,2806 361,2806 406,2809 450,2809 495,2812 540,2812 585,2809 629,2809 674,2809 719,2809 764,2809 809,2809 853,2809 898,2809 943,2809 988,2809 1032,2809 1077,2809 1122,2809 1152,2806"/>
                <TextEquiv>
                    <Unicode>von einem jungen Sohn entbunden worden. Die</Unicode>
                </TextEquiv>
            </TextLine>
            <TextLine id="r_2600_tl_6" custom="readingOrder {index:5;}">
                <Coords points="306,2864 1153,2864 1153,2817 1123,2813 306,2817"/>
                <Baseline points="319,2845 364,2848 409,2848 453,2854 498,2851 543,2854 588,2854 632,2851 677,2851 722,2851 767,2851 812,2851 856,2851 901,2851 946,2851 991,2851 1035,2851 1080,2851 1125,2851 1158,2848"/>
                <TextEquiv>
                    <Unicode>besagte Art der Fruchtbarwerdung ist, nach ihrer ei¬</Unicode>
                </TextEquiv>
            </TextLine>
            <TextLine id="r_2600_tl_7" custom="readingOrder {index:6;}">
                <Coords points="296,2903 2007,2901 2007,2857 1928,2847 1306,2864 1188,2815 1120,2866 296,2859"/>
                <Baseline points="310,2895 346,2889 391,2889 435,2889 480,2892 525,2892 570,2895 615,2895 659,2892 704,2892 749,2892 794,2892 838,2895 883,2892 928,2892 973,2892 1018,2892 1062,2889 1107,2892 1152,2889 1173,2889 1206,2889 1250,2889 1295,2889 1340,2887 1385,2889 1430,2887 1474,2887 1519,2884 1564,2884 1609,2884 1653,2884 1698,2884 1743,2884 1788,2884 1833,2884 1877,2884 1922,2881 1967,2884 2012,2884"/>
                <TextEquiv>
                    <Unicode>genen Erzählung, diese: Sie gieng vor 10 Mona= daß der Himmel ihren Wunsch, auf sein Geber, er¬</Unicode>
                </TextEquiv>
            </TextLine>
            <TextEquiv>
                <Unicode></Unicode>
            </TextEquiv>
        </TextRegion>
        <TextRegion id="r_2611" custom="readingOrder {index:2;}">
            <Coords points="1191,576 2063,577 2043,2600 1172,2600"/>
            <TextLine id="r_2611_tl_1" custom="readingOrder {index:0;}">
                <Coords points="324,859 2040,833 2040,796 1894,787 324,810"/>
                <Baseline points="337,838 343,838 388,838 432,838 477,838 522,835 567,835 612,832 656,835 701,832 746,832 791,832 835,832 880,829 925,832 970,829 1015,829 1059,826 1104,826 1149,829 1194,826 1238,826 1283,826 1328,829 1373,829 1418,829 1462,829 1507,829 1552,829 1597,826 1642,826 1686,826 1731,826 1776,826 1821,824 1865,824 1910,824 1955,824 2000,826 2045,821"/>
                <TextEquiv>
                    <Unicode>er lächerlich, höchstens verdient er Mitleid — Eine unsers Vorschlags ist die Schwächung der Modeti¬</Unicode>
                </TextEquiv>
            </TextLine>
            <TextLine id="r_2611_tl_2" custom="readingOrder {index:1;}">
                <Coords points="322,926 2178,928 2178,850 2116,847 1986,884 322,889"/>
                <Baseline points="334,919 340,919 385,919 429,919 474,916 519,919 564,916 609,916 653,916 698,916 743,913 788,916 832,913 877,913 922,910 967,910 1012,910 1056,910 1101,910 1146,910 1191,907 1236,910 1280,907 1325,910 1370,910 1415,910 1459,910 1504,910 1549,910 1594,910 1639,907 1683,910 1728,907 1773,907 1818,907 1862,907 1907,907 1952,907 1997,907 2042,907 2065,913 2110,913 2155,916 2185,916"/>
                <TextEquiv>
                    <Unicode>Arm der Kunst zu gefallen. Wie sehr würden sich ten, die ihm wohlsteht, und nicht einen Putz mehr</Unicode>
                </TextEquiv>
            </TextLine>
            <TextLine id="r_2611_tl_3" custom="readingOrder {index:2;}">
                <Coords points="1241,1046 2030,1042 2030,1002 1989,993 1241,1005"/>
                <Baseline points="1253,1030 1274,1030 1319,1032 1364,1032 1409,1032 1453,1032 1498,1032 1543,1032 1588,1032 1633,1032 1677,1032 1722,1032 1767,1030 1812,1030 1857,1030 1901,1030 1946,1030 1991,1032 2036,1027"/>
                <TextEquiv>
                    <Unicode>Uns haben die Moden von je her, die man der</Unicode>
                </TextEquiv>
            </TextLine>
            <TextLine id="r_2611_tl_4" custom="readingOrder {index:3;}">
                <Coords points="322,1141 2037,1127 2037,1079 322,1093"/>
                <Baseline points="334,1125 364,1125 409,1122 453,1122 498,1122 543,1122 588,1122 632,1122 677,1119 722,1119 767,1119 812,1119 856,1119 901,1119 946,1116 991,1116 1035,1116 1080,1116 1125,1113 1170,1110 1194,1116 1236,1113 1280,1110 1325,1110 1370,1113 1415,1113 1459,1113 1504,1113 1549,1113 1594,1113 1639,1113 1683,1113 1728,1113 1773,1113 1818,1110 1862,1113 1907,1110 1952,1110 1997,1113 2042,1113"/>
                <TextEquiv>
                    <Unicode>lieren zwar hiebey, allein sie müssen fürs Wohl der Z. B. Heut ist eine hohe Stirn Mode, morgen darf</Unicode>
                </TextEquiv>
            </TextLine>
            <TextLine id="r_2611_tl_5" custom="readingOrder {index:4;}">
                <Coords points="1185,1204 2030,1204 2030,1169 1982,1160 1185,1169"/>
                <Baseline points="1197,1194 1241,1197 1286,1197 1331,1194 1376,1194 1421,1191 1465,1191 1510,1194 1555,1194 1600,1197 1645,1197 1689,1194 1734,1194 1779,1194 1824,1194 1868,1194 1913,1194 1958,1194 2003,1197 2036,1194"/>
                <TextEquiv>
                    <Unicode>nen abstehen — Begeht der Dichter nicht einen</Unicode>
                </TextEquiv>
            </TextLine>
            <TextLine id="r_2611_tl_6" custom="readingOrder {index:5;}">
                <Coords points="1181,1248 2028,1245 2012,1201 1181,1206"/>
                <Baseline points="1194,1238 1227,1238 1271,1236 1316,1236 1361,1238 1406,1236 1450,1236 1495,1236 1540,1236 1585,1236 1630,1236 1674,1236 1719,1236 1764,1236 1809,1233 1854,1233 1898,1233 1943,1236 1988,1236 2033,1236"/>
                <TextEquiv>
                    <Unicode>Fehler wenn er auf dem Theater sagen läßt: sie</Unicode>
                </TextEquiv>
            </TextLine>
            <TextLine id="r_2611_tl_7" custom="readingOrder {index:6;}">
                <Coords points="1241,1528 2026,1533 2009,1482 1241,1493"/>
                <Baseline points="1253,1519 1298,1522 1343,1522 1388,1522 1433,1522 1477,1522 1522,1522 1567,1522 1612,1522 1656,1522 1701,1522 1746,1522 1791,1519 1836,1519 1880,1519 1925,1519 1970,1519 2015,1519 2030,1522"/>
                <TextEquiv>
                    <Unicode>Solche Moden solte man immer für Thorheit</Unicode>
                </TextEquiv>
            </TextLine>
            <TextLine id="r_2611_tl_8" custom="readingOrder {index:7;}">
                <Coords points="317,1590 2030,1570 2030,1530 1403,1546 1213,1509 317,1544"/>
                <Baseline points="331,1576 367,1573 412,1573 456,1570 501,1570 546,1570 591,1570 635,1570 680,1570 725,1570 770,1567 815,1567 859,1567 904,1567 949,1564 994,1567 1038,1564 1083,1564 1128,1564 1173,1564 1194,1561 1230,1564 1274,1564 1319,1564 1364,1564 1409,1564 1453,1564 1498,1561 1543,1564 1588,1564 1633,1561 1677,1564 1722,1564 1767,1564 1812,1561 1857,1561 1901,1564 1946,1564 1991,1564 2036,1558"/>
                <TextEquiv>
                    <Unicode>hörig bestimmten Coquetterie würden die wechsels- halten, und nur die der Gestalt angemeßne eine</Unicode>
                </TextEquiv>
            </TextLine>
            <TextLine id="r_2611_tl_9" custom="readingOrder {index:8;}">
                <Coords points="1220,1653 2019,1653 2019,1586 1220,1614"/>
                <Baseline points="1233,1645 1262,1645 1307,1645 1352,1648 1397,1648 1442,1648 1486,1648 1531,1645 1576,1645 1621,1645 1665,1645 1710,1645 1755,1645 1800,1645 1845,1642 1889,1642 1934,1642 1979,1642 2024,1642"/>
                <TextEquiv>
                    <Unicode>Wir wollen die Materie nicht erschöpfen (ein ge¬</Unicode>
                </TextEquiv>
            </TextLine>
            <TextLine id="r_2611_tl_10" custom="readingOrder {index:9;}">
                <Coords points="1178,1736 2021,1736 2021,1697 1977,1688 1178,1695"/>
                <Baseline points="1191,1728 1218,1728 1262,1731 1307,1728 1352,1728 1397,1728 1442,1728 1486,1728 1531,1728 1576,1725 1621,1725 1665,1725 1710,1725 1755,1725 1800,1722 1845,1725 1889,1722 1934,1722 1979,1725 2024,1725"/>
                <TextEquiv>
                    <Unicode>mehr zu sagen haben, der uns aber nicht treffen</Unicode>
                </TextEquiv>
            </TextLine>
            <TextLine id="r_2611_tl_11" custom="readingOrder {index:10;}">
                <Coords points="315,1794 2030,1780 2030,1732 1910,1725 315,1746"/>
                <Baseline points="328,1776 358,1779 403,1779 447,1776 492,1776 537,1773 582,1776 626,1773 671,1773 716,1773 761,1773 806,1773 850,1773 895,1773 940,1770 985,1770 1030,1773 1074,1773 1119,1773 1164,1773 1188,1767 1233,1770 1277,1770 1322,1770 1367,1767 1412,1767 1456,1770 1501,1767 1546,1767 1591,1767 1636,1767 1680,1767 1725,1767 1770,1767 1815,1764 1859,1764 1904,1767 1949,1767 1994,1767 2036,1770"/>
                <TextEquiv>
                    <Unicode>Stuhls herholen würde - solche lustige Auftritte kann) die Schönen haben von Natur ein delikates</Unicode>
                </TextEquiv>
            </TextLine>
            <TextLine id="r_2611_tl_12" custom="readingOrder {index:11;}">
                <Coords points="1176,1859 2019,1854 2019,1822 1965,1810 1176,1822"/>
                <Baseline points="1188,1851 1218,1851 1262,1851 1307,1851 1352,1851 1397,1848 1442,1851 1486,1848 1531,1851 1576,1851 1621,1848 1665,1848 1710,1848 1755,1845 1800,1845 1845,1848 1889,1848 1934,1848 1979,1848 2024,1845"/>
                <TextEquiv>
                    <Unicode>ren Händen. Sie, die über den Besatz und die Re¬</Unicode>
                </TextEquiv>
            </TextLine>
            <TextLine id="r_2611_tl_13" custom="readingOrder {index:12;}">
                <Coords points="1169,1984 1188,1989 1197,1984 1204,1989 1227,1989 1248,1984 1255,1977 1289,1982 1289,1947 1273,1945 1262,1935 1250,1933 1241,1942 1232,1938 1215,1938 1211,1942 1169,1935"/>
                <Baseline points="1182,1970 1227,1970 1271,1970 1295,1970"/>
                <TextEquiv>
                    <Unicode>lieben.</Unicode>
                </TextEquiv>
            </TextLine>
            <TextLine id="r_2611_tl_14" custom="readingOrder {index:13;}">
                <Coords points="1229,2021 2016,2021 2016,1968 1986,1961 1794,1982 1588,1947 1507,1984 1340,1947 1229,1982"/>
                <Baseline points="1241,2012 1259,2012 1304,2012 1349,2012 1394,2012 1439,2012 1483,2012 1528,2012 1573,2009 1618,2012 1662,2012 1707,2009 1752,2012 1797,2009 1842,2009 1886,2009 1931,2012 1976,2012 2021,2009"/>
                <TextEquiv>
                    <Unicode>Diese feine Kunst von der wir geredet ist eine</Unicode>
                </TextEquiv>
            </TextLine>
            <TextLine id="r_2611_tl_15" custom="readingOrder {index:14;}">
                <Coords points="1176,2063 2019,2072 2019,2026 1949,2016 1514,2037 1176,2002"/>
                <Baseline points="1188,2054 1218,2057 1262,2057 1307,2054 1352,2054 1397,2054 1442,2054 1486,2054 1531,2054 1576,2054 1621,2054 1665,2054 1710,2051 1755,2054 1800,2054 1845,2054 1889,2051 1934,2051 1979,2051 2024,2051"/>
                <TextEquiv>
                    <Unicode>Goldmine, die man bisher sehr vernachläßigt, in¬</Unicode>
                </TextEquiv>
            </TextLine>
            <TextLine id="r_2611_tl_16" custom="readingOrder {index:15;}">
                <Coords points="1215,2236 2012,2227 2012,2176 1979,2171 1215,2188"/>
                <Baseline points="1227,2218 1253,2221 1298,2218 1343,2218 1388,2221 1433,2221 1477,2221 1522,2218 1567,2218 1612,2218 1656,2218 1701,2215 1746,2218 1791,2215 1836,2218 1880,2215 1925,2215 1970,2215 2015,2215"/>
                <TextEquiv>
                    <Unicode>Diese ehrbare Coquetterie wird die Schönen</Unicode>
                </TextEquiv>
            </TextLine>
            <TextLine id="r_2611_tl_17" custom="readingOrder {index:16;}">
                <Coords points="1169,2470 2012,2468 2012,2431 1942,2421 1831,2445 1169,2440"/>
                <Baseline points="1182,2466 1209,2466 1253,2466 1298,2466 1343,2466 1388,2466 1433,2466 1477,2466 1522,2466 1567,2463 1612,2463 1656,2463 1701,2466 1746,2463 1791,2463 1836,2460 1880,2460 1925,2463 1970,2460 2015,2460"/>
                <TextEquiv>
                    <Unicode>aber werden uns glücklich schätzen, wenn wir einige</Unicode>
                </TextEquiv>
            </TextLine>
            <TextLine id="r_2611_tl_18" custom="readingOrder {index:17;}">
                <Coords points="1176,2521 1954,2521 2009,2516 2012,2468 1176,2472"/>
                <Baseline points="1188,2510 1209,2507 1253,2507 1298,2507 1343,2510 1388,2507 1433,2507 1477,2507 1522,2507 1567,2504 1612,2504 1656,2504 1701,2501 1746,2504 1791,2501 1836,2501 1880,2501 1925,2501 1970,2501 2015,2498"/>
                <TextEquiv>
                    <Unicode>schlummernde Talente erwecken, und die recht fest</Unicode>
                </TextEquiv>
            </TextLine>
            <TextEquiv>
                <Unicode></Unicode>
            </TextEquiv>
        </TextRegion>
        <TextRegion id="r_2612" custom="readingOrder {index:3;}">
            <Coords points="2043,2600 2040,2957 1169,2951 1172,2600"/>
            <TextLine id="r_2612_tl_1" custom="readingOrder {index:0;}">
                <Coords points="1169,2658 2002,2651 2002,2590 1901,2579 1720,2611 1655,2581 1169,2597"/>
                <Baseline points="1182,2645 1203,2642 1247,2642 1292,2642 1337,2642 1382,2645 1427,2642 1471,2639 1516,2642 1561,2642 1606,2642 1650,2642 1695,2642 1740,2642 1785,2639 1830,2636 1874,2633 1919,2633 1964,2633 2009,2633"/>
                <TextEquiv>
                    <Unicode>ten in die Kirche der Theatiner, und sahe daselbst</Unicode>
                </TextEquiv>
            </TextLine>
            <TextLine id="r_2612_tl_2" custom="readingOrder {index:1;}">
                <Coords points="1171,2695 2014,2683 2014,2651 1884,2639 1708,2665 1171,2660"/>
                <Baseline points="1185,2683 1212,2683 1256,2683 1301,2683 1346,2683 1391,2681 1436,2681 1480,2683 1525,2683 1570,2683 1615,2681 1659,2681 1704,2683 1749,2678 1794,2678 1839,2675 1883,2675 1928,2675 1973,2675 2018,2675"/>
                <TextEquiv>
                    <Unicode>einen Mönch niederkniend beten. Sie redete den¬</Unicode>
                </TextEquiv>
            </TextLine>
            <TextLine id="r_2612_tl_3" custom="readingOrder {index:2;}">
                <Coords points="1169,2746 2012,2736 2012,2690 1928,2676 1169,2695"/>
                <Baseline points="1182,2728 1209,2725 1253,2725 1298,2725 1343,2725 1388,2725 1433,2725 1477,2722 1522,2722 1567,2722 1612,2722 1656,2722 1701,2719 1746,2716 1791,2719 1836,2716 1880,2716 1925,2716 1970,2716 2015,2716"/>
                <TextEquiv>
                    <Unicode>selben an, und sprach: Vater, euer Gebet komme mir</Unicode>
                </TextEquiv>
            </TextLine>
            <TextLine id="r_2612_tl_4" custom="readingOrder {index:3;}">
                <Coords points="1171,2817 2002,2808 2005,2766 1174,2780"/>
                <Baseline points="1185,2806 1203,2806 1247,2809 1292,2806 1337,2806 1382,2806 1427,2806 1471,2806 1516,2803 1561,2803 1606,2800 1650,2803 1695,2800 1740,2797 1785,2797 1830,2797 1874,2800 1919,2800 1964,2800 2009,2800"/>
                <TextEquiv>
                    <Unicode>Darzu, erwiederte sie, daß ich Kinder bekommen mö¬</Unicode>
                </TextEquiv>
            </TextLine>
            <TextLine id="r_2612_tl_5" custom="readingOrder {index:4;}">
                <Coords points="1266,2857 1993,2854 1993,2808 1266,2817"/>
                <Baseline points="1280,2845 1325,2848 1370,2848 1415,2845 1459,2845 1504,2842 1549,2842 1594,2842 1639,2842 1683,2842 1728,2839 1773,2839 1818,2839 1862,2839 1907,2839 1952,2842 1997,2845 2000,2845"/>
                <TextEquiv>
                    <Unicode>Der Mönch gab ihr darauf die Vertröstung,</Unicode>
                </TextEquiv>
            </TextLine>
            <TextLine id="r_2612_tl_6" custom="readingOrder {index:5;}">
                <Coords points="1884,2949 1903,2954 1935,2954 1949,2949 1965,2959 1977,2954 1984,2959 1998,2956 1998,2896 1982,2898 1975,2894 1961,2901 1935,2889 1915,2887 1903,2896 1884,2894"/>
                <Baseline points="1898,2925 1943,2925 1988,2928 2003,2928"/>
                <TextEquiv>
                    <Unicode>hören</Unicode>
                </TextEquiv>
            </TextLine>
            <TextEquiv>
                <Unicode></Unicode>
            </TextEquiv>
        </TextRegion>
    </Page>
</PcGts>
