2479 3508
292 380 367 440 haft
385 380 518 440 halten,
542 374 698 434 wiewohl
717 375 745 435 er
769 377 896 437 alsdenn
938 377 1018 437 nicht
1043 377 1100 437 auf
1124 377 1182 437 alle
1211 374 1286 434 vor¬

292 428 477 488 kommende
504 422 620 482 Briefe
648 424 742 484 paßt.
791 425 865 485 Der
892 425 1087 485 Verfasser,
1120 422 1167 482 der
1199 422 1278 482 seine

292 475 440 535 Studien
467 472 614 532 geendigt
636 470 714 530 hat,
736 472 793 532 und
820 473 878 533 nun
910 473 978 533 gern
1010 470 1063 530 sein
1095 470 1195 530 Glück
1216 469 1284 529 ma¬

291 521 356 581 chen
391 521 482 581 will,
513 518 644 578 begehrt
675 518 726 578 von
767 520 928 580 Freunden
964 519 1024 579 und
1060 518 1277 578 Verwandten

296 568 414 628 Rath,
440 566 496 626 wie
523 566 548 626 er
569 566 600 626 es
621 569 821 629 anzufangen
848 566 945 626 habe.
992 566 1064 626 Die
1090 563 1275 623 Antworten

298 616 359 676 sind
386 614 447 674 sehr
474 616 685 676 verschieden.
716 615 804 675 Sein
836 613 1021 673 Großvater
1043 613 1171 673 schreibt
1198 610 1274 670 einen

298 664 361 724 sehr
388 661 610 721 vernünstigen
638 661 753 721 Brief.
812 659 928 719 Gleich
960 661 1082 721 darauf
1109 659 1193 719 giebt
1220 658 1267 718 ihm

292 711 337 771 ein
368 710 484 770 Vetter
510 709 565 769 sein
607 709 820 769 Gutachten,
851 709 907 769 das
938 709 1075 769 ziemlich
1111 706 1293 766 freydenke¬

292 760 364 820 risch
390 760 503 820 lautet.
530 757 658 817 Endlich
685 756 756 816 thut
778 754 829 814 ihm
871 754 932 814 eine
959 757 1165 817 verwittwete
1186 754 1289 814 Muh¬

299 807 368 867 me,
402 806 461 866 aus
494 806 581 866 guter
614 804 738 864 Absicht
761 803 814 863 für
842 803 901 863 sein
934 804 1064 864 Glück,
1092 801 1287 861 verschiedne

297 852 670 912 Heyrathsvorschläge.
741 849 833 909 Dies
877 849 914 909 ist
948 849 996 909 der
1029 849 1164 909 Inhalt
1202 848 1283 908 einer

297 900 606 960 Briefsammlung,
648 897 735 957 deren
772 897 968 957 Fortsetzung
1005 897 1061 957 wir
1093 897 1149 957 mit
1175 897 1262 957 guten

298 948 438 1008 Grunde
469 947 630 1007 wünschen
667 946 812 1006 können,
838 945 900 1005 und
932 946 1004 1006 die,
1031 945 1149 1005 wofern
1187 942 1223 1002 sie
1254 939 1280 999 in

296 995 349 1055 dem
389 994 521 1054 gleichen
549 992 641 1052 Tone
661 990 820 1050 aushält,
840 990 933 1050 unter
953 991 1059 1051 unsern
1086 991 1278 1051 Originalen
1325 1002 1463 1062 „1764,
1484 1007 1550 1067 134
1577 1007 1689 1067 Seiten
1716 1004 1742 1064 in
1769 1004 1848 1064 8vo.

295 1040 398 1100 gewiß
433 1037 516 1097 keine
546 1037 688 1097 niedrige
713 1034 821 1094 Stelle
856 1034 1043 1094 einnehmen
1078 1034 1176 1094 wird.
1225 1033 1293 1093 Ko¬

298 1088 359 1148 sten
401 1083 431 1143 in
478 1082 715 1142 vorbemeldten
772 1082 984 1142 Kanterschen
1031 1082 1293 1142 Buchhandlun=

304 1135 354 1195 gen
383 1130 426 1190 12
448 1130 505 1190 gr.

707 1198 890 1258 Berlin.

340 1251 602 1311 "Petrarchische
627 1246 804 1306 Gedichte,
823 1249 908 1309 8vo,
933 1246 1049 1306 1764,
1074 1246 1086 1306 2
1123 1243 1263 1303 Bogen.

299 1298 339 1358 Es
375 1303 438 1363 sind
467 1300 594 1360 kleine,
624 1297 705 1357 artig
740 1295 908 1355 abgefaßte
938 1296 1088 1356 Stücke,
1112 1294 1279 1354 verliebten

308 1348 476 1408 Inhalts;
504 1348 556 1408 von
589 1347 678 1407 denen
705 1345 763 1405 wir
790 1345 884 1405 nichts
912 1343 1017 1403 weiter
1049 1345 1080 1405 zu
1119 1345 1203 1405 sagen
1240 1344 1298 1404 nö¬

300 1396 362 1456 thig
391 1396 516 1456 haben,
545 1393 619 1453 weil
637 1393 665 1453 es
694 1393 774 1453 schon
797 1393 940 1453 bekannt
963 1393 1026 1453 ist,
1055 1393 1117 1453 wie
1147 1393 1215 1453 süße
1244 1392 1295 1452 die

292 1443 414 1503 Herren
442 1437 564 1497 Poeten
596 1440 622 1500 in
655 1440 702 1500 der
724 1437 974 1497 Göttersprache
1002 1440 1033 1500 zu
1066 1440 1188 1500 seufzen
1220 1439 1294 1499 wis¬

298 1491 368 1551 sen.
417 1490 487 1550 Uns
521 1488 650 1548 scheinen
688 1488 785 1548 jedoch
829 1488 959 1548 manche
992 1486 1122 1546 Stellen
1160 1486 1214 1546 gar
1252 1487 1284 1547 zu

298 1539 447 1599 weichlich
474 1538 532 1598 und
559 1536 746 1596 tändelhaft
762 1534 996 1594 ausgedrückt;
1029 1533 1092 1593 wir
1114 1533 1284 1593 wünschten

303 1587 393 1647 auch,
422 1583 472 1643 daß
506 1582 697 1642 verschiedne
714 1583 810 1643 Zeilen
839 1584 906 1644 noch
935 1586 1013 1646 einer
1041 1584 1187 1644 schärfern
1216 1583 1288 1643 Kri¬

291 1630 331 1690 tik
356 1629 571 1689 unterworfen
602 1628 726 1688 worden
757 1626 881 1686 wären.

351 1673 396 1733 An
432 1675 483 1735 dem
525 1673 698 1733 nämlichen
734 1671 844 1731 Orte,
874 1670 936 1730 und
966 1673 1023 1733 auf
1053 1670 1123 1730 eben
1158 1669 1285 1729 dieselbe

297 1718 385 1778 Art,
410 1716 444 1776 ist
469 1717 523 1777 auf
543 1715 626 1775 einen
657 1715 769 1775 Bogen
809 1712 882 1772 das
912 1712 986 1772 Lob
1016 1709 1084 1769 des
1119 1712 1295 1772 Landle¬

296 1763 401 1823 bens
426 1760 612 1820 abgedruckt
632 1757 777 1817 worden.
828 1757 888 1817 Ein
914 1755 1019 1815 kurzes
1045 1751 1205 1811 Gedicht,
1231 1753 1285 1813 das

300 1808 473 1868 vortreflich
503 1805 741 1865 ausgearbeitet
760 1802 817 1862 ist;
847 1805 904 1865 und
928 1805 986 1865 von
1016 1803 1062 1863 dem
1103 1802 1160 1862 wir
1184 1802 1282 1862 einige

306 1858 483 1918 Strophen
511 1858 562 1918 zur
583 1858 694 1918 Probe
714 1856 918 1916 mittheilen.

470 1945 507 2005 Im
546 1945 644 2005 goldnen
676 1945 751 2005 Kesig
767 1942 970 2002 eingeschlossen,

414 2002 526 2062 Verlebt
546 2002 576 2062 ich
602 2002 676 2062 leider
696 1999 852 2059 ungenossen

416 2058 476 2118 Die
496 2057 588 2117 Hälfte
607 2055 705 2115 meiner
730 2055 884 2115 Lebenszeit.

413 2112 479 2172 Was
502 2112 555 2172 war
578 2112 641 2172 mein
668 2109 757 2169 großer
779 2109 873 2169 Eifer?
901 2109 963 2169 allen

421 2167 480 2227 Des
506 2166 589 2226 Hofes
614 2166 721 2226 Augen,
739 2165 757 2225 zu
788 2163 907 2223 gefallen.

422 2222 489 2282 Was
509 2222 596 2282 meine
616 2220 709 2280 Sorg,
738 2218 770 2278 ein
798 2217 951 2277 Gallakleid.

460 2295 515 2355 Ich
538 2297 599 2357 hatt
616 2295 638 2355 in
662 2294 733 2354 eines
757 2296 868 2356 Sclaven
896 2297 1046 2357 Schranken

419 2354 503 2414 Nicht
524 2350 593 2410 eines
614 2348 698 2408 freyen
726 2348 825 2408 Manns
852 2354 1000 2414 Gedanken,

421 2409 472 2469 Und
496 2409 566 2469 eines
590 2402 682 2462 Weisen
712 2404 833 2464 Wünsche
852 2411 932 2471 nicht.

428 2465 485 2525 Wie
502 2461 625 2521 manches
643 2458 700 2518 mal
718 2458 766 2518 war
793 2459 833 2519 auf
850 2463 890 2523 der
909 2467 1006 2527 Bühne

413 2522 477 2582 Der
496 2521 584 2581 Welt,
608 2515 666 2575 mein
691 2512 802 2572 Unglück
821 2516 873 2576 eine
892 2520 997 2580 Miene!

413 2581 473 2641 Wie
494 2579 534 2639 oft
550 2578 615 2638 mein
641 2574 712 2634 Gram
748 2569 783 2629 ein
804 2569 885 2629 scheel
901 2575 1022 2635 Gesicht!

290 2668 523 2728 Vornehmlich
547 2667 593 2727 ist
617 2662 671 2722 die
696 2656 929 2716 Entwickelung
969 2664 1140 2724 ungemein
1172 2664 1280 2724 artig,

287 2718 346 2778 wir
368 2717 465 2777 sollten
493 2715 530 2775 sie
553 2712 634 2772 zwar
668 2711 748 2771 nicht
776 2706 972 2766 verrathen;
999 2712 1075 2772 weil
1097 2712 1156 2772 sie,
1184 2712 1276 2772 uner¬

285 2768 423 2828 wartet,
447 2763 562 2823 stärker
591 2760 702 2820 wirkt.
752 2754 841 2814 Doch
875 2751 935 2811 wir
959 2759 1064 2819 wagen
1103 2760 1159 2820 den
1198 2759 1281 2819 Feh¬

288 2818 332 2878 ler
358 2816 377 2876 —
429 2811 582 2871 Nachdem
628 2811 685 2871 das
718 2806 890 2866 Landleben
929 2804 981 2864 auf
1007 2806 1064 2866 das
1097 2808 1173 2868 beste
1199 2805 1269 2865 war

1327 369 1482 429 gerühmt
1514 372 1684 432 worden,
1724 377 1832 437 macht
1864 374 2011 434 folgende
2044 372 2222 432 Nachricht
2254 374 2307 434 den

1325 419 1508 479 Beschluß.

1487 478 1559 538 Dies
1582 480 1627 540 Lob
1650 482 1694 542 der
1713 485 1807 545 Fluren
1837 485 1881 545 und
1904 483 1942 543 der
1966 482 2055 542 Stille

1440 536 1523 596 Sang
1548 534 1675 594 Damon;
1701 536 1750 596 und
1775 538 1818 598 sein
1844 539 1936 599 ernster
1956 536 2030 596 Wille

1443 591 1529 651 War,
1545 589 1587 649 sich
1612 592 1651 652 dem
1685 592 1757 652 Hofe
1777 592 1796 652 zu
1826 592 1951 652 entziehn.

1443 646 1481 706 Er
1501 646 1616 706 schwor,
1636 646 1673 706 den
1703 646 1794 706 Fluren
1819 649 1871 709 treu
1895 649 1919 709 zu
1944 649 2054 709 bleiben.

1440 700 1521 760 Allein
1549 700 1571 760 es
1595 700 1635 760 kam
1672 703 1703 763 ein
1727 703 1817 763 gnädig
1840 703 1999 763 Schreiben.

1437 754 1556 814 Schnell
1575 757 1630 817 reist
1649 757 1671 817 er
1695 758 1786 818 wieder
1809 760 1864 820 nach
1892 760 1997 820 Berlin.

1318 822 1436 882 Kosten
1471 819 1499 879 in
1540 822 1771 882 vorbemeldten
1812 825 2015 885 Kanterschen
2050 828 2287 888 Buchhandlun

1320 874 1375 934 gen
1406 873 1442 933 12
1468 870 1522 930 gr.

1398 962 1613 1022 Schiesisches
1649 963 1807 1023 Allerley.
1856 966 2048 1026 Frankfurt
2072 969 2128 1029 und
2163 972 2310 1032 Leipzig,

1930 1010 2004 1070 Der
2026 1015 2192 1075 Verfasser
2214 1016 2305 1076 dieser

1324 1050 1489 1110 Brochure
1510 1049 1545 1109 ist
1577 1051 1623 1111 der
1655 1052 1742 1112 Herr
1768 1052 1970 1112 Rittmeister
2001 1055 2068 1115 von
2110 1058 2177 1118 der
2203 1061 2311 1121 Grö¬

1320 1096 1417 1156 ben.
1466 1097 1541 1157 Sie
1564 1097 1687 1157 enthält
1710 1097 1720 1157 5
1742 1097 1899 1157 Aufsätze.
1948 1100 1986 1160 1)
2013 1100 2240 1160 Schutzschrift
2257 1106 2305 1166 für

1325 1144 1531 1204 diejenigen,
1557 1145 1665 1205 welche
1686 1143 1738 1203 ihr
1759 1145 1861 1205 Glück
1883 1145 1929 1205 bey
1955 1146 2006 1206 dem
2048 1148 2306 1208 Frauenzimmer

1323 1191 1465 1251 bekannt
1481 1190 1623 1250 machen.
1671 1192 1718 1252 2)
1745 1190 1813 1250 Die
1835 1196 1919 1256 Ehen
1951 1197 2008 1257 von
2041 1196 2124 1256 einem
2162 1198 2314 1258 preßhaf¬

1320 1237 1367 1297 ten
1405 1240 1569 1300 Soldaten
1606 1240 1632 1300 im
1675 1239 1781 1299 Zorne
1808 1245 1993 1305 betrachtet.
2052 1244 2093 1304 3)
2121 1243 2178 1303 Ein
2211 1246 2305 1306 Paar

1325 1288 1566 1348 Anmerkungen
1601 1290 1707 1350 wegen
1742 1288 1792 1348 der
1824 1294 1949 1354 Kinder
1980 1294 2170 1354 vornehmer
2201 1297 2311 1357 Leute.

1318 1339 1366 1399 4)
1389 1339 1546 1399 Nouvelle
1573 1339 1741 1399 Academie
1763 1339 1795 1399 du
1817 1339 1892 1399 jeu,
1921 1342 1963 1402 ein
1991 1342 2137 1402 Auszug.
2187 1345 2229 1405 5)
2257 1342 2310 1402 Ast

1324 1387 1378 1447 ego
1406 1387 1622 1447 Cecropides!
1671 1387 1719 1447 An
1747 1387 1795 1447 den
1823 1390 1920 1450 Adel.
1969 1390 2045 1450 Die
2067 1390 2196 1450 Satyre
2224 1390 2310 1450 herr¬

1321 1434 1396 1494 schet
1424 1434 1445 1494 in
1479 1436 1555 1496 allen
1588 1434 1685 1494 diesen
1719 1437 1926 1497 Schriften,
1959 1437 2018 1497 und
2051 1437 2116 1497 ihre
2144 1440 2301 1500 Stacheln

1321 1482 1381 1542 sind
1410 1482 1548 1542 ziemlich
1576 1483 1681 1543 spitzig
1710 1482 1887 1542 darinnen.
1937 1488 1987 1548 In
2021 1484 2070 1544 dem
2115 1486 2303 1546 Vorbericht

1319 1530 1377 1590 hat
1404 1530 1451 1590 der
1484 1530 1569 1590 Herr
1590 1530 1749 1590 Verfasser
1782 1528 1808 1588 im
1845 1530 1973 1590 Namen
2005 1532 2105 1592 seines
2133 1535 2302 1595 Verlegers

1319 1578 1372 1638 dem
1415 1575 1541 1635 schönen
1569 1578 1748 1638 Geschlecht
1775 1578 1924 1638 folgende
1946 1578 2226 1638 Ehrenerklärung
2258 1581 2311 1641 ge¬

1323 1622 1423 1682 than:
1450 1616 1560 1676 "Das
1582 1619 1687 1679 schöne
1709 1620 1888 1680 Geschlecht
1910 1622 2020 1682 findet,
2037 1622 2094 1682 wie
2116 1625 2152 1685 ich
2179 1623 2311 1683 fürchte,

1323 1662 1475 1722 „Stellen
1509 1664 1537 1724 in
1571 1662 1666 1722 diesen
1705 1662 1895 1722 Blättern,
1934 1666 1981 1726 die
2010 1664 2058 1724 ihm
2106 1667 2296 1727 beleidigend

1326 1706 1569 1766 "vorkommen.
1623 1705 1680 1765 Ich
1704 1706 1785 1766 habe
1810 1706 1886 1766 schon
1920 1707 2101 1767 dergleichen
2135 1711 2187 1771 auf
2207 1714 2307 1774 meine

1343 1747 1437 1807 'eigne
1464 1749 1569 1809 Kosten
1596 1751 1849 1811 ausgestrichen.
1903 1753 2034 1813 Sollten
2072 1755 2108 1815 sie
2135 1757 2203 1817 aber
2235 1763 2309 1823 mei¬

1330 1799 1403 1859 "ner
1426 1802 1709 1862 Aufmerksamkeit
1727 1802 1788 1862 und
1812 1803 1925 1863 meinem
1965 1805 2151 1865 Scharfsinn
2180 1811 2309 1871 entgan¬

1338 1852 1394 1912 gen
1429 1849 1526 1909 seyn,
1560 1852 1588 1912 so
1617 1852 1737 1912 werden
1777 1852 1816 1912 sie
1852 1855 1897 1915 dem
1943 1858 2211 1918 Frauenzimmer
2234 1861 2302 1921 doch

1317 1896 1427 1956 "nicht
1445 1900 1618 1960 entgehen.
1663 1903 1830 1963 Selbiges
1853 1903 1930 1963 wird
1953 1904 2014 1964 mir
2049 1903 2092 1963 die
2115 1906 2199 1966 Ehre
2222 1909 2316 1969 erzei¬

1339 1944 1422 2004 gen,
1441 1948 1464 2008 es
1489 1948 1591 2008 wissen
1616 1948 1645 2008 zu
1670 1949 1790 2009 laßen;
1815 1950 1839 2010 so
1870 1948 1923 2008 soll
1936 1945 2025 2005 ihnen
2056 1952 2303 2012 Genugthuung

1320 1995 1524 2055 geschehen.
1570 1996 1641 2056 Auf
1664 1996 1763 2056 meine
1786 1999 1897 2059 Kosten
1925 1996 1991 2056 will
2008 1996 2047 2056 ich
2070 1999 2119 2059 den
2148 1999 2302 2059 Verfasser

1324 2034 1401 2094 „des
1424 2040 1625 2100 frevelhaften
1653 2043 1847 2103 Abschnittes
1881 2047 2071 2107 aufsuchen,
2099 2046 2154 2106 vor
2178 2047 2310 2107 Gericht

1314 2085 1471 2145 "ziehen,
1505 2090 1564 2150 und
1603 2090 1657 2150 zum
1706 2091 1880 2151 Widerruf
1908 2093 1968 2153 und
2001 2094 2131 2154 Abbitte
2165 2097 2306 2157 treiben,

1316 2126 1391 2186 „wo
1413 2133 1440 2193 er
1462 2133 1532 2193 noch
1555 2136 1636 2196 lebt.
1680 2136 1788 2196 Wäre
1805 2139 1837 2199 er
1860 2139 1930 2199 aber
1952 2142 2044 2202 todt,
2067 2142 2093 2202 so
2121 2144 2207 2204 sollen
2246 2148 2299 2208 alle

1313 2179 1542 2239 „verdächtige
1564 2178 1723 2238 Stellen,
1756 2184 1814 2244 alle
1846 2185 1900 2245 den
1932 2187 2065 2247 Damen
2097 2193 2310 2253 unangeneh=

1312 2220 1382 2280 "me
1416 2229 1601 2289 Ausdrücke
1634 2226 1661 2286 in
1700 2231 1748 2291 der
1787 2234 1917 2294 zweyten
1962 2234 2097 2294 Auflage
2131 2237 2218 2297 unter
2251 2238 2299 2298 die

1317 2271 1446 2331 »Errata
1473 2274 1582 2334 gesetzt
1608 2275 1748 2335 werden.
1801 2279 1910 2339 Mehr
1936 2279 2008 2339 kann
2045 2281 2118 2341 man
2150 2282 2206 2342 von
2243 2285 2300 2345 mir

1318 2321 1425 2381 "nicht
1448 2322 1594 2382 forden."
1632 2320 1707 2380 Wir
1730 2327 1833 2387 trauen
1866 2327 1914 2387 dem
1958 2327 2082 2387 Urtheil
2104 2330 2207 2390 unsrer
2229 2333 2310 2393 schö¬

1318 2375 1375 2435 nen
1403 2372 1581 2432 Leserinnen
1608 2370 1634 2430 zu
1666 2372 1729 2432 viel
1751 2375 1935 2435 Geschmack
1952 2375 2014 2435 zu,
2036 2378 2083 2438 als
2110 2377 2162 2437 daß
2189 2378 2220 2438 sie
2242 2380 2305 2440 die¬

1320 2420 1358 2480 ses
1385 2422 1466 2482 nicht
1488 2419 1537 2479 für
1559 2417 1623 2477 eine
1646 2423 1770 2483 Ironie
1793 2424 1895 2484 halten
1923 2424 2047 2484 sollten.
2092 2423 2172 2483 Wir
2195 2429 2291 2489 finden

1320 2467 1346 2527 in
1379 2467 1471 2527 dieser
1488 2466 1617 2526 Schrift
1639 2469 1715 2529 viele
1737 2472 1834 2532 artige
1856 2473 2083 2533 Wendungen,
2105 2473 2159 2533 und
2186 2476 2229 2536 die
2251 2476 2305 2536 fei¬

1314 2515 1367 2575 nen
1390 2515 1590 2575 Kunststücke
1612 2513 1694 2573 derer
1716 2521 1830 2581 Herren
1857 2521 2069 2581 Glücksritter
2092 2522 2210 2582 werden
2233 2527 2297 2587 hier

1316 2563 1343 2623 in
1377 2563 1415 2623 ein
1450 2563 1627 2623 ziemliches
1661 2564 1738 2624 Licht
1761 2566 1899 2626 gesetzet.
1950 2566 2027 2626 Wir
2056 2572 2194 2632 beklagen
2228 2575 2305 2635 nur,

1314 2614 1374 2674 daß
1402 2611 1423 2671 in
1452 2614 1546 2674 diesen
1574 2609 1712 2669 wenigen
1735 2615 1845 2675 Bogen
1873 2614 1900 2674 so
1923 2612 2000 2672 viele
2017 2620 2222 2680 Druckfehler
2239 2620 2299 2680 ein¬

1302 2658 1509 2718 geschlichen.
1559 2655 1634 2715 Den
1668 2661 1771 2721 Tittel
1793 2664 1891 2724 zieret
1914 2663 1979 2723 eine
2012 2664 2093 2724 nicht
2116 2667 2186 2727 übel
2208 2667 2300 2727 ange¬

1305 2708 1429 2768 brachte
1451 2703 1607 2763 Vignette
1633 2705 1695 2765 mit
1717 2712 1805 2772 einer
1831 2712 2039 2772 italienischen
2071 2713 2300 2773 Ueberschrift.

1310 2754 1420 2814 Kostet
1455 2754 1482 2814 in
1531 2755 1758 2815 vorgemeldten
1801 2762 2000 2822 Kanterschen
2036 2760 2297 2820 Buchhandlun=

1303 2809 1362 2869 gen
1393 2805 1428 2865 18
1459 2802 1512 2862 gr.
