2479 3508
618 1194 747 1254 29tes
788 1196 950 1256 Stück.
1007 1197 1217 1257 Freytag,
1251 1196 1315 1256 den
1365 1196 1437 1256 11.
1470 1196 1574 1256 May
1624 1196 1769 1256 1764.

627 1262 768 1322 Riga.

281 1354 360 1414 ge
386 1354 618 1414 Tefterdar
644 1352 714 1412 oder
740 1351 977 1411 Schatzmeister
1002 1349 1052 1409 des
1078 1351 1188 1411 Groß¬

206 1401 407 1461 sultanischen
434 1399 555 1459 Hofes,
571 1399 624 1459 der
646 1396 735 1456 1731
762 1397 782 1457 in
815 1396 957 1456 Moskau
984 1394 1079 1454 seinen
1106 1393 1185 1453 Ein¬

200 1453 259 1513 zug
287 1446 444 1506 gehalten,
467 1444 531 1504 war
554 1443 607 1503 vor
630 1443 695 1503 zehn
723 1441 841 1501 Jahren
875 1440 967 1500 abhin
995 1440 1048 1500 mit
1071 1440 1163 1500 seinem

195 1497 303 1557 Vater
331 1494 379 1554 bey
407 1494 455 1554 der
477 1494 667 1554 Ambassade
689 1493 716 1553 in
738 1491 917 1551 Frankreich
944 1490 1096 1550 gewesen,
1113 1491 1172 1551 und

201 1599 250 1659 ihm
290 1596 368 1656 zwey
396 1595 547 1655 Bücher,
570 1593 597 1653 so
620 1595 681 1655 aus
710 1593 759 1653 der
788 1593 871 1653 1727
900 1593 927 1653 zu
961 1590 1184 1650 Constantino=

204 1649 258 1709 pel
279 1646 329 1706 neu
360 1646 535 1706 angelegten
566 1645 621 1705 und
647 1643 702 1703 von
733 1640 778 1700 dem
823 1640 1019 1700 Großvezier
1050 1638 1175 1698 damals

199 1694 442 1754 veranstalteten
470 1694 644 1754 Druckerey
671 1691 871 1751 gekommen,
888 1691 1046 1751 erhalten.
1094 1688 1173 1748 Das

201 1744 275 1804 erste
297 1742 333 1802 ist
355 1742 535 1802 Chronicon
568 1739 817 1799 Peregrinantis,
844 1739 960 1799 Const.
982 1739 1082 1799 1728,
1104 1736 1178 1796 4to.

205 1790 285 1850 Das
319 1790 433 1850 zweyte
458 1790 519 1850 eine
549 1786 754 1846 Grammaire
788 1781 911 1841 Turque
946 1781 983 1841 ou
1022 1781 1170 1841 methode

198 1837 306 1897 courte
342 1837 351 1897 &
396 1835 490 1895 facile
520 1830 599 1890 pour
624 1826 797 1886 apprendre
832 1825 856 1885 la
887 1822 1000 1882 langue
1036 1825 1178 1885 Turque,

200 1885 274 1945 avec
299 1885 328 1945 un
353 1881 485 1941 Recueil
501 1877 554 1937 des
575 1873 698 1933 Noms,
713 1870 767 1930 des
782 1868 900 1928 Verbes
920 1870 934 1930 &
974 1867 1028 1927 des
1048 1870 1156 1930 Manie

197 1933 245 1993 res
270 1932 299 1992 de
325 1929 428 1989 parler
447 1926 490 1986 les
515 1921 587 1981 plus
606 1918 795 1978 necessaires
820 1915 832 1975 à
857 1915 997 1975 sçavoir,
1016 1915 1089 1975 avec
1114 1915 1174 1975 plu-

202 1978 293 2038 sseurs
310 1973 485 2033 Dialogues
502 1967 670 2027 familiers.
682 1963 692 2023 à
715 1963 976 2023 Constantinople
993 1963 1096 2023 1730,
1113 1963 1178 2023 4to.

200 2024 313 2084 Durch
346 2020 432 2080 einen
465 2015 600 2075 Gönner
633 2014 687 2074 und
726 2012 948 2072 Mäcenaten,
981 2011 1029 2071 der
1062 2008 1088 2068 zu
1127 2008 1169 2068 der

203 2072 276 2132 Zeit
293 2067 344 2127 bey
367 2065 417 2125 den
447 2064 662 2124 auswärtigen
686 2061 821 2121 Affairen
850 2055 1032 2115 gestanden,
1055 2053 1089 2113 ist
1118 2055 1168 2115 das

198 2116 316 2176 letztere
339 2109 436 2169 Werk
453 2112 504 2172 der
527 2112 657 2172 hiesigen
687 2106 1089 2166 Stadtbibliotheck
1113 2100 1174 2160 ver¬

195 2166 270 2226 ehrt
288 2163 434 2223 worden,
452 2163 509 2223 und
533 2160 609 2220 diese
633 2159 1024 2219 morgenländische
1042 2148 1146 2208 Perl

200 2216 283 2276 desto
311 2211 522 2271 schätzbarer,
550 2211 628 2271 weil
651 2211 711 2271 nur
739 2208 800 2268 200
834 2202 1051 2262 Exemplarien
1085 2196 1173 2256 unter

203 2264 259 2324 des
294 2264 446 2324 gelehrten
481 2258 667 2318 Ibrahim
720 2251 895 2311 Effendi
924 2248 1088 2308 Direction
1128 2246 1172 2306 ge¬

199 2313 326 2373 druckt,
354 2312 423 2372 kaum
466 2309 503 2369 25
530 2306 626 2366 davon
664 2303 732 2363 nach
759 2302 887 2362 Europa
920 2297 1068 2357 gebrachk
1096 2290 1175 2350 wor=

203 2360 285 2420 den,
313 2359 429 2419 darauf
447 2356 490 2416 die
513 2353 690 2413 Druckerey
718 2348 801 2408 durch
830 2348 879 2408 den
907 2348 973 2408 Fall
996 2343 1040 2403 des
1068 2339 1173 2399 Groß¬

199 2408 316 2468 veziers
343 2404 582 2464 eingegangen,
604 2399 651 2459 die
667 2396 784 2456 Lettern
812 2396 869 2456 und
897 2393 1082 2453 vorhandne
1104 2387 1178 2447 Sa¬

197 2452 263 2512 chen
297 2452 368 2512 aber
397 2452 424 2512 im
469 2446 612 2506 Aufruhr
641 2443 696 2503 von
735 2440 785 2500 dem
835 2443 940 2503 Pöbel
974 2441 1068 2501 theils
1107 2434 1157 2494 ver

205 2497 346 2557 brannt,
374 2497 468 2557 theils
490 2495 537 2555 ins
564 2493 680 2553 Wasser
701 2489 854 2549 geworfen
892 2491 1034 2551 worden.

203 2543 304 2603 Diese
328 2545 372 2605 bey
401 2544 446 2604 dem
492 2541 599 2601 Buche
617 2537 814 2597 angemerkte
838 2539 1013 2599 Nachricht
1037 2531 1110 2591 wird
1139 2530 1166 2590 es

201 2593 257 2653 für
275 2590 370 2650 einige
387 2590 466 2650 Leser
483 2587 749 2647 interessant
767 2586 845 2646 gnug
863 2587 1003 2647 machen,
1009 2582 1037 2642 um
1071 2578 1161 2638 dassel

194 2641 231 2701 be
253 2639 353 2699 näher
375 2635 485 2695 kennen
518 2635 544 2695 zu
571 2632 692 2692 lernen.
741 2632 814 2692 Der
847 2635 952 2695 Druck
985 2629 1074 2689 dieser
1101 2625 1170 2685 tür¬

198 2689 308 2749 kischen
336 2682 552 2742 Sprachlehre
575 2679 613 2739 ist
630 2679 685 2739 auf
714 2679 802 2739 gutem
841 2682 985 2742 Papier,
1013 2675 1079 2735 aber
1107 2672 1168 2732 mit

198 2736 344 2796 Lettern,
368 2731 412 2791 die
436 2729 498 2789 sehr
521 2727 709 2787 bröckelhaft
726 2727 907 2787 aussehen,
925 2730 982 2790 und
1005 2724 1072 2784 ihre
1096 2721 1163 2781 erste

199 2787 358 2847 Kindheit
379 2778 565 2838 verrathen,
592 2779 651 2839 wie
672 2777 718 2837 die
739 2778 905 2838 Schriften
933 2777 998 2837 kurz
1019 2774 1085 2834 nach
1119 2771 1165 2831 er=

1217 1270 1351 1330 fundner
1377 1267 1703 1327 Buchdruckerkunst,
1728 1267 1795 1327 oder
1820 1264 1875 1324 wie
1901 1267 1943 1327 die
1962 1266 2183 1326 Holzschnitte.

214 1316 375 1376 Said
403 1310 604 1370 Machmet
626 1310 834 1370 Effendi,
855 1309 909 1369 vom
957 1309 1064 1369 dritten
1092 1309 1186 1369 Ran=
1214 1311 1287 1371 Bey
1315 1309 1388 1369 allem
1423 1309 1476 1369 dem
1517 1306 1551 1366 ist
1572 1306 1598 1366 es
1626 1308 1693 1368 doch
1714 1309 1848 1369 ziemlich
1876 1309 2004 1369 correct,
2031 1309 2085 1369 und
2119 1310 2172 1370 das

1210 1351 1379 1411 Türkische
1395 1351 1482 1411 neben
1514 1351 1560 1411 bey
1581 1351 1638 1411 mit
1654 1351 1860 1411 französischen
1886 1352 2102 1412 Buchstaben,
2113 1358 2158 1418 dem

1210 1396 1330 1456 Schall
1346 1396 1406 1456 und
1432 1396 1482 1456 der
1503 1396 1700 1456 Aussprache
1726 1398 1817 1458 nach,
1843 1399 2060 1459 ausgedrückt.
2111 1403 2181 1463 Die

1210 1440 1318 1500 Bogen
1346 1440 1438 1500 haben
1471 1443 1569 1503 keinen
1602 1440 1743 1500 Custos,
1766 1443 1814 1503 die
1836 1443 1950 1503 Seiten
1983 1443 2037 1503 der
2065 1446 2184 1506 eigent¬

1211 1491 1299 1551 lichen
1333 1491 1554 1551 Grammatick
1576 1491 1715 1551 betragen
1743 1491 1775 1551 an
1810 1491 1853 1551 der
1876 1491 1958 1551 Zahl
1981 1491 2075 1551 etwas
2103 1497 2175 1557 über

201 1548 293 1608 dieser
323 1545 572 1605 Landessprache
602 1542 694 1602 völlig
729 1542 863 1602 kundig.
910 1539 996 1599 Man
1026 1539 1084 1599 hat
1113 1536 1165 1596 von
1212 1539 1298 1599 200.
1340 1539 1432 1599 Nach
1462 1539 1566 1599 obigem
1607 1536 1694 1596 Titel
1712 1539 1792 1599 folgt
1811 1539 1874 1599 eine
1892 1540 2187 1600 Zueignungs¬

1211 1593 1355 1653 schrift
1385 1590 1413 1650 an
1448 1589 1500 1649 den
1530 1587 1743 1647 Cardinal
1767 1587 1940 1647 Fleury.
1981 1585 2056 1645 Der
2086 1593 2183 1653 unge¬

1209 1639 1327 1699 nannte
1345 1637 1499 1697 Verfasser
1516 1639 1612 1699 macht
1631 1637 1721 1697 seiner
1739 1635 1989 1695 Ministerschaft
2007 1637 2046 1697 ein
2070 1641 2188 1701 schmei=

1203 1690 1303 1750 cheind
1326 1688 1571 1748 Compliment,
1594 1687 1655 1747 und
1678 1685 1812 1745 widmet
1829 1686 1879 1746 bey
1908 1688 1957 1748 der
1980 1688 2181 1748 neuerrichte¬

1212 1736 1257 1796 ten
1287 1739 1541 1799 Buchdruckerey
1576 1736 1604 1796 zu
1640 1739 1905 1799 Constantinopel
1929 1736 2009 1796 seine
2039 1741 2177 1801 erlangte

1208 1787 1375 1847 Kenntnis
1398 1784 1424 1844 in
1452 1787 1755 1847 morgenländischen
1789 1787 1956 1847 Sprachen
1984 1787 2081 1847 seinem
2120 1790 2184 1850 Va¬

1208 1829 1364 1889 terlande.
1414 1831 1462 1891 In
1490 1830 1538 1890 der
1566 1831 1755 1891 Vorrede
1778 1831 1858 1891 zeigt
1881 1833 1907 1893 er
1930 1833 1999 1893 an,
2022 1834 2070 1894 daß
2103 1836 2184 1896 Mi¬

1201 1873 1356 1933 ninski
1384 1873 1428 1933 sich
1462 1873 1528 1933 viel
1556 1875 1667 1935 Mühe
1695 1876 1717 1936 in
1756 1876 1806 1936 der
1835 1879 2001 1939 türkischen
2035 1882 2184 1942 Sprach¬

1203 1918 1283 1978 lehre
1311 1918 1457 1978 gegeben,
1479 1918 1549 1978 aber
1571 1921 1598 1981 zu
1625 1922 1815 1982 weitläuftig
1838 1924 1999 1984 geworden
2027 1929 2086 1989 sey,
2103 1930 2178 1990 weil

1206 1963 1235 2023 er
1260 1966 1314 2026 das
1339 1963 1501 2023 Arabische
1526 1963 1579 2023 und
1609 1966 1762 2026 Persische
1787 1966 1884 2026 damit
1905 1969 2071 2029 verbinden
2106 1975 2184 2035 wol¬

1198 2011 1267 2071 len.
1314 2008 1383 2068 Er,
1401 2008 1447 2068 der
1470 2010 1586 2070 Autor,
1604 2008 1678 2068 habe
1703 2011 1760 2071 mit
1784 2011 1830 2071 dem
1871 2015 2021 2075 gelehrten
2045 2017 2177 2077 Ibra¬

1207 2059 1270 2119 him
1317 2052 1497 2112 Effendi
1527 2052 1601 2112 alles
1632 2055 1840 2115 verglichen,
1881 2056 1945 2116 und
1975 2056 2020 2116 die
2051 2061 2172 2121 Regeln

1199 2103 1270 2163 aufs
1294 2101 1424 2161 kürzeste
1449 2099 1567 2159 gefaßt.
1615 2100 1662 2160 Er
1680 2103 1810 2163 glaubt,
1829 2102 1917 2162 seinen
1947 2106 2172 2166 Landsleuten,

1199 2151 1256 2211 und
1286 2148 1466 2208 überhaupt
1490 2147 1535 2207 den
1571 2151 1786 2211 Franken,
1816 2151 1890 2211 (wie
1914 2154 1960 2214 die
1984 2157 2169 2217 Ausländer

1201 2199 1252 2259 bey
1281 2196 1325 2256 den
1355 2193 1468 2253 Türken
1497 2199 1672 2259 zusammen
1702 2202 1820 2262 betitelt
1838 2202 1996 2262 werden,)
2014 2207 2093 2267 deren
2122 2210 2167 2270 sich

1204 2248 1226 2308 so
1250 2243 1313 2303 viel
1331 2243 1353 2303 in
1377 2240 1429 2300 der
1452 2245 1573 2305 Türkey
1603 2251 1787 2311 aufhalten,
1817 2252 1897 2312 einen
1927 2252 2042 2312 Dienst
2060 2255 2174 2315 hiemit

1196 2291 1339 2351 erwiesen
1368 2288 1395 2348 zu
1424 2291 1546 2351 haben.
1590 2298 1667 2358 Den
1691 2300 1790 2360 Druck
1813 2302 2018 2362 entschuldigt
2041 2306 2084 2366 er,
2102 2308 2179 2368 weil

1203 2340 1267 2400 man
1300 2337 1349 2397 den
1376 2340 1544 2400 allerersten
1566 2345 1696 2405 Versuch
1723 2348 1744 2408 im
1784 2351 2016 2411 Schriftgießen
2044 2354 2179 2414 machen,

1201 2388 1260 2448 und
1288 2385 1335 2445 sich
1358 2387 1428 2447 dazu
1456 2392 1563 2452 solcher
1586 2396 1747 2456 Personen
1780 2399 1926 2459 bedienen
1959 2400 2100 2460 müssen,
2127 2405 2170 2465 die

1202 2437 1258 2497 kein
1287 2435 1480 2495 Französisch
1503 2443 1708 2503 verstanden.
1754 2446 1805 2506 In
1834 2446 1884 2506 der
1908 2446 2101 2506 Aussprache
2124 2449 2175 2509 der

1193 2482 1359 2542 türkischen
1387 2485 1515 2545 Wörter
1538 2491 1604 2551 hoft
1627 2491 1654 2551 er
1677 2494 1722 2554 die
1739 2494 1772 2554 am
1811 2494 1905 2554 besten
1935 2494 2173 2554 gleichlautende

1206 2530 1395 2590 französische
1425 2536 1619 2596 Buchstaben
1655 2542 1838 2602 ausgesucht
1862 2542 1891 2602 zu
1933 2542 2050 2602 haben.
2098 2543 2168 2603 Die

1203 2578 1463 2638 Einleitung
1497 2587 1641 2647 erklärt,
1669 2589 1740 2649 was
1774 2589 1835 2649 eine
1863 2590 2085 2650 Sprachlehre
2113 2592 2179 2652 sey,

1201 2626 1271 2686 ihre
1293 2626 1401 2686 Theile
1429 2632 1553 2692 sowohl
1581 2637 1629 2697 als
1663 2633 1706 2693 die
1728 2635 1842 2695 Theile
1869 2632 1923 2692 der
1946 2636 2054 2696 Rede,
2082 2638 2162 2698 deren

1201 2673 1227 2733 er
1260 2673 1358 2733 wegen
1397 2678 1450 2738 des
1479 2682 1631 2742 Artickels
1659 2682 1767 2742 neun
1800 2682 1930 2742 ansetzt.
1975 2682 2045 2742 Die
2073 2682 2181 2742 Tür¬

1192 2721 1257 2781 ken
1285 2724 1383 2784 haben
1411 2727 1491 2787 keine
1514 2730 1863 2790 Doppellauter,
1890 2729 1955 2789 auch
1983 2728 2081 2788 keinen
2109 2727 2173 2787 Ar¬

1194 2772 1332 2832 tickel,
1358 2775 1446 2835 wohl
1465 2779 1534 2839 aber
1560 2781 1679 2841 gewisse
1699 2777 1799 2837 Lese=
1819 2778 1894 2838 und
1920 2775 2178 2835 Unterschei¬

2009 2822 2176 2882 dungs¬
