2479 3508
243 377 407 437 mehreren
442 377 657 437 enrspäischen
686 377 788 437 Höfen
822 378 975 438 fortsetzen
1016 377 1117 437 wird.
1163 375 1241 435 Der

248 426 411 486 Marquis
451 424 504 484 von
549 425 781 485 Havrincourt
806 425 864 485 hat
895 426 993 486 seinen
1043 425 1244 485 Secretair,

245 476 351 536 Herrn
384 473 564 533 Desjardin
603 473 671 533 nach
704 476 885 536 Versailles
912 473 1077 533 geschickt,
1105 473 1248 533 woselbst

249 524 322 584 man
352 519 406 579 das
431 524 730 584 Handlungswesen
760 524 898 584 zwischen
928 524 1040 584 beyden
1071 521 1237 581 Nationen

251 572 368 632 wieder
400 572 581 632 hergestellt
608 574 634 634 zu
672 575 736 635 sehn
769 572 928 632 wünscht,
950 572 1035 632 ohne
1062 572 1158 632 jedoch
1190 571 1243 631 den

256 619 451 679 Holländern
482 622 527 682 die
548 622 719 682 Vortheile
744 622 795 682 des
820 622 971 682 Tractats
991 620 1047 680 von
1073 622 1178 682 1739.
1193 618 1253 678 ein=

252 670 342 730 gehen
377 670 411 730 zu
446 670 582 730 wollen.

488 721 683 781 London,
711 718 763 778 den
801 718 864 778 10.
891 718 1007 778 April.

305 769 405 829 Unser
427 768 495 828 Hof
517 768 554 828 ist
576 768 633 828 mit
660 768 713 828 dem
756 766 925 826 Vorhaben
962 766 1020 826 von
1052 763 1258 823 Wiederher=

257 819 386 879 stellung
419 818 467 878 der
501 814 901 874 Französisch=Indischen
940 813 1145 873 Compagnie
1173 810 1243 870 eben

254 868 278 928 so
304 867 406 927 wenig
432 867 614 927 zufrieden,
639 864 683 924 als
713 863 786 923 über
801 862 850 922 die
870 861 1048 921 Abtretung
1078 861 1131 921 von
1161 861 1254 921 Neu¬

254 915 393 975 Orleans
418 915 478 975 und
503 912 671 972 Louisiana
697 912 731 972 an
761 911 806 971 die
826 909 930 969 Crone
950 912 1154 972 Spaniens.
1174 909 1248 969 Des

251 963 389 1023 Königs
410 963 658 1023 großmüthiger
681 960 876 1020 Entschluß,
903 957 998 1017 denen
1025 960 1051 1020 in
1089 960 1136 1020 dem
1179 957 1258 1017 Auf¬

250 1010 332 1070 ruhr
364 1010 452 1070 1745
489 1010 712 1070 verschuldeten
755 1007 910 1067 Familien
942 1004 1014 1064 ihre
1045 1005 1253 1065 eingezogene

261 1057 366 1117 Güter
395 1058 423 1118 in
457 1055 659 1115 Schottland
693 1052 812 1112 wieder
841 1050 1100 1110 auszuliefern,
1134 1050 1172 1110 ist
1201 1052 1253 1112 der

261 1105 366 1165 Stoff
385 1102 534 1162 manches
573 1097 845 1157 Muthwillens,
885 1097 1004 1157 womit
1033 1097 1105 1157 man
1139 1095 1253 1155 Georg

259 1154 311 1214 den
345 1151 403 1211 III.
418 1150 446 1210 zu
476 1146 586 1206 Georg
611 1148 663 1208 den
693 1145 928 1205 Schottländer
953 1142 1073 1202 macht.
1117 1142 1251 1202 Gestern

260 1201 397 1261 begaben
429 1198 476 1258 sich
503 1196 514 1256 2
541 1193 587 1253 bis
614 1193 698 1253 3000
731 1190 842 1250 Weber
874 1190 952 1250 ganz
974 1190 1064 1250 ruhig
1096 1190 1164 1250 nach
1191 1189 1259 1249 St.

271 1251 413 1311 James,
440 1248 477 1308 um
520 1246 567 1306 dem
610 1243 736 1303 Könige
753 1240 821 1300 ihre
853 1240 958 1300 eigene
985 1238 1075 1298 Noth
1107 1237 1165 1297 und
1197 1237 1255 1297 das

270 1299 366 1359 Elend
394 1295 480 1355 ihrer
502 1297 653 1357 Familien
686 1291 907 1351 vorzustellen,
919 1291 978 1351 und
1000 1288 1146 1348 ersuchten
1174 1288 1254 1348 Ihro

263 1350 365 1410 Maj.
386 1348 417 1408 um
459 1348 509 1408 das
536 1345 664 1405 Verbot
685 1345 756 1405 aller
772 1342 916 1402 Einfuhr
937 1342 993 1402 von
1019 1342 1158 1402 fremden
1184 1338 1261 1398 Sei=

260 1399 462 1459 denzeugen.
494 1396 561 1456 Sie
582 1395 696 1455 fanden
728 1394 769 1454 ein
801 1393 863 1453 sehr
884 1392 1039 1452 gnädiges
1061 1390 1190 1450 Gehör,
1201 1390 1258 1450 und

263 1446 386 1506 kehrten
418 1443 510 1503 voller
531 1443 680 1503 Hofnung
712 1443 768 1503 und
789 1440 1031 1500 Zufriedenheit
1052 1437 1165 1497 wieder
1181 1437 1253 1497 nach

267 1497 394 1557 Hause.
442 1492 532 1552 Man
564 1494 674 1554 glaubt
707 1490 759 1550 daß
787 1488 871 1548 Herr
893 1488 1041 1548 Sulivan
1073 1487 1173 1547 Platz
1195 1488 1263 1548 ma¬

259 1544 328 1604 chen
358 1543 417 1603 und
443 1539 516 1599 Lord
537 1539 625 1599 Clive
646 1539 729 1599 freye
750 1539 863 1599 Hände
888 1536 1066 1596 bekommen
1096 1536 1190 1596 wird,
1210 1536 1254 1596 die

263 1593 381 1653 Sache
402 1590 428 1650 in
454 1588 604 1648 Bengala
635 1587 748 1647 wieder
770 1585 991 1645 herzustellen.
1064 1585 1141 1645 Der
1168 1584 1255 1644 Herr

266 1640 323 1700 von
347 1637 515 1697 Ferronce,
534 1634 659 1694 welcher
683 1634 726 1694 als
750 1631 1061 1691 außerordentlicher
1081 1628 1258 1688 Abgesand¬

264 1687 310 1747 ter
338 1685 385 1745 des
413 1679 611 1739 regierenden
649 1679 798 1739 Herzogs
827 1673 883 1733 von
921 1673 1179 1733 Braunschweig
1212 1673 1258 1733 die

268 1730 559 1790 Angelegenheiten
590 1724 640 1784 bey
666 1724 715 1784 der
736 1721 958 1781 Vermählung
984 1720 1033 1780 des
1054 1718 1250 1778 Erbprinzen

267 1781 330 1841 mit
357 1778 404 1838 der
426 1775 606 1835 Prinzessin
638 1772 776 1832 Augusta
797 1769 850 1829 von
882 1769 1030 1829 England
1057 1766 1083 1826 zu
1110 1768 1252 1828 besorgen

271 1828 413 1888 gehabt,
440 1825 540 1885 macht
562 1821 609 1881 sich
646 1819 715 1879 nach
747 1817 926 1877 erhaltener
953 1819 1259 1879 Abschiedsaudienz

277 1881 304 1941 zu
332 1879 426 1939 seiner
454 1871 619 1931 Rückreise
642 1870 708 1930 nach
736 1868 951 1928 Deutschland
974 1870 1084 1930 fertig.

476 1921 543 1981 Aus
577 1921 739 1981 Jtalien,
768 1920 817 1980 den
857 1918 913 1978 26.
942 1921 1064 1981 März.

323 1977 365 2037 Zu
397 1972 465 2032 Rom
504 1972 609 2032 wurde
636 1969 688 2029 vor
715 1969 831 2029 einigen
863 1969 964 2029 Tagen
996 1969 1053 2029 auf
1070 1966 1191 2026 Befehl
1208 1966 1260 2026 der

267 2025 458 2085 Regierung
489 2023 535 2083 der
562 2023 623 2083 Abt
644 2023 752 2083 Fiore,
774 2020 856 2080 einer
882 2017 939 2077 von
975 2019 1026 2079 den
1053 2017 1249 2077 Secretären

273 2077 327 2137 der
349 2073 483 2133 Päbstl.
500 2073 624 2133 Breve,
641 2070 694 2130 auf
716 2070 765 2130 die
782 2065 981 2125 Engelsburg
1004 2064 1165 2124 gebracht,
1182 2061 1257 2121 ohne

270 2127 323 2187 daß
355 2125 424 2185 man
451 2124 498 2184 die
520 2121 647 2181 Ursache
669 2118 769 2178 weiß.
801 2114 848 2174 In
881 2115 976 2175 seiner
998 2112 1199 2172 Wohnung,
1216 2111 1257 2171 wo

271 2175 349 2235 alles
374 2172 546 2232 gerichtlich
571 2169 807 2229 aufgezeichnet
822 2165 969 2225 worden,
985 2164 1058 2224 fand
1083 2164 1152 2224 man
1172 2163 1255 2223 4000

272 2220 390 2280 Scudi
411 2219 524 2279 baares
551 2214 658 2274 Geld,
680 2211 762 2271 viele
784 2211 933 2271 Juwelen
975 2214 1056 2274 nebst
1083 2211 1165 2271 Gold
1196 2211 1258 2271 und

279 2270 418 2330 Silber.
462 2267 538 2327 Der
571 2264 673 2324 dasige
701 2258 787 2318 Adel
809 2261 911 2321 macht
934 2261 1031 2321 große
1058 2258 1268 2318 Zubereitun¬

274 2318 352 2378 gen,
370 2315 420 2375 den
443 2318 567 2378 Herzog
590 2313 651 2373 von
680 2307 764 2367 York
788 2311 1025 2371 standesmäßig
1054 2310 1087 2370 zu
1122 2306 1268 2366 empfan¬

273 2363 351 2423 gen.
379 2357 452 2417 Der
474 2361 579 2421 Pabst
595 2365 653 2425 hat
675 2363 685 2423 2
712 2355 860 2415 römische
882 2360 992 2420 Nitter
1014 2360 1167 2420 ernannt,
1189 2356 1236 2416 dem

274 2414 371 2474 selben
398 2408 636 2468 aufzuwarten.
662 2408 708 2468 Im
745 2405 874 2465 Namen
901 2405 947 2465 des
973 2408 1134 2468 römischen
1165 2405 1258 2465 Volks

273 2461 397 2521 werden
424 2455 494 2515 Sr.
516 2455 651 2515 Königl.
662 2458 786 2518 Hoheit
803 2455 884 2515 zwey
906 2455 1062 2515 prächtige
1084 2455 1262 2515 Gemälde,

276 2510 360 2570 eines
386 2507 411 2567 in
436 2503 521 2563 Gold
542 2503 667 2563 gefaßt,
688 2506 738 2566 das
763 2503 879 2563 andere
900 2503 975 2563 aber
995 2503 1050 2563 von
1081 2503 1261 2563 mosaischer

273 2557 412 2617 Arbeit,
445 2553 493 2613 als
526 2551 568 2611 ein
607 2550 763 2610 Geschenk
791 2553 963 2613 überreicht
991 2551 1136 2611 werden.
1185 2551 1260 2611 Der

279 2608 384 2668 König
411 2604 464 2664 von
496 2599 676 2659 Sardinien
703 2596 760 2656 hat
782 2599 866 2659 durch
893 2601 930 2661 ein
962 2599 1057 2659 Edict
1073 2599 1126 2659 vom
1169 2599 1258 2659 21ten

277 2655 376 2715 dieses
399 2651 448 2711 die
472 2649 582 2709 bisher
610 2645 693 2705 freye
716 2643 865 2703 Ausfuhr
894 2648 943 2708 des
971 2649 1082 2709 Korns
1116 2646 1270 2706 aufgeho¬

278 2706 354 2766 ben.
402 2700 478 2760 Der
502 2700 596 2760 große
615 2696 696 2756 Rath
727 2691 749 2751 zu
774 2691 891 2751 Genua
910 2694 963 2754 hat
981 2697 1033 2757 dem
1075 2697 1269 2757 Magistrat,

276 2754 406 2814 welcher
432 2748 484 2808 für
504 2748 555 2808 den
582 2743 744 2803 Ueberfluß
778 2736 901 2796 sorget,
921 2742 1103 2802 Vollmacht
1123 2745 1272 2805 ertheilt,

272 2804 414 2864 400000
444 2797 550 2857 Livres
574 2796 603 2856 zu
627 2796 644 2856 4
669 2792 721 2852 pro
745 2786 827 2846 Cent
846 2787 1099 2847 aufzunehmen,
1124 2793 1182 2853 und
1213 2792 1271 2852 da=

280 2852 330 2912 für
349 2851 505 2911 Getreyde
519 2847 738 2907 anzukaufen,
745 2842 776 2902 um
815 2838 858 2898 den
884 2838 996 2898 Folgen
1016 2840 1066 2900 der
1085 2844 1266 2904 Theurung

276 2903 546 2963 vorzukommen.

1550 380 1701 440 Cadix,
1725 383 1780 443 den
1817 384 1877 444 13.
1902 380 2023 440 März.

1331 426 1558 486 Ohngeachtet
1575 431 1703 491 kürzlich
1731 434 1741 494 4
1775 434 1819 494 bis
1847 432 1858 492 5
1891 430 2013 490 Schiffe
2036 429 2097 489 mit
2114 431 2274 491 Getreyde

1284 476 1535 536 angekommen,
1551 479 1586 539 ist
1602 479 1733 539 dasselbe
1754 481 1834 541 nicht
1850 479 2047 539 wohlfeiler,
2063 479 2188 539 sondern
2214 480 2274 540 was

1286 524 1355 584 noch
1381 527 1767 587 bewundernswürdiger
1793 530 1843 590 ist,
1859 532 1908 592 das
1929 527 2039 587 Brodt
2055 527 2159 587 seitdem
2195 530 2280 590 theu=

1284 575 1335 635 rer
1359 575 1550 635 geworden.

1526 622 1729 682 Madrit,
1751 626 1803 686 den
1836 628 1900 688 22.
1927 625 2049 685 März.

1340 670 1410 730 Der
1437 674 1541 734 König
1574 673 1633 733 hat
1661 673 1709 733 der
1732 676 1955 736 Compagnie,
1971 676 2085 736 welche
2108 674 2151 734 die
2173 673 2286 733 Stadt

1285 716 1345 776 mit
1365 721 1597 781 Lebensmittel
1619 721 1775 781 versieht,
1806 724 1876 784 eine
1902 726 2033 786 Million
2064 724 2180 784 Realen
2221 724 2276 784 aus

1295 766 1385 826 seinem
1430 769 1566 829 Schatze
1586 770 1777 830 vorschießen
1809 773 1924 833 laßen,
1950 772 1984 832 um
2035 774 2085 834 den
2121 772 2145 832 in
2181 770 2276 830 dieser

1294 813 1489 873 Hauptstadt
1505 819 1610 879 täglich
1632 822 1864 882 zunehmenden
1891 822 2032 882 Mangel
2049 819 2281 879 abzuwenden.

1511 868 1729 928 Lissabon,
1756 870 1808 930 den
1846 870 1904 930 13.
1936 869 2053 929 Marz.

1342 911 1431 971 Weil
1453 917 1500 977 die
1517 916 1670 976 römische
1686 918 1786 978 Bulle
1814 918 2072 978 ausgeblieben,
2094 918 2204 978 welche
2226 917 2278 977 zur

1292 963 1471 1023 Fastenzeit
1488 966 1588 1026 Milch
1610 966 1667 1026 und
1689 966 1768 1026 Eyer
1790 969 1815 1029 zu
1842 966 1916 1026 essen
1949 966 2097 1026 erlaubt:
2113 966 2139 1026 so
2161 966 2213 1026 hat
2234 966 2281 1026 die

1293 1010 1483 1070 allgemeine
1510 1013 1747 1073 Verlegenheit
1778 1016 1902 1076 einigen
1939 1015 2114 1075 unruhigen
2150 1013 2274 1073 Köpfen

1295 1055 1395 1115 Anlaß
1433 1058 1597 1118 gegeben,
1635 1061 1713 1121 über
1752 1062 1804 1122 die
1841 1064 2133 1124 Angelegenheiten
2171 1062 2281 1122 unsers

1293 1100 1380 1160 Hofs
1416 1103 1478 1163 mit
1509 1103 1560 1163 dem
1617 1106 1756 1166 heiligen
1798 1112 1916 1172 Stuhl
1952 1112 2204 1172 Anmerkungen
2241 1109 2271 1169 zu

1292 1148 1433 1208 machen,
1459 1150 1570 1210 welche
1601 1149 1671 1209 ihre
1702 1154 1849 1214 Urheber
1880 1161 2012 1221 gerades
2058 1163 2184 1223 Weges
2225 1160 2280 1220 ins

1295 1196 1491 1256 Gefängniß
1525 1197 1660 1257 geführt
1688 1198 1805 1258 haben.

1546 1243 1715 1303 Algier,
1750 1246 1800 1306 den
1835 1248 1874 1308 5.
1903 1249 2022 1309 März.

1342 1293 1412 1353 Auf
1434 1294 1482 1354 den
1510 1294 1672 1354 Gebirgen
1700 1295 1835 1355 herrscht
1852 1296 1895 1356 ein
1928 1297 1955 1357 so
1982 1297 2096 1357 großer
2129 1298 2291 1358 Mangek,

1294 1345 1348 1405 daß
1376 1345 1430 1405 vor
1453 1345 1469 1405 3
1491 1348 1628 1408 Wochen
1666 1348 1742 1408 über
1770 1347 1885 1407 60000
1923 1348 2065 1408 Mohren
2104 1347 2131 1407 in
2159 1346 2202 1406 die
2230 1345 2300 1405 Fle=

1292 1396 1355 1456 cken
1398 1398 1456 1458 und
1483 1399 1609 1459 Städte
1647 1396 1741 1456 dieser
1774 1399 1953 1459 Gegenden
1986 1399 2171 1459 eingefallen
2208 1396 2292 1456 sind,

1294 1443 1331 1503 um
1375 1446 1423 1506 sich
1451 1446 1688 1506 Lebensmittel
1705 1447 1736 1507 zu
1775 1449 1980 1509 verschaffen.
2050 1449 2142 1509 Man
2175 1446 2228 1506 hat
2250 1443 2282 1503 sie

1292 1494 1408 1554 wieder
1435 1497 1572 1557 verjagt,
1600 1497 1657 1557 und
1684 1497 1795 1557 bringt
1817 1500 1922 1560 täglich
1944 1500 2076 1560 Ohren=
2082 1500 2139 1560 und
2161 1494 2288 1554 Nasen=

1293 1542 1383 1602 ringe
1409 1542 1464 1602 von
1495 1545 1545 1605 den
1571 1545 1687 1605 Leichen
1717 1546 1824 1606 derer,
1850 1548 1895 1608 die
1926 1549 1981 1609 bey
2011 1551 2107 1611 dieser
2128 1550 2294 1610 Gelegen¬

1297 1593 1362 1653 heit
1384 1593 1568 1653 geblieben,
1596 1596 1667 1656 nach
1694 1596 1742 1656 dem
1782 1596 1927 1656 Pallast.

1606 1727 1988 1787 AVERTISSEMENT.

1349 1774 1420 1834 Bey
1456 1777 1503 1837 dem
1551 1778 1711 1838 Verleger
1741 1778 1836 1838 dieser
1866 1778 2002 1838 Zeitung
2032 1783 2074 1843 ist
2098 1784 2127 1844 zu
2164 1787 2293 1847 haben:

1300 1828 1516 1888 Allgemeines
1543 1831 1841 1891 Künstlerlericon,
1874 1831 1949 1891 oder
1988 1831 2074 1891 kurze
2112 1834 2291 1894 Nachricht

1299 1876 1355 1936 von
1387 1879 1438 1939 dem
1474 1879 1562 1939 Leben
1593 1882 1655 1942 und
1682 1881 1733 1941 den
1764 1879 1893 1939 Werken
1924 1879 1976 1939 der
2007 1882 2162 1942 Mahler,
2193 1885 2291 1945 Bild¬

1300 1927 1416 1987 hauer,
1438 1930 1664 1990 Baumeister,
1698 1930 1935 1990 Kupferstecher
1958 1930 2002 1990 rc.
2024 1930 2062 1990 4,
2085 1930 2178 1990 Zürch
2207 1934 2295 1994 763,

1300 1975 1332 2035 16
1371 1980 1403 2040 fl.
1452 1978 1740 2038 Winkelmanns,
1762 1981 1855 2041 Joh.
1882 1977 2105 2037 Abhandlung
2138 1978 2197 2038 von
2231 1981 2284 2041 den

1304 2025 1505 2085 Fähigkeiten
1543 2025 1595 2085 der
1627 2026 1850 2086 Empfindung
1894 2026 1946 2086 des
1984 2026 2137 2086 Schönen
2181 2026 2207 2086 in
2244 2031 2291 2091 der

1297 2076 1424 2136 Kunst,
1445 2075 1508 2135 und
1535 2073 1582 2133 dem
1626 2073 1805 2133 Unterricht
1827 2076 1847 2136 in
1879 2073 2054 2133 derselben,
2081 2079 2122 2139 4,
2155 2079 2292 2139 Dresd.

1310 2119 1388 2179 763,
1417 2121 1428 2181 1
1457 2122 1490 2182 fl.
1513 2124 1546 2184 12
1575 2122 1625 2182 gr.
1682 2122 1807 2182 Dessen
1836 2122 2010 2182 Geschichte
2033 2125 2083 2185 der
2107 2129 2213 2189 Kunst
2236 2130 2281 2190 des

1308 2172 1528 2232 Alterthums,
1548 2167 1559 2227 2
1591 2166 1719 2226 Theile,
1744 2169 1781 2229 4,
1812 2169 1860 2229 ib.
1880 2172 1965 2232 764,
1990 2173 2026 2233 18
2052 2178 2088 2238 fl.
2138 2178 2285 2238 Overbe-

1308 2220 1377 2280 cke.
1403 2218 1527 2278 Bonav.
1541 2212 1647 2272 Restes
1666 2212 1703 2272 de
1729 2214 1916 2274 l'ancienne
1936 2218 2061 2278 Rome,
2087 2221 2099 2281 3
2131 2223 2193 2283 Vol
2225 2229 2293 2289 fol.

1307 2267 1412 2327 form.
1431 2266 1561 2326 d'Atlas,
1591 2261 1649 2321 175
1679 2263 1714 2323 fl.
1762 2264 1832 2324 Die
1857 2264 1963 2324 Kunst
1981 2264 2027 2324 der
2052 2270 2293 2330 Seidenfärbe=

1307 2316 1352 2376 rey
1381 2317 1437 2377 vom
1477 2313 1551 2373 Hn.
1569 2312 1745 2372 Macquer,
1774 2314 1830 2374 aus
1865 2315 1916 2375 dem
1962 2314 2087 2374 Franz.
2111 2318 2218 2378 übers.
2242 2322 2298 2382 mit

1307 2366 1466 2426 Anmerk.
1484 2361 1537 2421 von
1567 2360 1613 2420 I.
1626 2360 1672 2420 H.
1691 2363 1743 2423 G.
1762 2361 1820 2421 von
1844 2360 1956 2420 Justi,
1980 2363 2038 2423 mit
2057 2363 2221 2423 Kupfern,
2251 2374 2292 2434 4,

1312 2414 1411 2474 Berl.
1423 2414 1510 2474 764,
1533 2411 1549 2471 5
1572 2411 1610 2471 fl.
1660 2410 1693 2470 du
1721 2411 1847 2471 Hamel
1870 2408 1897 2468 de
1925 2411 2079 2471 Monceau
2113 2417 2217 2477 Kunst
2235 2420 2284 2480 de=

1307 2458 1583 2518 Wachsziehens,
1606 2458 1663 2518 aus
1693 2458 1738 2518 dem
1785 2461 1906 2521 Franz.
1924 2458 2027 2518 übers.
2045 2461 2102 2521 von
2131 2466 2171 2526 J.
2183 2467 2228 2527 H.
2241 2468 2292 2528 G.

1318 2509 1422 2569 Justi,
1441 2506 1496 2566 gr.
1509 2506 1539 2566 4,
1565 2506 1669 2566 Berl.
1688 2509 1768 2569 763,
1793 2510 1811 2570 4
1836 2509 1873 2569 fl.
1923 2507 2039 2567 ebend.
2059 2513 2163 2573 Kunst
2176 2515 2286 2575 Carten

1308 2564 1338 2624 zu
1363 2559 1510 2619 machen,
1529 2554 1591 2614 mit
1610 2557 1714 2617 Kupf.
1739 2560 1775 2620 4,
1801 2558 1905 2618 Berl.
1912 2559 1997 2619 763,
2023 2561 2034 2621 2
2054 2563 2090 2623 fl.

1352 2642 1455 2702 Diese
1472 2638 1645 2698 Zeitungen
1667 2643 1781 2703 werden
1809 2643 1971 2703 Montags
1994 2648 2048 2708 und
2070 2649 2222 2709 Freytags
2244 2649 2276 2709 um

1307 2696 1337 2756 10
1364 2691 1425 2751 Uhr
1447 2686 1654 2746 Vormittags
1675 2692 1701 2752 im
1743 2691 1950 2751 Kanterschen
1971 2697 2152 2757 Buchladen
2184 2697 2302 2757 ausge=

1309 2744 1425 2804 geben,
1436 2736 1524 2796 allwo
1541 2736 1607 2796 auch
1630 2741 1690 2801 noch
1713 2742 1762 2802 von
1785 2742 1834 2802 den
1856 2742 1983 2802 hiesigen
2011 2745 2088 2805 resp.
2100 2742 2287 2802 Liebhabern

1305 2790 1356 2850 die
1377 2784 1655 2844 Pranumeration
1686 2792 1743 2852 auf
1764 2790 1825 2850 dies
1857 2790 1970 2850 zweyte
1991 2793 2141 2853 Quartal
2162 2792 2218 2852 mit
2234 2793 2243 2853 2
2265 2795 2295 2855 fl.

1306 2835 1538 2895 angenommen
1580 2835 1683 2895 wird,
1720 2836 1932 2896 Auswärtige
1964 2839 2036 2899 aber
2068 2838 2202 2898 belieben
2239 2844 2290 2904 sich

1306 2883 1440 2943 deshalb
1475 2882 1521 2942 bey
1556 2885 1603 2945 dem
1644 2885 1799 2945 Postamt
1820 2885 1907 2945 ihres
1928 2887 2008 2947 Orts
2036 2886 2069 2946 zu
2104 2888 2245 2948 melden.
