2034 2755
204 194 1069 258 des Verfassers sich nichts von dem Gott der Christen
205 249 1062 290 verlauten zu laßen, gehört zum hohen Geschmack des er¬
208 280 1070 335 leuchteten Jahrhunderts, wo die Verleugnung des christ¬
205 326 1063 373 lichen Namens eine Bedingung ist, ohne die man zu
211 361 1057 411 dem Titul eines Weltweisen keine Ansprüche wagen darf.
192 398 1062 449 Daher wird es den boßhaftesten und unvernünftigsten
202 434 1051 474 Schriftstellern immer leichter, durch ein eiteles Nichts
196 466 1053 519 das Publicum zu bezaubern, ohne in ihrer Abscheulich=
199 507 1057 555 keit erkannt zu werden. Da Herr Robinet sich so viel
202 546 1053 599 Mühe gegeben hat, von Gott auf das zuverläßigste sa¬
205 582 1050 643 gen zu können, daß er Etwas sey: so schmeicheln wir
205 618 1050 672 uns, daß ihm die Ausarbeitung der übrigen drey Theile
205 663 1057 717 zu welchen er uns Hofnung macht, desto leichter fallen
196 689 1052 748 wird, um aus diesem Etwas alles zu machen, was ei¬
196 734 946 780 nen witzigen Schwätzer nur träumen kann.
213 737 1048 819 seinem sechsten Theile verspricht man sich den neuester
199 803 1054 853 Beweis von dem wichtigen Lehrsatz: Daß ein Etwas
200 842 1047 894 dem andern Etwas, der Dauer und dem Raume nach
205 879 1054 923 vollkommen ähnlich sey. Kostet in der Kanterschen
204 917 1027 976 Buchhandlung allhier, in Elbing und Mitau 5 fl. 15 gr.
495 981 767 1070 Versuch
300 1046 965 1136 über die Krankheiten des Kopfes.
193 1105 1050 1175 Die Einfalt und Gnügsamkeit der Natur fordert und
196 1165 1051 1218 bildet an dem Menschen nur gemeine Begriffe
199 1219 1058 1266 und eine plumpe Redlichkeit, der künstliche Zwang
202 1252 1057 1302 und die Ueppigkeit der bürgerlichen Verfassung he¬
205 1294 1057 1346 cket Witzlinge und Vernünftler, gelegentlich aber auch
199 1335 1057 1385 Narren und Betrüger aus, und gebieret den weisen
195 1374 1057 1424 oder sittsamen Schein, bey dem man so wohl des
205 1415 1047 1474 Verstandes als der Rechtschaffenheit entbehren kann,
193 1461 1050 1511 wann nur der schöne Schleyer dichte genug gewebr
199 1492 1060 1549 ist, den die Anständigkeit über die geheime Gebre¬
196 1531 1041 1589 chen des Kopfes oder des Herzens ausbreitet. Nach
202 1575 1053 1636 dem Maaße, als die Kunst hoch steigt, werden Ver¬
199 1623 1054 1671 nunft und Tugend endlich das allgemeine Losungs¬
196 1673 1054 1725 wort, doch so, daß der Eifer von beyden zu sprechen,
205 1701 1057 1758 wohl unterwiesene und artige Personen überheben
199 1748 1051 1806 kann sich mit ihrem Besitze zu belästigen. Die all¬
196 1789 1054 1840 gemeine Achtung, darinn beyde gepriesene Eigen¬
202 1835 1052 1890 schaften stehen, machet gleichwohl diesen merklichen
202 1867 1058 1926 Unterschied, daß jedermann weit eifersüchtiger auf
202 1919 1058 1967 die Verstandesvorzüge als auf die gute Eigenschaften
196 1952 1057 2003 des Willens ist, und daß in der Vergleichung zwi¬
211 2003 1051 2065 schen Dummheit und Schelmerey niemand einen Au=
196 2037 1046 2094 genblick ansteht, sich zum Vortheil der letzteren zu er
199 2079 1051 2133 klären; welches auch gewiß sehr wohl ausgedacht ist,
205 2126 1051 2177 weil, wenn alles überhaupt auf Kunst ankömmt, die
202 2166 1052 2223 seine Schlauigkeit nicht kann entbehret werden, wohl
199 2209 1056 2264 aber die Redlichkeit, die in solchem Verhältniße nur
205 2249 1056 2308 hinderlich ist. Ich lebe unter weisen und wohlgesit¬
192 2289 1050 2344 teten Bürgern, nemlich unter denen, die sich darauf
199 2331 1056 2408 verstehen so zu scheinen, und ich schmeichle mir, man
1086 173 1941 256 werde so billig seyn, mir von dieser Feinigkeit auch
1095 242 1940 298 so viel zuzutrauen, daß, wenn ich gleich in dem Be=
1092 283 1938 337 sitze der bewährtesten Heilungsmittel wäre, die Krank¬
1092 326 1940 385 heiten des Kopfes und des Herzens aus dem Grunde
1085 367 1941 426 zu heben, ich doch Bedenken tragen würde diesen alt¬
1080 410 1938 456 väterischen Plunder dem öffentlichen Gewerbe in den
1089 448 1940 500 Weg zu legen, wohlbewust, daß die beliebte Modecur
1083 496 1941 548 des Verstandes und des Herzens schon in erwünsch¬
1086 536 1938 587 tem Fortgange sey und daß vornemlich die Aerzte
1083 575 1932 625 des ersteren, die sich Logicker nennen, sehr gut dem
1080 616 1941 664 allgemeinen Verlangen Gnüge leisten, seit dem sie die
1089 658 1940 709 wichtige Entdeckung gemacht haben: daß der mensch=
1083 703 1943 753 liche Kopf eigentlich eine Trommel sey, die nur dar¬
1080 743 1936 793 um klingt weil sie leer ist. Ich sehe demnach nichts
1086 784 1943 831 besseres für mich, als die Methode der Aerzte nachzu¬
1080 831 1938 880 ahmen, welche glauben ihrem Patienten sehr viel genutzt
1083 872 1941 927 zu haben, wenn sie seiner Krankheit einen Namen
1080 910 1944 969 geben, und entwerfe eine kleine Onomastick der Ge¬
1083 950 1940 998 brechen des Kopfes, von der Lähmung desselben an in
1083 999 1940 1047 der Blödsinnigteit bis zu deßen Verzuckungen
1083 1035 1943 1086 in der Tollheit; aber um diese eckelhafte Krank¬
1083 1077 1940 1133 heiten in ihrer allmählichen Abstammung zu erken¬
1083 1116 1943 1168 nen, finde ich nöthig, zum voraus die mildere Grade
1083 1152 1940 1209 derselben, von der Dummköpfigkeit an bis zur
1080 1196 1938 1253 Narrheit zu erläutern, weil diese Eigenschaften
1080 1247 1943 1297 im bürgerlichen Verhältniße gangbarer sind und den¬
1079 1290 1551 1340 noch zu den ersteren führen.
1128 1308 1943 1381 Der stumpfe Kopf ermangelt des Witzes, der
1080 1368 1941 1416 Dummkopf des Verstandes. Die Behendigkeit
1080 1416 1942 1460 etwas zu fassen und sich zu erinnern, imgleichen die
1077 1451 1940 1494 Leichtigkeit, es geziemend auszudrücken, kommen gar
1086 1489 1943 1538 sehr auf den Witz an; daher derjenige, welcher nicht
1086 1529 1941 1584 dumm ist, gleichwohl sehr stumpf seyn kann, in sofer¬
1086 1573 1937 1626 ne ihm schwerlich etwas in den Kopf will, ob er es
1086 1617 1942 1667 gleich nachhero mit größerer Reife des Urtheils ein¬
1089 1653 1944 1709 sehen mag, und die Schwierigkeit sich ausdrücken zu
1080 1696 1941 1749 können, beweiset nichts minder als die Verstandesfä¬
1083 1739 1938 1790 higkeit, sondern nur, daß der Witz nicht gnugsame
1080 1781 1943 1828 Beyhülfe leiste, den Gedanken in die mancherley Zei¬
1080 1827 1941 1877 chen einzukleiden, deren einige ihm am geschicktesten
1086 1865 1941 1914 anpassen. Der berühmte Jesuit Clavius wurde
1079 1910 1930 1961 als unfähig aus den Schulen gejagt, (denn nach
1083 1946 1934 1997 der Verstandesprobe der Orbile ist ein Knabe zu gar
1080 1993 1941 2037 nichts nütze, wenn er weder Verse noch Schulchri¬
1080 2029 1931 2087 en machen kann,) er gerieth nachher zufälliger Weise
1080 2073 1938 2125 auf die Mathematick, das Spiel anderte sich und seine
1080 2114 1936 2159 vormalige Lehrer waren gegen ihn nur Dummköpfe.
1083 2160 1934 2205 Das praktische Urtheil über Sachen, so wie es der
1080 2202 1931 2248 Landmann, der Künstler oder Seefahrer 2c. bedarf,
1074 2240 1934 2282 ist von demjenigen sehr unterschieden, welches man
1074 2280 1929 2329 über die Handgriffe fället, wonach sich Menschen unter
1077 2322 1934 2383 einander behandeln. Das letztere ist nicht so wohl
1842 2368 1939 2436 Ver¬
