2479 3508
240 398 420 458 sammleten
449 389 687 449 Reichsstände
711 386 740 446 zu
769 386 902 446 lenken,
926 386 990 446 und
1019 385 1048 445 es
1083 383 1141 443 soll
1171 383 1222 443 ihm

851 430 928 490 ieder
959 431 1138 491 zugestellet
1168 434 1227 494 wer

242 449 316 509 auch
344 443 390 503 die
423 437 827 497 Marschallsautorität;

242 495 319 555 den,
335 491 465 551 welches
492 488 564 548 aber
590 485 636 545 bis
658 485 725 545 jetzo
746 486 813 546 noch
835 488 917 548 nicht
939 488 1074 548 erfolget
1090 485 1141 545 ist.
1163 485 1240 545 Das

241 545 447 605 Commando
478 536 531 596 der
561 536 625 596 300
660 536 767 596 Mann
812 536 866 596 der
896 537 1092 597 Krongarde
1123 534 1240 594 kommt

246 590 315 650 nach
338 587 489 647 Preußen
517 585 653 645 zurüͤck;
680 583 707 643 es
734 586 837 646 treffen
865 586 930 646 hier
958 585 1022 645 auch
1050 583 1158 643 täͤglich
1180 583 1245 643 Hu¬

250 641 330 701 saren
358 640 417 700 und
445 634 693 694 Panzerfahnen
726 634 790 694 ein.
851 634 996 694 Sonsten
1035 634 1072 694 ist
1094 634 1164 694 hier
1192 633 1240 693 die

249 690 372 750 gewisse
414 688 594 748 Nachricht
636 682 873 742 eingelaufen,
910 684 966 744 daß
1003 682 1137 742 nachdem
1194 682 1245 742 die

251 736 572 796 Poniatowskischen
638 732 794 792 Truppen
855 732 915 792 auf
971 730 1021 790 die
1082 729 1237 789 Division

242 788 298 848 des
345 784 751 844 Kronfeldwachmeisters
793 778 1053 838 Makronowski
1084 778 1250 838 gestoßen,

244 837 352 897 erstere
405 834 457 894 die
509 831 634 891 letztere
681 831 733 891 sich
786 828 822 888 zu
875 828 1009 888 ergeben
1062 828 1249 888 genöthigt,

249 887 305 947 und
337 885 384 945 ihr
411 879 524 939 60000
557 881 592 941 fl.
609 879 864 939 abgenommen,
891 876 942 936 ihr
958 877 1156 937 Oberhaupt
1178 873 1245 933 aber

251 935 307 995 auf
324 933 380 993 sein
412 932 608 992 Ehrenwort
629 927 810 987 loßgelaßen
842 924 986 984 worden.
1044 924 1121 984 Der
1142 924 1250 984 Kron¬

244 981 471 1041 großfeldherr
498 978 642 1038 befindet
663 975 715 1035 sich
752 975 814 1035 mit
845 973 897 1033 der
928 972 1161 1032 Reichsarmee
1187 969 1238 1029 bey

251 1031 426 1091 Samboz.
478 1025 565 1085 Man
602 1022 669 1082 will
690 1020 808 1080 sagen,
834 1021 890 1081 daß
923 1018 968 1078 sich
1005 1018 1051 1078 die
1088 1016 1252 1076 Römisch¬

250 1076 452 1136 kayserlichen
489 1071 546 1131 und
572 1067 806 1127 Französischen
833 1067 1014 1127 Gesandten
1056 1067 1124 1127 nach
1155 1064 1243 1124 ihren

257 1125 366 1185 Höfen
392 1118 642 1178 zurückbegeben
670 1115 815 1175 werden.

380 1168 589 1228 Pohlnischer
613 1160 913 1220 Reichstagsschluß
947 1160 1054 1220 wegen
1083 1160 1134 1220 des

537 1213 787 1273 Herzogthums
809 1210 972 1270 Curland.

305 1270 363 1330 Da
390 1267 437 1327 die
459 1265 675 1325 Constitution
702 1261 754 1321 von
787 1261 882 1321 Anno
909 1258 1019 1318 1706.
1036 1258 1110 1318 Art.
1126 1258 1184 1318 20.
1200 1254 1258 1314 un=

254 1321 300 1381 ter
326 1321 372 1381 dem
419 1318 507 1378 Titel
523 1315 558 1375 de
585 1313 719 1373 curatela
746 1312 957 1372 ausdrücklich
984 1309 1164 1369 verbietet,
1191 1309 1247 1369 daß

254 1372 338 1432 ohne
360 1367 599 1427 Einwilligung
626 1363 705 1423 eines
737 1363 949 1423 Reichstages
987 1361 1034 1421 der
1056 1360 1161 1420 König
1194 1359 1251 1419 auf

257 1421 411 1481 keinerley
437 1415 499 1475 Art
515 1413 592 1473 über
613 1410 789 1470 diejenigen
815 1410 1079 1470 Herzogthümer
1110 1407 1254 1467 disponi¬

255 1468 330 1528 ren,
358 1467 411 1527 soll
429 1464 450 1524 so
467 1464 498 1524 zu
526 1461 574 1521 der
597 1458 759 1518 Republik
776 1458 932 1518 gehören,
954 1458 1013 1518 und
1035 1458 1056 1518 in
1079 1458 1246 1518 Ansehung

252 1515 302 1575 des
338 1514 586 1574 Herzogthums
617 1509 764 1569 Curland
794 1508 855 1568 und
891 1509 1088 1569 Semgallen
1129 1504 1159 1564 in
1195 1506 1245 1566 den

252 1562 355 1622 Pactis
382 1560 553 1620 conventis
585 1557 636 1617 des
663 1557 787 1617 Königs
819 1557 948 1617 August
970 1554 1016 1614 des
1048 1555 1141 1615 UIIten
1173 1554 1255 1614 glor=

252 1610 443 1670 würdigsten
474 1608 667 1668 Andenkens
698 1605 885 1665 namentlich
911 1605 1017 1665 wegen
1053 1603 1149 1663 dieser
1175 1602 1255 1662 Her¬

258 1658 444 1718 zogthümer
470 1654 635 1714 festgesetzt
651 1649 801 1709 worden,
817 1649 869 1709 daß
895 1649 988 1709 Ihro
1014 1649 1174 1709 Majestät
1196 1646 1257 1706 mit

259 1706 311 1766 der
335 1699 497 1759 Republik
522 1697 612 1757 dafür
641 1695 756 1755 Sorge
780 1694 885 1754 tragen
909 1691 1066 1751 würden;
1105 1691 1176 1751 Die
1191 1690 1258 1750 Re¬

265 1748 370 1808 publik
399 1746 466 1806 auch
501 1742 625 1802 wenige
644 1742 716 1802 Zeit
746 1739 875 1799 hernach
909 1737 966 1797 auf
995 1736 1047 1796 dem
1097 1736 1264 1796 Pacifica¬

263 1793 536 1853 tionsreichstage
563 1787 614 1847 von
645 1789 738 1849 Anno
764 1787 846 1847 1736
883 1787 970 1847 durch
1007 1786 1073 1846 eine
1100 1784 1259 1844 Constitu=

261 1846 325 1906 tion
380 1842 433 1902 dem
499 1837 633 1897 Könige
677 1837 805 1897 August
844 1837 897 1897 dem
946 1834 1037 1894 IIIten
1092 1837 1258 1897 glorwur¬

267 1894 382 1954 digsten
416 1891 609 1951 Andenkens
632 1888 681 1948 die
704 1891 836 1951 Gewalt
858 1888 1085 1948 aufgetragen,
1108 1888 1179 1948 nach
1202 1887 1262 1947 Ab=

268 1945 378 2005 sterben
409 1943 454 2003 des
485 1942 662 2002 damaligen
693 1939 834 1999 Herzogs
860 1939 1068 1999 Ferdinands
1099 1939 1159 1999 und
1185 1939 1250 1999 nach

270 1993 458 2053 Erlöschung
497 1993 550 2053 des
583 1992 804 2052 Kettlerischen
837 1990 1042 2050 Stammes,
1069 1990 1150 2050 diese
1172 1990 1258 2050 Her¬

260 2046 456 2106 zogthümer
482 2043 564 2103 einem
606 2041 719 2101 andern
751 2040 776 2100 zu
808 2037 885 2097 Lehn
911 2040 942 2100 zu
968 2037 1091 2097 geben,
1124 2040 1180 2100 und
1211 2038 1262 2098 zu¬

261 2097 345 2157 folge
372 2091 462 2151 dieser
490 2091 702 2151 Constitution
735 2087 829 2147 Ernst
852 2088 989 2148 Johann
1011 2085 1101 2145 Graf
1123 2086 1176 2146 von
1203 2085 1266 2145 Bi¬

266 2145 315 2205 ron
346 2144 391 2204 fur
417 2142 461 2202 sich
492 2139 552 2199 und
578 2139 658 2199 seine
679 2139 859 2199 männliche
880 2136 1151 2196 Nachkommen,
1177 2133 1252 2193 diese

266 2193 530 2253 Herzogthümer
558 2186 706 2246 Curland
738 2184 796 2244 und
823 2187 1014 2247 Semgallen
1051 2187 1077 2247 zu
1109 2184 1183 2244 Lehn
1221 2182 1268 2242 er¬

270 2239 393 2299 hielte,
419 2232 547 2292 nachdem
594 2231 728 2291 vorhero
759 2231 888 2291 zufolge
914 2234 1079 2294 gedachter
1100 2231 1264 2291 Constitu¬

261 2287 327 2347 tion
364 2283 426 2343 mit
453 2276 624 2336 demselben
661 2276 738 2336 über
770 2276 816 2336 die
848 2279 899 2339 von
936 2282 988 2342 ihm
1030 2282 1055 2342 zu
1087 2282 1263 2342 erfüllende

273 2332 490 2392 Conditiones
522 2324 585 2384 eine
617 2324 818 2384 Convention
851 2331 1025 2391 geschlossen
1052 2330 1146 2390 war:
1194 2330 1257 2390 Als

277 2383 400 2443 schützen
429 2378 485 2438 und
514 2372 649 2432 erhalten
678 2372 745 2432 Wir
774 2373 824 2433 aus
853 2381 1072 2441 vorgedachten
1101 2378 1247 2438 Ursachen

276 2435 323 2495 den
360 2431 485 2491 Herzog
516 2424 618 2484 Ernst
649 2423 792 2483 Johann
835 2426 895 2486 und
932 2429 1015 2489 seine
1052 2430 1250 2490 männlichen

270 2480 512 2540 Nachkommen
576 2472 607 2532 in
659 2470 709 2530 dem
780 2473 888 2533 Recht
933 2476 990 2536 und
1035 2477 1092 2537 dem
1150 2479 1264 2539 Besitz

264 2530 317 2590 des
355 2530 415 2590 von
464 2525 512 2585 ihm
567 2521 762 2581 rechtmäßig
793 2521 975 2581 erhaltenen
1018 2527 1145 2587 Lehns,
1195 2527 1261 2587 wie

273 2580 331 2640 wir
358 2578 429 2638 denn
456 2576 527 2636 auch
555 2575 600 2635 die
620 2569 822 2629 Ritterschaft
843 2569 895 2629 von
922 2575 1065 2635 Curland
1092 2576 1144 2636 und
1164 2575 1268 2635 Sem=

275 2629 365 2689 gallen
396 2626 449 2686 bey
480 2623 564 2683 ihren
595 2620 758 2680 Rechten,
789 2618 1000 2678 Privilegiis,
1025 2623 1133 2683 pactis
1158 2624 1260 2684 subje-

266 2674 414 2734 ctionis,
440 2673 470 2733 et
490 2670 626 2730 formula
652 2664 844 2724 Regiminis
864 2665 1000 2725 erhalten
1032 2670 1087 2730 und
1113 2673 1268 2733 schützen,

271 2724 449 2784 diejenigen
479 2718 716 2778 Bedingungen
757 2712 1040 2772 ausgenommen,
1070 2723 1185 2783 welche
1214 2724 1260 2784 der

267 2775 394 2835 Herzog
422 2772 572 2832 vermöge
595 2769 644 2829 der
668 2767 833 2827 gedachten
856 2763 1050 2823 Convention
1074 2769 1101 2829 zu
1129 2772 1256 2832 erfüllen

272 2825 403 2885 schuldig
428 2820 482 2880 ist.
525 2817 585 2877 Da
616 2817 688 2877 aber
713 2817 766 2877 der
785 2814 912 2874 Herzog
937 2814 1032 2874 Ernst
1051 2820 1190 2880 Johann
1221 2820 1244 2880 im

280 2873 364 2933 Jahr
387 2867 466 2927 1739
501 2865 551 2925 das
580 2865 653 2925 Lehn
682 2867 767 2927 nicht
790 2864 812 2924 in
835 2861 954 2921 Person
977 2861 1096 2921 sondern
1125 2867 1170 2927 der
1187 2866 1271 2926 Con=

265 2920 404 2980 stitution
436 2915 488 2975 von
520 2912 607 2972 1683
634 2915 805 2975 entgegen,
822 2912 905 2972 durch
937 2912 1019 2972 einen
1046 2915 1269 2975 Gevollmäch=

267 2972 363 3032 tigten
391 2968 526 3028 nehmen
553 2966 662 3026 laßen,
684 2966 710 3026 so
744 2963 856 3023 ordnen
890 2965 982 3025 Wir,
1004 2963 1041 3023 um
1080 2963 1268 3023 vorgedach¬

1282 383 1324 443 tem
1368 380 1492 440 Gesetze
1514 384 1670 444 wiederum
1714 386 1794 446 seine
1816 382 1891 442 erste
1913 380 2015 440 Kraft
2032 378 2064 438 zu
2092 376 2204 436 geben,
2221 380 2275 440 daß

1286 431 1337 491 der
1358 431 1482 491 Herzog
1513 431 1564 491 das
1596 432 1668 492 Lehn
1699 434 1725 494 in
1746 434 1869 494 Person
1896 431 2086 491 empfange,
2102 427 2190 487 wenn
2221 428 2278 488 sein

1286 485 1370 545 Alter
1397 479 1471 539 oder
1493 479 1572 539 seine
1594 482 1800 542 Gesundheit
1822 484 1853 544 es
1881 482 2034 542 zulaßen,
2045 479 2119 539 oder
2141 476 2193 536 daß
2226 476 2278 536 sein

1286 533 1451 593 Erbprinz
1474 531 1523 591 bey
1551 530 1600 590 dem
1645 533 1805 593 künftigen
1834 535 1944 595 König
1972 533 2021 593 für
2055 532 2154 592 seinen
2182 530 2281 590 Vater

1903 583 2023 643 Ferner
2046 580 2166 640 ordnen
2194 578 2287 638 Wir,

1288 582 1350 642 und
1373 581 1430 641 für
1454 582 1504 642 sich
1534 580 1591 640 das
1620 580 1699 640 Lehn
1728 581 1871 641 nehme.

1282 630 1335 690 daß
1363 630 1417 690 der
1434 631 1542 691 jetzige
1559 631 1683 691 Herzog
1711 631 1808 691 Ernst
1830 633 1972 693 Johann
1999 631 2058 691 und
2086 630 2167 690 seine
2189 628 2286 688 regie¬

1283 679 1378 739 rende
1403 679 1646 739 Nachkommen
1675 679 1756 739 keine
1781 681 1900 741 fremde
1920 681 2058 741 Dienste
2087 679 2288 739 annehmen,

1284 728 1343 788 und
1379 726 1435 786 daß
1466 730 1510 790 die
1531 728 1794 788 Herzogthümer
1819 728 1960 788 Curland
1996 730 2057 790 und
2083 730 2279 790 Semgallen

1286 777 1352 837 nach
1379 777 1553 837 wirklicher
1580 776 1769 836 Erlöschung
1791 778 1836 838 der
1853 778 2048 838 männlichen
2074 778 2156 838 Linie
2172 778 2218 838 des
2244 778 2285 838 je¬

1287 822 1373 882 tzigen
1411 825 1562 885 Herzogs
1595 824 1692 884 Ernst
1720 828 1860 888 Johann
1899 825 1931 885 an
1969 827 2017 887 die
2045 825 2212 885 Republik
2245 825 2277 885 zu

1288 873 1385 933 freyer
1402 873 1597 933 Disposition
1631 873 1832 933 zurückfalle.
1876 875 1956 935 Auch
1985 874 2093 934 wollen
2115 875 2207 935 Wir,
2224 875 2277 935 daß

1285 919 1330 979 die
1350 921 1588 981 Convention,
1609 921 1719 981 welche
1750 921 1780 981 in
1812 921 1953 981 Gefolge
1984 924 2034 984 der
2060 924 2277 984 Constitution

1286 969 1340 1029 von
1376 966 1456 1026 1736
1487 969 1537 1029 den
1568 969 1668 1029 22sten
1699 969 1890 1029 November
1916 969 1971 1029 mit
1996 969 2041 1029 dem
2077 972 2223 1032 Herzoge
2249 972 2278 1032 zu

1292 1016 1418 1076 Danzig
1451 1012 1541 1072 1737
1568 1015 1599 1075 ist
1621 1013 1796 1073 geschlossen
1829 1014 1977 1074 worden,
1994 1015 2041 1075 der
2068 1020 2280 1080 Constitution

1288 1061 1342 1121 des
1363 1061 1626 1121 gegenwärtigen
1657 1061 1869 1121 Reichstages
1895 1061 2026 1121 inserirt
2046 1067 2167 1127 werde.
2223 1068 2283 1128 Da

1283 1109 1440 1169 übrigens
1471 1109 1516 1169 die
1547 1109 1730 1169 inzwischen
1766 1109 1923 1169 gemachte
1949 1109 2187 1169 Dispositiones
2224 1115 2284 1175 mit

1290 1157 1385 1217 diesen
1411 1157 1684 1217 Herzogthümern
1710 1157 1760 1217 das
1781 1157 2014 1217 ausgefertigte
2040 1157 2196 1217 Diploma
2227 1160 2282 1220 und

1290 1202 1346 1262 alle
1378 1204 1475 1264 andre
1502 1204 1631 1264 Actus,
1668 1204 1714 1264 die
1746 1204 1828 1264 ohne
1854 1205 2040 1265 Zuziehung
2077 1207 2129 1267 des
2160 1204 2289 1264 ordinis

1288 1252 1441 1312 equestris
1474 1253 1532 1313 und
1564 1254 1649 1314 ohne
1676 1255 1915 1315 Einwilligung
1953 1255 2032 1315 eines
2065 1255 2282 1315 Reichstages

1292 1305 1350 1365 und
1377 1303 1466 1363 allein
1494 1303 1578 1363 durch
1605 1305 1657 1365 das
1684 1303 1801 1363 letztere
1828 1303 1981 1363 Resultat
2003 1303 2055 1363 des
2077 1303 2114 1363 S.
2131 1303 2172 1363 C.
2199 1303 2289 1363 erfol¬

1292 1357 1340 1417 get
1363 1357 1454 1417 sind,
1476 1357 1573 1417 denen
1606 1357 1752 1417 Gesetzen
1785 1357 1936 1417 entgegen
1969 1357 2104 1417 laufen,
2132 1356 2191 1416 und
2224 1353 2283 1413 also

1288 1404 1434 1464 ungultig
1468 1407 1559 1467 sind,
1587 1407 1614 1467 so
1647 1407 1820 1467 declariren
1853 1405 1956 1465 Wir,
1989 1407 2043 1467 daß
2087 1407 2184 1467 solche
2212 1407 2266 1467 dem

1288 1455 1435 1515 Herzoge
1457 1454 1552 1514 Ernst
1574 1455 1711 1515 Johann
1743 1455 1801 1515 und
1828 1455 1923 1515 seinen
1955 1455 2156 1515 männlichen
2183 1455 2288 1515 Nach¬

1294 1503 1429 1563 kommen
1459 1505 1484 1565 zu
1525 1505 1630 1565 keinem
1671 1506 1846 1566 Nachtheil
1872 1506 2032 1566 gereichen
2068 1504 2127 1564 und
2158 1504 2288 1564 hinder¬

1288 1552 1337 1612 lich
1365 1551 1424 1611 seyn
1457 1553 1570 1613 sollen.
1598 1554 1668 1614 Wir
1691 1554 1831 1614 befehlen
1859 1554 1929 1614 auch
1957 1554 2071 1614 hiemit
2093 1554 2114 1614 im
2153 1554 2277 1614 Namen

1287 1599 1337 1659 der
1358 1599 1525 1659 Republik
1551 1602 1627 1662 allen
1653 1602 1871 1662 Einwohnern
1907 1600 1998 1660 dieser
2019 1602 2293 1662 Herzogthümer,

1292 1643 1354 1703 wes
1383 1645 1537 1705 Standes
1566 1643 1599 1703 sie
1624 1643 1690 1703 auch
1720 1643 1782 1703 seyn
1812 1643 1950 1703 mögen,
1975 1648 2027 1708 daß
2067 1646 2100 1706 sie
2129 1646 2201 1706 nach
2235 1646 2282 1706 den

1296 1686 1439 1746 Gesetzen
1469 1688 1518 1748 der
1538 1685 1799 1745 Herzogthümer
1819 1688 1908 1748 ihrem
1953 1691 2184 1751 rechtmäßigen
2214 1688 2297 1748 Her¬

1296 1734 1365 1794 zoge
1385 1732 1483 1792 Ernst
1499 1733 1637 1793 Johann
1667 1733 1879 1793 unterworfen
1914 1735 1972 1795 und
1998 1736 2057 1796 treu
2087 1736 2150 1796 seyn
2181 1736 2294 1796 sollen.

1297 1782 1347 1842 Da
1378 1781 1448 1841 auch
1479 1781 1738 1841 unterschiedene
1769 1784 1891 1844 Klagen
1927 1784 1982 1844 von
2018 1785 2074 1845 den
2115 1784 2297 1844 Woywod¬

1304 1834 1428 1894 schaften
1455 1834 1515 1894 und
1542 1834 1715 1894 Distrikten
1748 1834 1769 1894 in
1803 1834 1948 1894 Lithauen
1977 1837 2036 1897 und
2063 1834 2204 1894 Liefland
2232 1837 2296 1897 we=

1297 1888 1349 1948 gen
1377 1885 1424 1945 der
1445 1887 1630 1947 Gränzen,
1657 1888 1747 1948 Zölle
1774 1885 1837 1945 und
1869 1888 1985 1948 andern
2017 1888 2213 1948 Umständen
2245 1885 2297 1945 ge¬

1298 1936 1389 1996 führt
1411 1938 1562 1998 werden,
1584 1937 1611 1997 so
1638 1936 1746 1996 wollen
1774 1936 1833 1996 wir
1855 1939 1990 1999 sorgen,
2017 1938 2071 1998 daß
2098 1938 2146 1998 der
2174 1936 2292 1996 künfti¬

1298 1990 1325 2050 ge
1348 1987 1459 2047 König
1482 1987 1615 2047 desfalls
1644 1987 1711 2047 eine
1739 1987 1945 2047 Commission
1974 1987 2107 2047 bestellt.

1551 2034 1735 2094 Wilda,
1764 2037 1819 2097 den
1859 2037 1903 2097 8.
1937 2037 2031 2097 Jun.

1345 2080 1418 2140 Die
1451 2082 1715 2142 Capturgerichte
1754 2084 1816 2144 sind
1859 2082 1917 2142 vor
1955 2083 1970 2143 3
2003 2085 2140 2145 Wochen
2173 2082 2204 2142 in
2241 2082 2288 2142 der

1297 2131 1563 2191 Woywodschaft
1584 2130 1689 2190 Wilda
1714 2133 1910 2193 angefangen
1941 2133 2092 2193 worden,
2128 2133 2188 2193 und
2213 2133 2298 2193 mor¬

1297 2184 1348 2244 gen
1379 2181 1452 2241 wird
1478 2178 1550 2238 man
1576 2176 1628 2236 den
1654 2175 1784 2235 Schluß
1815 2178 1970 2238 derselben
2007 2181 2225 2241 bestimmen;
2246 2181 2276 2241 im

1303 2231 1426 2291 übrigen
1458 2226 1530 2286 wird
1557 2224 1582 2284 in
1614 2226 1722 2286 unsern
1754 2226 1930 2286 Gegenden
1956 2229 2054 2289 Ruhe
2075 2229 2132 2289 und
2159 2229 2298 2289 Sicher¬

1303 2277 1362 2337 heit
1385 2278 1543 2338 erhalten.
1593 2273 1668 2333 Der
1696 2273 1778 2333 Herr
1806 2273 1990 2333 Marschall
2007 2275 2056 2335 der
2079 2276 2285 2336 allgemeinen

1302 2327 1575 2387 Conföderation,
1601 2321 1724 2381 welcher
1751 2323 1797 2383 sich
1823 2322 1931 2382 bisher
1952 2321 1977 2381 in
2004 2321 2194 2381 Nowogrod
2221 2323 2292 2383 auf¬

1300 2375 1475 2435 gehalten,
1498 2375 1576 2435 wird
1605 2375 1661 2435 auf
1690 2375 1734 2435 die
1763 2375 1938 2435 Feyertage
1961 2373 2034 2433 nach
2068 2375 2192 2435 Stonim
2243 2372 2293 2432 ge¬

1306 2429 1384 2489 hen.

1611 2533 1993 2593 AVERTISSEMENT.

1352 2584 1423 2644 Bey
1457 2584 1507 2644 dem
1552 2583 1712 2643 Verleger
1741 2584 1835 2644 dieser
1869 2584 2002 2644 Zeitung
2042 2584 2080 2644 ist
2109 2584 2136 2644 zu
2170 2584 2297 2644 haben:

1307 2634 1507 2694 Morgagni,
1534 2629 1585 2689 Io.
1606 2629 1739 2689 Baptist.
1756 2631 1791 2691 de
1823 2632 1951 2692 sedibus
1972 2634 2003 2694 et
2029 2632 2126 2692 causis
2153 2632 2291 2692 morbo-

1299 2680 1352 2740 rum
1395 2682 1447 2742 per
1463 2674 1632 2734 anatomen
1670 2681 1849 2741 indagatis,
1876 2679 1960 2739 libri
1982 2682 2019 2742 5,
2046 2679 2151 2739 Tomi
2173 2679 2204 2739 2,
2226 2679 2294 2739 fol.

1299 2729 1384 2789 maj.
1410 2727 1525 2787 Venet.
1536 2724 1621 2784 751,
1646 2730 1686 2790 24
1712 2731 1747 2791 fl.
1818 2727 1873 2787 Ej.
1893 2727 2074 2787 Adversaria
2105 2727 2286 2787 anatomica

1301 2780 1430 2840 omnia,
1461 2775 1496 2835 c.
1520 2775 1584 2835 fig.
1603 2778 1685 2838 Vol.
1697 2778 1733 2838 6,
1763 2778 1833 2838 fol.
1851 2778 1934 2838 maj.
1958 2778 2064 2838 Venet
2088 2778 2176 2838 763,
2213 2775 2229 2835 8
2260 2775 2300 2835 fl.

1302 2882 1394 2942 Diese
1410 2882 1549 2942 Gelehrte
1570 2880 1621 2940 und
1648 2883 1808 2943 Politische
1824 2885 1947 2945 Zeitung
1974 2879 2045 2939 wird
2071 2880 2117 2940 des
2144 2882 2293 2942 Montags

1407 2927 1461 2987 und
1491 2927 1639 2987 Freytags
1659 2926 1683 2986 in
1709 2924 1752 2984 dem
1793 2924 1985 2984 Kanterschen
2020 2924 2192 2984 Buchladen

1689 2966 1906 3026 ausgegeben.
