2034 2755
84 155 1811 224 Verstand, als vielmehr Verschmitztheit, und der lie= der sein ehrliches und wohlwollendes Herz nicht dazu
86 209 941 276 benswürdige Mangel dieser so sehr gepriesenen Fä¬
84 252 941 319 higkeit, heißt Einfalt. Ist die Ursache derselben
82 293 943 362 in der Schwäche der Urtheilskraft überhaupt zu su¬
86 336 941 401 chen, so heißt ein solcher Mensch ein Tropf, Ein¬
86 377 937 433 faltspinsel etc. Da die Ränke und falsche Kunst¬
88 424 933 480 griffe in der bürgerlichen Gesellschaft allmählich zu
84 463 928 528 gewöhnlichen Maximen werden und das Spiel der
78 500 935 571 menschlichen Handlungen sehr verwickeln, so ist es
80 547 933 603 kein Wunder, wenn ein sonst verständiger und red¬
75 582 922 657 licher Mann, dem entweder alle diese Schlauigkeit zu
84 629 928 709 verächtlich ist, als daß er sich damit beschäftige, oder
295 734 713 823 Berlin, den 7. Febr.
118 782 1355 859 Die Winterlustbarkeiten sind zu Ende, und des Kö= Kayserl. Commissarium.
73 844 926 896 nigs Majestät begaben sich den letzten Jan. nach Char=
78 881 933 950 lottenburg, speisten Mittags daselbst mit dem Prin¬
80 922 922 986 zen von Preußen, dem Prinzen Heinrich und den bey
69 969 928 1027 den Prinzen von Braunschweig. Vorgestern Nach¬
71 1001 926 1073 mittags hatte der Internuntius Achmet Effendi die
73 1040 924 1107 Neugierde, unter dem Gottesdienst die Jerusalems¬
71 1083 922 1150 rirche, und gestern auf dem hiesigen Schloß die Zim¬
73 1126 917 1213 mer, das Curiositäten= und Münzencabinet nebst der
71 1167 579 1245 Königl. Bibliothek zu besehen.
297 1204 694 1284 Wien, den 21. Jan.
116 1234 926 1309 Donnerstags den 19ten ist des Herrn Feld=Mar=
65 1277 928 1365 schaus und Hof=Kriegsraths=Presidenten Grafen Leo=
69 1333 920 1398 polo von Daun Gemalin, Frau Josepha, gebor¬
65 1368 917 1441 ne Gräfin Fuchs auf Bimbach und Dornheim, eine
67 1404 924 1484 Tochter des Grafens Christophori Ernesti dieses Na=
67 1449 917 1538 mens, und Antonii Grafen von Nostitz Wittwe im 53sten
60 1497 913 1568 Jahr ihres Alters verschieden. Dieser Tagen ist der
67 1533 913 1607 Feldmarschall, Prinz von Zweybrücken, von Prag
62 1574 922 1650 auhter angelanget. Heute ist der erste Ball auf der so
69 1611 922 1684 genannten Mehlgrube für den Adel, welcher bey den
62 1667 913 1734 Soofapartements den Zutritt hat, gehalten worden.
69 1693 911 1768 Man vernimmt, daß die Abreise Sr. Majestät des
65 1738 907 1816 Kaysers und Sr. Königl Hoheit des Kronprinzen
56 1773 920 1859 Josephs auf den 2ten März festgesetzet ist, ihr Auf=
56 1824 907 1897 enthalt zu Franckfurt nur bis zu Ende des Marzei
60 1867 922 1941 oder aufs längste bis zum Anfange des Aprils dau¬
62 1906 922 1981 ren möchte, und daß dahin alle zu Wien residirende
60 1943 917 2014 auswärtige Gesandten Se. Majestät begleiten werden.
237 1992 734 2063 Osnabrück, den 19 Jan.
97 1997 913 2102 Hiesiges seit dem 6 Febr. 1761. vier Jahr lang
52 2046 911 2145 verwayste Hochstift schmeichelt sich mit der Hofnung
54 2111 917 2184 nächstens wieder einen neuen Fürsten=Bischof zu er¬
62 2145 905 2227 halten. In einer vorgestern von dem Dom=Capitu
62 2193 907 2261 gehaltenen Capitularversammlung wurde Terminus
56 2236 913 2305 postulationis auf den 27 Febr. festgesetzt und man
56 2274 911 2380 nennt auch bereits den Kayserl. Gesandten im Nie=
965 222 1813 265 bewegen kann, sich von der menschlichen Natur einen
967 263 1811 314 so verhaßten Begrif zu machen, unter Betrügern al¬
965 304 1813 355 lerwärts in Schlingen gerathen und ihnen viel zu
961 347 1816 403 lachen geben müße, so daß zuletzt der Ausdruck, ein
967 386 1805 437 guter Mann, nicht mehr auf eine verblümte Art,
967 431 1816 482 sondern so gerade zu, einen Einfaltspinsel, gelegent¬
1409 467 1805 517 bedeute; denn in der
954 470 1286 528 lich auch einen H
961 519 1803 564 Schelmensprache ist niemand ein verständiger Mann,
954 554 1803 625 als der alle andere für nichts beßers hält, als was
950 590 1546 655 er selbst ist, nemlich für Betrüger.
1120 620 1637 715 (Die Fortsetzung folgt künftig.)
950 750 1816 842 dersächsischen Crays, Herrn Grafen von Raab, als
1159 834 1592 907 Haag, den 28 Januar.
982 879 1803 939 Heute ist der am Dänschen Hofe bisher gewesene
950 930 1805 978 Spanische außerordentliche Abgesandte, Marquis von
958 973 1801 1029 Pignatelli, von Coppenhagen hier angekommen, und
954 1014 1794 1068 wird unverzüglich über Paris nach Parma gehen
952 1057 1801 1107 unter dem Character eines bevollmächtigten Mini¬
952 1101 1805 1150 sters Sr. Katholischen Majest. bey dem Infanten
943 1141 1803 1189 Don Philipp. Der Baron von Rheden, Churfürst¬
950 1182 1805 1232 lich Hanöverscher Cammerjunker des Königs von Eng¬
943 1223 1803 1273 land, Herr Bigot, General=Major im Dienst der Ge¬
943 1262 1794 1312 neral=Staaten, wie auch Ober=Mundschenk des Statt
943 1303 1796 1357 halters, und Herr Beilwitz, Hofjunker des Herzogs
945 1348 1794 1396 von Braunschweig=Wolfenbüttel sind den 26ten dieses
943 1389 1796 1439 nach Hellevoet=Sluys abgegangen, um die Anlandung
937 1430 1801 1484 des Erbprinzen von Braunschweig und seiner Ge¬
945 1477 1290 1540 mahlin zu erwarten.
1154 1497 1600 1564 London, den 17. Jan.
982 1533 1790 1607 Vorgestern nahm der Erbprinz von Braunschweig
937 1594 1796 1648 von unserm Hofe Abschied, und reisete mit der Prin¬
937 1637 1796 1691 zeßin Augusta seiner Gemalin um 4 Uhr Nachmit¬
930 1680 1794 1723 tags ab. Dies hohe Paar brachte die Nacht zu
941 1717 1794 1773 Witham 37 Meiten von hier beym Grafen Aber¬
941 1760 1790 1807 corn zu, und ist heute von Harwich zur See gegan¬
941 1803 1794 1854 gen. Eine dringende Angelegenheit muß diese Ab¬
937 1841 1796 1891 reise beschleunigt haben, weil der Erbprinz Willens
937 1887 1790 1941 gewesen seyn soll bis zum nächsten Marz oder April
941 1930 1781 1977 in England zu verweilen. Unter andern Zeugen, die
941 1973 1785 2018 man am 19ten dieses verhörte, sagten die Buchdrucker
930 2005 1790 2065 aus, daß Herr Wilkes ihnen die Handschrift vom 45sten
941 2057 1794 2102 Stück der Nordischen Britten eingehändigt, daß er
935 2096 1794 2143 den Probebogen davon selbst corrigiret, und man ihn
930 2134 1790 2180 durchgängig für den Verfasser dieser ganzen periodi¬
941 2175 1790 2227 schen Staatsschrift gehalten hätte rc. Nicht mehr als
930 2212 1790 2261 ein einziges Mitglied im ganzen Unterhause thet ei¬
930 2255 1781 2307 nen förmlichen Widerspruch. Die Herren Pitt und
928 2296 1788 2371 Legge aber befanden sich gar nicht gegenwärtig. Den=
1678 2335 1785 2410 selben
