2479 3508
1226 1167 1286 1227 den
1340 1167 1415 1227 20.
1446 1167 1597 1227 Julius
1628 1169 1771 1229 1764.

584 1178 715 1238 49tes
763 1175 925 1235 Stück.
989 1171 1159 1231 Freytag

507 1246 850 1306 Brandenburg.

206 1319 310 1379 Gey
346 1309 395 1369 den
424 1299 614 1359 Gebrüdern
642 1294 734 1354 Halle
763 1290 797 1350 ist
819 1288 882 1348 ans
904 1285 987 1345 Licht
1016 1282 1178 1342 getreten:

202 1353 459 1413 Antwort
481 1344 532 1404 auf
569 1341 620 1401 den
657 1334 863 1394 sogenannten
895 1327 1096 1387 Catechisme
1132 1322 1168 1382 de

180 1399 362 1459 honnête
390 1390 548 1450 homme;
591 1384 665 1444 oder
694 1376 875 1436 allgemeine
903 1369 1159 1429 Vertheidigung

187 1450 240 1510 der
277 1441 405 1501 wahren
453 1432 601 1492 Religion
639 1428 692 1488 des
724 1419 984 1479 Christenthums
1022 1413 1080 1473 von
1118 1411 1170 1471 M.

191 1495 344 1555 Christ.
368 1483 600 1543 Gottfried
629 1475 754 1535 Hase,
777 1470 936 1530 Prediger
959 1462 987 1522 in
1010 1461 1061 1521 der
1079 1458 1174 1518 Neu¬

198 1544 273 1604 stadt
295 1535 554 1595 Brandenburg,
576 1527 656 1587 8vo.
705 1518 883 1578 Diejenige
900 1512 1045 1572 Schrift,
1062 1509 1164 1569 welche

187 1596 264 1656 diese
286 1589 479 1649 bescheidene
501 1581 561 1641 und
589 1572 776 1632 gründliche
799 1563 1029 1623 Widerlegung
1063 1560 1178 1620 veran¬

196 1642 281 1702 laßet
309 1638 384 1698 hat,
411 1634 459 1694 kam
503 1629 557 1689 vor
590 1624 708 1684 einigen
736 1619 865 1679 Jahren
898 1610 1102 1670 vermuthlich
1135 1608 1162 1668 in

191 1695 236 1755 der
265 1685 521 1745 Nachbarschaft
545 1679 596 1739 des
625 1673 733 1733 Herrn
762 1670 813 1730 H.
842 1664 984 1724 heraus,
1013 1657 1167 1717 wiewohl

188 1742 243 1802 der
272 1735 488 1795 ausführliche
517 1729 600 1789 Titel
623 1724 661 1784 ein
689 1719 822 1779 anderes
845 1715 984 1775 besaget,
1007 1712 1057 1772 der
1080 1709 1101 1769 so
1124 1709 1179 1769 ab¬

192 1787 322 1847 gefasset
338 1784 394 1844 ist:
421 1775 624 1835 Catechisme
645 1770 675 1830 de
702 1765 873 1825 l'honnête
895 1760 1029 1820 homme
1051 1757 1082 1817 ou
1108 1756 1175 1816 dia-

186 1831 284 1891 logue
313 1825 393 1885 entre
417 1820 454 1880 un
478 1816 629 1876 caloyer,
657 1812 666 1872 &
709 1808 742 1868 un
766 1805 902 1865 homme
926 1802 959 1862 de
983 1802 1082 1862 bien,
1110 1801 1176 1861 tra-

197 1875 264 1935 duit
285 1871 321 1931 du
347 1867 424 1927 Grec
446 1861 585 1921 vulgaire
611 1855 662 1915 par
684 1852 725 1912 D.
741 1852 771 1912 J.
788 1848 818 1908 J.
834 1843 875 1903 R.
896 1843 937 1903 C.
954 1841 999 1901 D.
1016 1840 1056 1900 C.
1072 1840 1113 1900 D.
1134 1841 1175 1901 G.

198 1921 216 1981 1
245 1921 338 1981 perie
357 1915 469 1975 1u68.
517 1903 600 1963 Der
620 1895 712 1955 Ruhm
760 1890 825 1950 und
854 1887 909 1947 das
938 1882 1077 1942 Ansehen
1116 1882 1162 1942 des
1210 1885 1302 1945 Alles
1322 1885 1415 1945 dieses
1444 1885 1508 1945 thut
1537 1888 1564 1948 er
1584 1891 1649 1951 mit
1659 1893 1742 1953 einer
1762 1898 1948 1958 Mäßigung
1968 1904 2023 1964 und
2043 1912 2192 1972 Beschei¬

193 1965 408 2025 Verfassers,
447 1950 574 2010 welchem
620 1940 713 2000 dieser
741 1933 967 1993 Catechismus
996 1927 1084 1987 durch
1118 1927 1172 1987 das

194 2012 341 2072 gemeine
371 2000 519 2060 Gerücht
549 1985 781 2045 zugeschrieben
817 1978 958 2038 wurde,
1001 1972 1159 2032 erwarben

193 2059 247 2119 ihm
298 2051 381 2111 viele
410 2040 526 2100 Leser,
560 2032 749 2092 ungeachtet
778 2026 889 2086 solcher
923 2023 1005 2083 nicht
1040 2020 1067 2080 so
1096 2020 1173 2080 ganz

203 2100 352 2160 öffentlich
380 2086 607 2146 herumgieng.
657 2079 740 2139 Man
768 2078 823 2138 gab
846 2074 939 2134 seinen
967 2069 1072 2129 Lehren
1095 2067 1183 2127 Bey¬

191 2148 274 2208 fall;
297 2145 363 2205 man
397 2138 570 2198 unterhielt
588 2132 637 2192 sich
660 2130 682 2190 in
716 2127 906 2187 vornehmen
934 2118 1168 2178 Gesellschaften

203 2197 332 2257 davon;
365 2191 436 2251 man
463 2186 609 2246 empfohl
632 2183 664 2243 sie
686 2179 745 2239 mit
773 2172 1076 2232 außerordentlichen
1110 2165 1185 2225 Lob¬

199 2246 369 2306 sprüchen,
398 2240 454 2300 und
484 2236 562 2296 hielt
580 2234 608 2294 es
631 2230 682 2290 für
717 2229 830 2289 billig,
859 2223 881 2283 ja
916 2220 983 2280 man
1018 2216 1097 2276 rieth
1132 2213 1177 2273 ge¬

203 2297 446 2357 wissermaßen,
475 2286 526 2346 daß
560 2281 656 2341 dieses
679 2273 871 2333 Büchelchen
906 2267 985 2327 einem
1030 2261 1109 2321 jeden
1144 2258 1171 2318 in

203 2345 247 2405 die
270 2342 386 2402 Hände
409 2335 537 2395 gegeben
571 2324 698 2384 würde.
743 2318 899 2378 Indessen
938 2314 999 2374 war
1033 2309 1093 2369 doch
1133 2306 1154 2366 im

207 2436 382 2496 stenthums
409 2427 578 2487 verdäͤchtig
605 2419 631 2479 zu
664 2414 817 2474 machen,
849 2414 907 2474 und
940 2411 987 2471 der
1009 2402 1183 2462 Naturali¬

213 2483 304 2543 sterey
331 2477 385 2537 das
407 2474 504 2534 Wort
526 2470 552 2530 zu
580 2463 736 2523 sprechen.
796 2461 844 2521 Zu
877 2458 931 2518 dem
975 2454 1066 2514 Ende
1093 2449 1179 2509 trägt

202 2532 234 2592 es
261 2530 303 2590 die
325 2526 352 2586 so
373 2522 421 2582 oft
437 2513 720 2573 aufgewärmten,
742 2508 801 2568 und
828 2506 896 2566 eben
924 2504 950 2564 so
978 2500 1025 2560 oft
1047 2497 1175 2557 gehörig

200 2578 309 2638 zurück
342 2568 527 2628 gewiesenen
561 2557 757 2617 Einwürfe,
790 2549 1079 2609 Schwierigkeiten
1118 2544 1177 2604 und

210 2620 430 2680 unerhebliche
448 2610 583 2670 Zweifel
601 2605 674 2665 vor,
708 2602 753 2662 die
782 2602 866 2662 einem
912 2597 990 2657 nicht
1019 2593 1177 2653 gründlich

212 2675 312 2735 genug
338 2664 490 2724 belehrten
522 2654 629 2714 Geiste
655 2649 706 2709 bey
744 2647 794 2707 den
820 2649 1028 2709 Wahrheiten
1067 2641 1117 2701 der
1143 2637 1192 2697 ge¬

208 2723 395 2783 offenbarten
427 2707 572 2767 Religion
603 2698 742 2758 einfallen
773 2700 912 2760 können.
962 2694 1034 2754 Sie
1059 2688 1180 2748 werden

211 2778 282 2838 blos
318 2772 376 2832 auf
398 2766 469 2826 eine
492 2757 570 2817 neue
593 2756 657 2816 Art
680 2748 909 2808 eingekleidet,
932 2748 982 2808 die
997 2745 1090 2805 ihnen
1120 2738 1198 2798 eini¬

1205 1240 1258 1300 gen
1293 1234 1422 1294 Schein
1450 1234 1552 1294 giebt.
1614 1231 1709 1291 Herr
1730 1234 1839 1294 Hase
1867 1237 1928 1297 hat
1949 1240 2009 1300 also
2044 1242 2084 1302 ein
2119 1249 2193 1309 ver¬

1209 1279 1409 1339 dienstvolles
1434 1279 1527 1339 Werk
1552 1276 1687 1336 gethan,
1717 1279 1769 1339 daß
1795 1279 1823 1339 er
1842 1282 1935 1342 ihnen
1971 1288 2077 1348 solchen
2113 1293 2189 1353 wie¬

1205 1324 1256 1384 der
1290 1324 1318 1384 zu
1353 1321 1522 1381 benehmen
1551 1321 1708 1381 gesuchet,
1732 1324 1793 1384 und
1822 1324 1861 1384 sie
1885 1324 1912 1384 in
1941 1327 2025 1387 ihrer
2049 1339 2184 1399 natürli¬

1200 1366 1265 1426 chen
1304 1365 1414 1425 Blöße
1437 1366 1608 1426 darstellet.
1658 1367 1707 1427 Er
1735 1369 1806 1429 geht
1835 1371 1928 1431 diesem
1973 1382 2188 1442 freygeisteri¬

1198 1411 1271 1471 schen
1303 1411 1526 1471 Catechismus
1552 1413 1576 1473 in
1607 1413 1700 1473 seinem
1744 1417 1899 1477 Vortrage
1924 1422 1979 1482 auf
2005 1425 2054 1485 dem
2092 1432 2184 1492 Fuße

1199 1460 1295 1520 nach,
1329 1461 1386 1521 und
1421 1461 1522 1521 zeiget
1551 1461 1625 1521 bald
1660 1460 1711 1520 die
1740 1467 1995 1527 Unrichtigkeit,
2030 1476 2098 1536 bald
2133 1482 2177 1542 die

1194 1506 1404 1566 Schwäche,
1442 1506 1509 1566 bald
1541 1509 1589 1569 die
1615 1508 1775 1568 offenbare
1801 1515 1979 1575 Falschheit
2005 1519 2066 1579 und
2098 1526 2184 1586 Ver¬

1203 1557 1406 1617 werflichkeit
1431 1559 1529 1619 seiner
1567 1559 1819 1619 Meynungen,
1850 1564 2059 1624 Gedanken,
2097 1577 2189 1637 Aus¬

1199 1609 1319 1669 sprüche
1345 1609 1405 1669 und
1430 1605 1605 1665 Lehrsätze,
1630 1607 1678 1667 die
1697 1608 1727 1668 er
1752 1610 1818 1670 nach
1843 1610 1927 1670 ihren
1959 1618 2061 1678 eignen
2086 1622 2183 1682 Wor¬

1200 1658 1247 1718 ten
1277 1657 1443 1717 anfuͤhret.
1492 1652 1539 1712 Er
1563 1655 1735 1715 entwickelt
1754 1658 1837 1718 deren
1867 1664 1998 1724 oftmals
2034 1673 2188 1733 versteckte

1209 1707 1455 1767 Trugschlüsse,
1476 1708 1533 1768 und
1560 1706 1631 1766 hält
1645 1708 1689 1768 die
1709 1709 1741 1769 zu
1768 1712 1839 1772 weit
1859 1715 2046 1775 getriebenen
2080 1727 2183 1787 Folge=

1205 1757 1323 1817 rungen
1369 1757 1425 1817 auf
1454 1757 1527 1817 oder
1562 1757 1668 1817 bringt
1703 1760 1747 1820 die
1776 1763 1968 1823 unrichtigen
2002 1772 2058 1832 zur
2093 1775 2188 1835 Rich¬

1206 1803 1338 1863 tigkeit;
1362 1805 1454 1865 indem
1495 1803 1523 1863 er
1541 1802 1800 1862 augenscheinlich
1824 1811 1945 1871 zeiget,
1968 1817 2020 1877 daß
2049 1819 2101 1879 das
2130 1822 2182 1882 gat

1207 1843 1291 1903 nicht
1317 1843 1442 1903 folget,
1478 1846 1547 1906 was
1583 1849 1653 1909 nach
1689 1849 1738 1909 dem
1784 1853 1949 1913 Vorgeben
1985 1861 2085 1921 folgen
2121 1870 2190 1930 soll.

1204 1930 1358 1990 denheit,
1385 1932 1497 1992 welche
1524 1933 1625 1993 seinem
1668 1939 1859 1999 lehrreichen
1891 1949 2088 2009 Unterrichte
2116 1957 2200 2017 Ein¬

1209 1978 1285 2038 gang
1315 1975 1492 2035 verschaffen
1522 1977 1627 2037 kann,
1652 1979 1710 2039 und
1747 1984 1805 2044 mit
1835 1987 1917 2047 einer
1941 1995 2188 2055 Gründlichkeit

1208 2023 1232 2083 in
1272 2020 1354 2080 einem
1399 2022 1648 2082 ungekünstelten
1681 2025 1744 2085 und
1770 2030 2076 2090 ungezwungenen,
2109 2045 2179 2105 aber

1206 2069 1288 2129 nicht
1313 2064 1466 2124 trockenen
1496 2067 1685 2127 Vortrage,
1716 2071 1828 2131 welche
1858 2076 1934 2136 seine
1965 2088 2177 2148 Wahrheiten

1209 2115 1321 2175 sattsam
1366 2112 1534 2172 befestiget.
1591 2118 1678 2178 Man
1716 2120 1785 2180 darf
1817 2125 1910 2185 daher
1936 2132 2010 2192 diese
2036 2139 2185 2199 Antwort

1212 2166 1291 2226 nicht
1317 2164 1359 2224 als
1384 2160 1452 2220 eine
1471 2161 1538 2221 blos
1570 2168 1755 2228 polemische
1780 2175 1916 2235 Schrift
1941 2184 2101 2244 ansehen,
2127 2193 2194 2253 son¬

1212 2214 1281 2274 dern
1313 2211 1381 2271 kann
1413 2208 1450 2268 sie
1476 2214 1608 2274 wirklich
1640 2219 1689 2279 für
1715 2222 1783 2282 eine
1815 2227 2022 2287 dogmatische
2042 2240 2192 2300 Bewäh¬

1210 2261 1289 2321 rung
1321 2255 1370 2315 der
1395 2258 1585 2318 christlichen
1617 2268 1764 2328 Religion
1796 2276 1931 2336 halten,
1956 2282 2005 2342 die
2030 2287 2103 2347 auch
2129 2294 2190 2354 Un¬

1209 2309 1351 2369 studirten
1391 2308 1596 2368 verständlich
1637 2315 1693 2375 ist,
1728 2320 1790 2380 und
1831 2327 1961 2387 nutzbar
1996 2335 2058 2395 seyn
2099 2342 2194 2402 kann.

214 2393 356 2453 Grunde
377 2384 478 2444 dessen
510 2370 765 2430 Hauptabsicht,
787 2366 837 2426 die
859 2363 970 2423 Lehren
1003 2358 1063 2418 des
1085 2354 1185 2414 Ehris
1217 2357 1328 2417 Koster
1350 2352 1379 2412 in
1402 2353 1452 2413 der
1474 2360 1677 2420 Kanterschen
1699 2374 1964 2434 Buchandlung
1996 2381 2107 2441 albier
2129 2387 2189 2447 mi=

1212 2403 1281 2463 auch
1313 2402 1337 2462 in
1370 2402 1488 2462 Elbing
1521 2409 1583 2469 und
1616 2418 1760 2478 Mitau,
1786 2423 1841 2483 und
1874 2426 1924 2486 der
1950 2429 2018 2489 Zeit
2044 2432 2069 2492 in
2101 2434 2188 2494 Riga

1214 2452 1234 2512 1
1261 2452 1295 2512 fl.

1611 2511 1802 2571 Rostock.

1262 2537 1400 2597 "Briefe
1425 2545 1498 2605 über
1523 2551 1570 2611 die
1595 2561 1715 2621 neueste
1741 2563 1873 2623 Moral.
1892 2562 1971 2622 Des
1996 2569 2086 2629 ersten
2105 2576 2201 2636 Ban¬

1221 2582 1294 2642 "des
1323 2590 1413 2650 erstes
1436 2599 1560 2659 Stück,
1583 2605 1662 2665 8vo,
1686 2608 1798 2668 1764,
1822 2608 1838 2668 4
1873 2608 1928 2668 und
1963 2615 2048 2675 einen
2082 2623 2195 2683 halben

1228 2637 1406 2697 Bogen."
1464 2648 1545 2708 Kein
1580 2652 1776 2712 Vorbericht
1806 2654 2008 2714 unterrichtet
2043 2665 2100 2725 uns
2135 2668 2192 2728 von

1228 2686 1276 2746 dem
1314 2688 1476 2748 Verfasser
1504 2698 1574 2758 oder
1607 2700 1655 2760 der
1683 2700 1801 2760 Absicht
1823 2703 1920 2763 dieser
1948 2711 2207 2771 wohlgeschrieb¬

1230 2737 1283 2797 nen
1311 2740 1454 2800 Briefe;
1482 2746 1535 2806 wir
1564 2751 1662 2811 sollen
1690 2751 1743 2811 also
1771 2751 1824 2811 fast
1843 2751 1897 2811 den
1925 2757 2014 2817 Titel
2033 2761 2077 2821 für
2105 2762 2212 2822 scherz=

2129 2815 2210 2875 haft
