2479 3508
489 357 747 417 Warschau,
780 354 831 414 vom
884 357 947 417 21.
975 357 1083 417 May.

332 413 378 473 In
408 407 460 467 der
484 404 683 464 Mittwochs
707 404 841 464 Session
871 406 999 466 wurden
1035 407 1209 467 diejenigen
1245 403 1291 463 er¬

279 464 409 524 nannt,
441 455 555 515 welche
587 451 649 511 mit
676 452 727 512 den
764 455 936 515 Ministris
968 455 1019 515 der
1056 455 1280 515 auswärtigen

279 512 341 572 und
368 505 540 565 besonders
567 500 618 560 der
640 500 864 560 benachbarten
891 500 974 560 Hoͤfe
991 503 1042 563 das
1069 503 1199 563 nöthige
1216 503 1267 563 zum

292 557 407 617 Besten
443 552 493 612 des
519 548 634 608 Reichs
655 551 826 611 tractiren,
847 552 902 612 und
932 554 1028 614 davon
1059 554 1113 614 das
1140 554 1285 614 gehörige

287 609 324 669 an
351 605 398 665 die
420 601 585 661 Republik
607 601 755 661 gelangen
788 601 872 661 laßen
900 601 1016 661 sollen.
1049 601 1133 661 Man
1166 601 1293 661 berath¬

293 655 422 715 schlagte
445 652 493 712 sich
520 652 650 712 alsdenn
683 649 747 709 noch
775 649 845 709 über
873 649 915 709 die
938 650 986 710 der
1008 650 1181 710 Russischen
1203 649 1289 709 Kay=

294 704 371 764 serin
408 703 464 763 und
501 700 552 760 dem
599 700 729 760 Könige
760 697 816 757 von
853 699 1003 759 Preußen
1040 700 1283 760 zuzustehenden

294 754 409 814 Titel,
430 752 485 812 von
526 750 601 810 allen
637 745 803 805 Reußen,
834 748 894 808 und
925 748 1010 808 eines
1046 750 1187 810 Königes
1223 745 1278 805 von

292 803 443 863 Preußen
474 800 534 860 und
560 796 660 856 wegen
691 798 741 858 der
762 795 868 855 innren
899 796 1116 856 Sicherheit,
1142 797 1177 857 da
1208 795 1278 855 denn

292 852 345 912 der
367 848 463 908 Fürst
485 846 644 906 Woywod
677 845 734 905 von
762 846 921 906 Rußland
954 846 1002 906 als
1029 844 1157 904 jetziger
1184 843 1295 903 Gene¬

284 900 594 960 ralregimentarius
621 894 666 954 die
692 894 809 954 Macht
825 894 951 954 bekam,
973 894 1038 954 auch
1064 894 1166 954 andre
1187 890 1298 950 Trup¬

287 951 345 1011 pen
372 948 425 1008 zur
452 946 654 1006 Herstellung
687 942 750 1002 und
777 942 990 1002 Bewahrung
1028 942 1219 1002 derselbigen
1257 940 1283 1000 zu

294 998 510 1058 gebrauchen.
557 992 603 1052 Am
645 990 877 1050 Donnerstage
898 990 1099 1050 beschäftigte
1126 990 1197 1050 noch
1229 987 1295 1047 obi¬

292 1048 348 1108 ger
375 1043 493 1103 Punkt
525 1039 571 1099 die
597 1037 943 1097 Berathschlagungen
975 1035 1026 1095 der
1058 1037 1197 1097 Stände
1223 1034 1285 1094 und

288 1094 321 1154 am
365 1089 486 1149 meisten
515 1085 563 1145 die
588 1085 733 1145 Materie
757 1085 858 1145 wegen
888 1082 941 1142 der
965 1083 1221 1143 Protestanten,
1236 1082 1293 1142 auf

289 1142 403 1202 welche
425 1136 492 1196 man
524 1133 592 1193 sehr
614 1130 739 1190 loßzog.
791 1130 880 1190 Man
912 1130 1100 1190 verlangte,
1126 1130 1184 1190 daß
1210 1127 1288 1187 selbi

295 1194 336 1254 ge
363 1189 431 1249 auch
463 1181 632 1241 dasjenige
665 1178 748 1238 nicht
770 1178 860 1238 mehr
892 1178 1013 1238 besitzen
1046 1175 1177 1235 sollten,
1220 1175 1288 1235 was

296 1237 336 1297 sie
356 1234 422 1294 jetzo
450 1231 569 1291 besitzen
596 1225 742 1285 können,
763 1225 795 1285 z.
816 1225 862 1285 E.
882 1227 1095 1287 Starosteyen
1129 1222 1188 1282 und
1222 1222 1294 1282 Kö=
1322 1224 1421 1284 unter
1448 1225 1494 1285 dem
1535 1228 1661 1288 Schall
1675 1228 1720 1288 der
1755 1231 1900 1291 Paucken
1934 1231 2000 1291 und
2028 1236 2226 1296 Trompeten
2261 1238 2326 1298 mit

304 1287 433 1347 nigliche
469 1282 574 1342 Güter
616 1277 698 1337 ohne
722 1276 1017 1336 Gerichtsstühle,
1053 1275 1205 1335 Chargen
1247 1270 1276 1330 im

295 1334 568 1394 Militärstande,
579 1329 707 1389 Aemter
730 1326 785 1386 auf
808 1327 1008 1387 Kammern,
1020 1327 1153 1387 Posten,
1170 1325 1208 1385 u.
1215 1323 1242 1383 s.
1254 1321 1298 1381 w.

292 1387 380 1447 Man
411 1384 515 1444 wollte
547 1381 619 1441 auch
656 1378 749 1438 solche
781 1377 832 1437 den
859 1378 1087 1438 Protestanten
1124 1375 1300 1435 abgenom¬

294 1435 394 1495 men,
420 1433 485 1493 auch
516 1428 561 1488 die
582 1428 794 1488 neuerbauten
825 1425 896 1485 oder
921 1428 1133 1488 hergestellten
1159 1424 1285 1484 Kirchen

297 1484 361 1544 und
393 1481 536 1541 Schulen
574 1476 728 1536 derselben
766 1476 967 1536 aufgehoben
1005 1476 1138 1536 wissen,
1160 1475 1197 1535 u.
1213 1473 1239 1533 s.
1256 1473 1298 1533 w.

302 1532 351 1592 die
377 1530 452 1590 Zeit
478 1527 609 1587 verging
645 1526 770 1586 damit,
801 1525 861 1585 und
892 1524 947 1584 daß
983 1527 1048 1587 man
1084 1524 1134 1584 den
1165 1521 1285 1581 jetzigen

290 1578 480 1638 Residenten
514 1575 551 1635 am
596 1572 786 1632 Türkischen
815 1572 929 1632 Hofe,
956 1572 1010 1632 den
1044 1572 1098 1632 der
1126 1572 1283 1632 Castellan

297 1628 352 1688 von
388 1628 510 1688 Krakau
541 1623 586 1683 als
612 1619 937 1679 Krongroßfeldherr
963 1616 1090 1676 daselbst
1111 1616 1227 1676 immer
1253 1614 1303 1674 be¬

295 1676 430 1736 fehliget
464 1672 540 1732 hat,
573 1669 627 1729 den
661 1666 813 1726 Obersten
846 1661 1059 1721 Stankiewiz
1092 1663 1152 1723 von
1186 1662 1288 1722 dorten

293 1721 525 1781 wegnehmen,
546 1715 605 1775 und
630 1712 714 1772 einen
744 1709 858 1769 andern
893 1709 1076 1769 hinschicken
1106 1709 1204 1769 sollte.
1245 1706 1293 1766 Es

294 1769 351 1829 kam
398 1767 470 1827 aber
497 1760 600 1820 wegen
626 1757 704 1817 schon
735 1757 833 1817 später
860 1757 927 1817 Zeit
948 1758 979 1818 zu
1011 1757 1114 1817 keinem
1156 1757 1301 1817 Schluß,

298 1818 362 1878 und
396 1811 444 1871 die
477 1808 612 1868 Seßion
651 1805 737 1865 ward
787 1806 835 1866 bis
874 1804 1009 1864 Freytag
1053 1805 1297 1865 aufgeschoben.

307 1864 397 1924 Noch
424 1861 455 1921 am
498 1858 651 1918 Freytage
678 1855 783 1915 waren
816 1858 863 1918 die
895 1858 1123 1918 Protestanten
1160 1855 1213 1915 der
1234 1852 1303 1912 Ge¬

306 1914 454 1974 genstand
489 1911 538 1971 der
572 1909 726 1969 eifrigsten
760 1909 1130 1969 Berathschlagungen,
1154 1908 1214 1968 und
1248 1904 1302 1964 ob¬

294 1967 387 2027 gleich
414 1963 491 2023 viele
518 1957 851 2017 Staatsverständige
878 1960 972 2020 dabey
998 1960 1055 2020 nur
1087 1959 1185 2019 dieses
1212 1957 1300 2017 erin¬

297 2017 426 2077 nerten,
437 2013 488 2073 daß
510 2013 576 2073 man
603 2008 707 2068 hiebey
728 2008 805 2068 nicht
821 2008 914 2068 denen
935 2008 992 2068 mit
1008 2008 1122 2068 andern
1143 2008 1288 2068 Mächten

305 2064 501 2124 geschloßnen
532 2058 698 2118 Tractaten
730 2058 759 2118 zu
790 2055 865 2115 nahe
892 2055 982 2115 treten
1007 2058 1143 2118 moͤchte,
1170 2057 1194 2117 so
1215 2055 1300 2115 wur¬

297 2113 333 2173 de
354 2112 421 2172 doch
452 2109 643 2169 einstimmig
670 2106 716 2166 der
737 2103 861 2163 Schluß
887 2106 1016 2166 gefaßt:
1048 2105 1099 2165 daß
1130 2103 1171 2163 die
1193 2103 1290 2163 wider

295 2161 345 2221 die
362 2157 584 2217 Protestanten
612 2156 640 2216 in
668 2156 718 2216 den
740 2154 868 2214 Jahren
891 2154 1001 2214 1717,
1013 2154 1096 2214 1733
1119 2154 1179 2214 und
1202 2151 1280 2211 1730

302 2211 462 2271 gemachte
488 2202 744 2262 Constitutionen
775 2202 850 2262 aufs
881 2202 961 2262 neue
987 2203 1192 2263 festgesetzet,
1228 2201 1288 2261 und

296 2255 454 2315 außerdem
504 2249 563 2309 kein
598 2247 796 2307 Protestant
821 2247 929 2307 irgend
960 2252 1058 2312 etwas
1093 2252 1211 2312 mehr,
1242 2249 1290 2309 als

305 2304 372 2364 was
397 2301 446 2361 ihm
491 2294 594 2354 erblich
620 2294 774 2354 gehöret,
799 2297 916 2357 besitzen
954 2300 1052 2360 solle,
1077 2300 1139 2360 und
1176 2300 1219 2360 ein
1256 2298 1299 2358 je¬

294 2354 346 2414 der
372 2348 476 2408 wider
508 2344 590 2404 einen
627 2339 877 2399 Protestanten,
898 2346 950 2406 der
971 2348 1069 2408 wider
1101 2348 1148 2408 ein
1180 2348 1288 2408 solches

304 2402 419 2462 Gesetz
437 2396 534 2456 etwas
564 2390 686 2450 besitzt,
709 2390 830 2450 überall
854 2397 987 2457 rechtlich
1022 2396 1189 2456 verfahren
1225 2396 1299 2456 kön¬

298 2455 353 2515 ne.
404 2450 453 2510 Am
493 2438 725 2498 Sonnabende
748 2440 848 2500 redete
876 2443 942 2503 man
982 2446 1037 2506 von
1071 2445 1287 2505 verschiednen

296 2500 497 2560 Materien,
522 2493 569 2553 die
593 2487 664 2547 aber
689 2485 771 2545 nicht
790 2488 997 2548 ausgemacht
1016 2494 1164 2554 worden.
1194 2493 1288 2553 Doch

290 2549 330 2609 ist
354 2551 400 2611 der
425 2545 688 2605 Wahlreichstag
718 2533 793 2593 schon
829 2536 882 2596 auf
900 2539 952 2599 den
981 2542 1081 2602 20sten
1111 2542 1233 2602 August
1251 2543 1297 2603 be=

300 2599 394 2659 liebet
411 2596 561 2656 worden.
611 2589 749 2649 Gestern
778 2584 872 2644 hielte
900 2585 950 2645 der
972 2590 1300 2650 Gesandschaftspre¬

297 2646 414 2706 diger,
439 2643 568 2703 welchen
606 2640 654 2700 der
686 2635 828 2695 Königl.
847 2635 1038 2695 Preußische
1063 2641 1291 2701 Ambassadeur

294 2694 533 2754 mitgebracht,
557 2691 603 2751 die
627 2686 703 2746 erste
727 2683 866 2743 Predigt
896 2682 919 2742 im
960 2684 1088 2744 hiesigen
1124 2688 1304 2748 Branden¬

295 2745 477 2805 burgischen
504 2736 609 2796 Hofe.
656 2733 701 2793 Er
734 2733 773 2793 ist
801 2730 996 2790 reformirter
1023 2736 1207 2796 Religion,
1234 2738 1292 2798 und

295 2796 343 2856 der
368 2792 532 2852 Verfasser
563 2785 641 2845 "des
666 2784 812 2844 Christen
837 2781 867 2841 in
893 2781 947 2841 der
966 2784 1197 2844 Einsamkeit,"
1228 2787 1294 2847 Hr.

293 2843 450 2903 Crugott.
516 2837 591 2897 Die
619 2835 825 2895 Orthodoxen
858 2829 950 2889 unter
983 2829 1031 2889 den
1070 2832 1287 2892 Lutheranern

291 2894 502 2954 beschuldigen
537 2886 583 2946 ihn
618 2885 663 2945 des
692 2885 978 2945 Socinianismi,
1007 2882 1065 2942 und
1094 2882 1202 2942 wollen
1243 2884 1299 2944 sol=

1322 358 1387 418 chen
1417 359 1446 419 in
1471 360 1577 420 obiger
1596 363 1731 423 Schrift
1750 365 1904 425 gefunden
1935 366 2052 426 haben,
2072 366 2166 426 daher
2190 366 2255 426 auch
2279 367 2320 427 be=

1325 407 1402 467 reits
1429 407 1496 467 eine
1512 410 1762 470 Wiederlegung
1793 413 1887 473 davon
1918 413 2225 473 herausgekommen
2252 419 2303 479 ist.

1565 458 1740 518 Mitau,
1778 462 1836 522 vom
1890 464 1953 524 14.
1980 462 2086 522 May.

1378 500 1454 560 Der
1473 504 1603 564 gestrige
1627 506 1703 566 13te
1733 511 1815 571 May
1847 511 1881 571 n.
1900 512 1934 572 st.
1953 512 2023 572 war
2047 509 2101 569 der
2125 511 2254 571 hiesigen
2279 511 2313 571 ra

1329 554 1495 614 formirten
1525 556 1687 616 Gemeine
1707 557 1750 617 ein
1780 562 1951 622 besonders
1981 560 2231 620 merkwürdiger
2256 563 2314 623 und

1324 604 1530 664 erfreulicher
1559 604 1647 664 Tag.
1709 607 1803 667 Ihre
1832 611 1971 671 Kirche,
1999 612 2026 672 in
2055 610 2183 670 welcher
2211 610 2316 670 wegen

1329 652 1572 712 Ermangelung
1606 655 1692 715 eines
1725 657 1910 717 Predigers
1937 658 1964 718 in
1997 661 2084 721 mehr
2106 661 2148 721 als
2176 660 2214 720 13
2247 660 2328 720 Mo¬

1319 699 1408 759 naten
1443 700 1502 760 kein
1527 703 1760 763 Gottesdienst
1786 706 1850 766 war
1875 709 2014 769 gehalten
2039 709 2188 769 worden,
2213 709 2321 769 wurde

1320 746 1383 806 auf
1405 748 1453 808 die
1474 751 1665 811 feyerlichste
1681 754 1787 814 Weise
1809 757 1957 817 gleichsam
1995 760 2052 820 von
2085 760 2185 820 neuen
2218 760 2323 820 einge¬

1326 795 1461 855 weihet.
1510 798 1585 858 Der
1607 801 1824 861 neuerwählte
1846 804 2009 864 Prediger
2031 807 2079 867 H.
2096 810 2155 870 M.
2166 809 2301 869 Joachim

1328 844 1492 904 Nicolaus
1519 846 1629 906 Tiling
1656 849 1735 909 hielt
1752 851 1809 911 vor
1832 852 1916 912 einer
1938 855 2106 915 ungemein
2123 858 2313 918 zahlreichen

1328 891 1392 951 und
1428 897 1624 957 vornehmen
1665 900 1916 960 Versammlung
1957 904 2027 964 eine
2063 906 2223 966 rührende
2249 906 2324 966 Ein¬

1322 942 1504 1002 trittsrede,
1530 945 1643 1005 welche
1663 945 1722 1005 mit
1742 949 1944 1009 allgemeinem
1984 954 2112 1014 Beifall
2132 954 2324 1014 aufgenom¬

1328 988 1400 1048 men
1442 991 1579 1051 wurde.

1628 992 1747 1052 Unsere
1770 996 1978 1056 Hochfürstl.
2006 1004 2328 1064 Landesherrschaft,

1328 1035 1382 1095 des
1408 1037 1548 1097 Herzogs
1574 1040 1634 1100 wie
1655 1040 1724 1100 auch
1750 1042 1800 1102 der
1821 1043 1981 1103 Herzogin
2012 1048 2067 1108 und
2097 1049 2147 1109 des
2168 1052 2323 1112 Erbprin¬

1328 1087 1379 1147 zen
1405 1085 1606 1145 Hochfürstl.
1627 1088 1771 1148 Durchl.
1787 1088 1952 1148 geruheten
1983 1096 2127 1156 gnädigst
2153 1100 2199 1160 dem
2241 1100 2323 1160 Got¬

1324 1130 1497 1190 tesdienste
1517 1133 1779 1193 beyzuwohnen,
1804 1136 1853 1196 der
1878 1136 1938 1196 mit
1953 1138 2036 1198 einer
2057 1143 2180 1203 schönen
2211 1148 2328 1208 Vocal¬

1323 1175 1383 1235 und
1414 1181 1768 1241 Instrumentalmusic
1799 1182 1900 1242 seinen
1941 1187 2073 1247 Anfang
2114 1190 2230 1250 nahm,
2256 1194 2316 1254 und

1325 1273 1511 1333 Absingung
1543 1276 1591 1336 des
1618 1278 1665 1338 Te
1687 1279 1782 1339 Deum
1820 1282 1995 1342 laudamus
2023 1285 2187 1345 geendiget
2199 1288 2326 1348 wurde.

1331 1324 1400 1384 Die
1430 1328 1574 1388 Predigt
1604 1325 1673 1385 Sr.
1691 1330 1888 1390 Hochehrw.
1918 1333 2004 1393 hatte
2028 1336 2085 1396 das
2109 1333 2213 1393 Glück
2231 1338 2324 1398 Ihro

1331 1378 1534 1438 Hochfürstl.
1558 1381 1704 1441 Durchl.
1716 1381 1880 1441 dergestalt
1909 1384 1937 1444 zu
1966 1387 2095 1447 gefallen
2119 1390 2175 1450 und
2204 1390 2231 1450 zu
2249 1390 2322 1450 rüh¬

1323 1428 1399 1488 ren,
1432 1430 1486 1490 daß
1519 1428 1594 1488 Sie
1611 1431 1682 1491 noch
1715 1434 1877 1494 denselben
1910 1434 1975 1494 Tag
2014 1437 2062 1497 die
2085 1440 2203 1500 Herren
2237 1437 2312 1497 Vor

1335 1476 1430 1536 steher
1462 1478 1509 1538 der
1536 1479 1700 1539 Gemeine
1727 1482 1758 1542 zu
1790 1482 1838 1542 sich
1871 1482 1960 1542 rufen
1992 1485 2113 1545 liessen,
2135 1488 2230 1548 ihnen
2257 1488 2325 1548 De¬

1325 1526 1357 1586 ro
1384 1529 1635 1589 Zufriedenheit
1651 1529 1710 1589 und
1737 1530 1871 1590 Beifall
1887 1533 2069 1593 bezeigten,
2101 1537 2159 1597 und
2193 1538 2245 1598 die
2273 1537 2331 1597 un¬

1328 1575 1494 1635 erwartete
1525 1578 1818 1638 außerordentliche
1849 1581 1970 1641 Gnade
1996 1584 2127 1644 hatten,
2153 1587 2248 1647 ihnen
2279 1587 2324 1647 die

1328 1622 1560 1682 Versicherung
1586 1625 1616 1685 zu
1642 1622 1758 1682 geben,
1789 1625 1845 1685 daß
1876 1625 1941 1685 Sie
1972 1628 2022 1688 dem
2073 1634 2235 1694 Prediger
2266 1634 2321 1694 aus

1325 1667 1380 1727 der
1401 1667 1603 1727 Hochfürstl.
1624 1667 1714 1727 Casse
1735 1670 1867 1730 jährlich
1903 1673 1938 1733 ad
1954 1673 2019 1733 dies
2035 1676 2121 1736 vitae
2147 1676 2202 1736 100
2228 1679 2328 1739 Thlr.

1327 1712 1460 1772 Alberts
1490 1715 1612 1775 würden
1642 1715 1814 1775 auszahlen
1845 1718 1957 1778 lassen.
2012 1719 2134 1779 Dieser
2160 1721 2238 1781 neue
2258 1724 2326 1784 Be¬

1329 1760 1408 1820 weis
1436 1757 1487 1817 von
1521 1760 1572 1820 der
1596 1760 1675 1820 edlen
1703 1762 1764 1822 und
1797 1763 1975 1823 erhabenen
2003 1769 2247 1829 Denkungsart
2271 1772 2331 1832 un¬

1333 1811 1393 1871 sers
1416 1811 1812 1871 verehrungswürdigsten
1835 1814 1890 1874 und
1912 1818 2101 1878 geliebtesten
2130 1822 2252 1882 Fürsten
2275 1825 2330 1885 hat

1328 1861 1381 1921 der
1403 1864 1519 1924 ganzen
1541 1863 1647 1923 Stadt
1674 1864 1737 1924 eine
1760 1865 1945 1925 ungemeine
1973 1870 2089 1930 Freude
2116 1873 2313 1933 verursachet

1640 1942 2022 2002 AVERTISSEMENT.

1379 1991 1450 2051 Dem
1495 1993 1633 2053 Publico
1656 1993 1733 2053 wird
1761 1996 1899 2056 bekannt
1916 1999 2077 2059 gemacht,
2094 1999 2143 2059 daß
2166 1999 2209 2059 die
2227 2001 2320 2061 dritte

1331 2043 1474 2103 Ziehung
1504 2043 1553 2103 der
1576 2042 1720 2102 Königl.
1732 2043 1860 2103 Preuß.
1872 2044 2027 2104 Lotterie,
2045 2049 2206 2109 künftigen
2234 2049 2334 2109 Don=

1325 2091 1473 2151 nerstag,
1501 2091 1548 2151 als
1575 2091 1606 2151 am
1644 2091 1712 2151 7ten
1740 2092 1872 2152 Junius
1899 2097 2105 2157 Vormittags
2138 2097 2169 2157 um
2212 2098 2222 2158 9
2255 2100 2318 2160 Uhr

1328 2139 1386 2199 auf
1408 2139 1455 2199 dem
1498 2139 1524 2199 im
1562 2139 1791 2199 Schloßplatze
1823 2142 2025 2202 befindlichen
2058 2148 2180 2208 Balkon
2212 2150 2329 2210 gesche¬

1331 2187 1385 2247 hen
1414 2187 1513 2247 wird.
1575 2187 1652 2247 Die
1680 2185 1802 2245 Herren
1836 2190 2036 2250 Einnehmer
2070 2196 2164 2256 dieser
2192 2199 2324 2259 Lotterie

1330 2234 1448 2294 werden
1477 2235 1522 2295 bis
1551 2234 1601 2294 den
1630 2231 1697 2291 5ten
1726 2234 1857 2294 Junius
1880 2241 2089 2301 Vormittags
2113 2243 2163 2303 die
2181 2246 2316 2306 Einsätze

1329 2285 1538 2345 annehmen;
1568 2282 1590 2342 im
1630 2282 1885 2342 Hauptcomtoir
1914 2288 1981 2348 aber
2005 2289 2049 2349 des
2079 2291 2316 2351 Lotterieamtes

1330 2334 1404 2394 aufm
1441 2330 1626 2390 Roßgarten
1658 2330 1779 2390 werden
1806 2334 1900 2394 solche
1922 2336 1964 2396 bis
1991 2338 2022 2398 um
2065 2339 2075 2399 8
2107 2339 2170 2399 Uhr
2187 2339 2313 2399 Abends

1327 2384 1379 2444 des
1404 2382 1576 2442 bemeldten
1611 2378 1677 2438 5ten
1707 2383 1836 2443 Junius
1860 2387 2096 2447 angenommen
2125 2384 2269 2444 werden.

1334 2447 1661 2507 Wechsel-Cours
1700 2443 1709 2503 &
1769 2452 1922 2512 Species
1952 2452 1989 2512 d.
2000 2452 2067 2512 31.
2097 2452 2173 2512 Mai
2194 2461 2318 2521 1764.

1914 2498 1955 2558 71
1977 2503 2060 2563 Tage
2096 2507 2158 2567 293
2194 2512 2249 2572 gr.

1328 2500 1510 2560 Amsterdam
1548 2499 1585 2559 41
1611 2497 1692 2557 Tage
1718 2504 1780 2564 295
1812 2506 1862 2566 gr.

1326 2551 1504 2611 Hamburg
1536 2546 1621 2606 3W.

1901 2551 1919 2611 6
1951 2550 2013 2610 W.

1321 2599 1436 2659 Berlin

1790 2599 1949 2659 Dantzig

1325 2646 1475 2706 Ducaten
1505 2641 1586 2701 neue

1829 2646 1961 2706 Alberts
1995 2649 2094 2709 Taler

1329 2694 1452 2754 Rubel

1831 2695 1887 2755 Alt
1905 2697 2045 2757 Polnisch
2074 2700 2152 2760 Geld

1329 2742 1383 2802 Alt
1401 2741 1560 2801 Märcksch
1588 2740 1659 2800 Geld

1866 2748 2094 2808 Graumansch
2142 2748 2219 2808 Fusz

1330 2802 1432 2862 Diese
1448 2799 1582 2859 Gelehrte
1599 2800 1653 2860 und
1677 2802 1835 2862 Politische
1852 2805 1977 2865 Zeitung
2002 2808 2072 2868 wird
2096 2808 2144 2868 des
2168 2808 2317 2868 Montags

1422 2844 1479 2904 und
1512 2844 1658 2904 Freytags
1680 2844 1706 2904 in
1732 2847 1774 2907 dem
1817 2847 2006 2907 Kanterschen
2043 2849 2216 2909 Buchladen

1712 2888 1930 2948 ausgegeben.
