2479 3508
268 350 329 410 und
354 352 403 412 der
428 353 551 413 Kunst,
576 351 632 411 wie
657 351 724 411 auch
755 351 804 411 den
836 354 977 414 Münzen
1015 351 1057 411 ein
1089 352 1187 412 Platz
1206 354 1267 414 an¬

262 399 412 459 gewiesen
444 398 542 458 wird.
595 395 765 455 Niemand
792 399 864 459 kann
891 401 984 461 diesen
1010 399 1176 459 Gebrauch
1203 401 1264 461 mit

259 448 365 508 Recht
380 446 501 506 tadeln,
522 445 557 505 da
583 443 633 503 die
654 446 872 506 Naturkunde
898 449 958 509 und
989 449 1034 509 die
1060 449 1262 509 Kunsterfin¬

259 496 378 556 dungen
411 495 436 555 so
463 494 562 554 genau
599 494 765 554 verwandt
787 498 875 558 sind,
902 497 959 557 daß
986 497 1022 557 sie
1043 497 1126 557 nicht
1148 499 1257 559 füglich

264 545 384 605 können
420 545 586 605 getrennet
612 545 752 605 werden.
804 548 894 608 Nach
930 545 1025 605 diesem
1071 545 1172 605 letzten
1202 548 1267 608 Ab¬

267 592 382 652 schnitt
397 592 518 652 werden
544 592 568 652 in
600 592 694 652 diesem
730 595 937 655 Preußischen
963 595 1184 655 Naturalien=
1200 594 1259 654 und

262 640 501 700 Kunstcabinet
545 643 645 703 solche
694 642 826 702 Stücke
870 643 1045 703 gezeiget,
1088 643 1136 703 die
1179 643 1263 703 nicht

264 691 440 751 unwürdig
466 688 554 748 sind,
586 691 637 751 dem
684 691 813 751 übrigen
845 691 985 751 Vorrath
1016 691 1047 751 an
1084 691 1135 751 die
1156 693 1259 753 Seite

262 739 403 799 gestellet
429 739 458 799 zu
489 740 630 800 werden,
656 739 716 799 und
742 739 802 799 wie
823 741 893 801 man
919 742 1105 802 überhaupt
1126 742 1181 802 auf
1202 739 1257 799 das

263 787 463 847 Wachsthum
507 787 561 847 des
583 788 697 848 ganzen
725 786 751 846 so
774 787 839 847 viel
856 789 1007 849 möglich,
1024 789 1154 849 bedacht
1177 789 1225 849 ist,
1236 787 1257 847 so

265 837 423 897 bemühet
450 837 518 897 man
551 837 598 897 sich
636 836 705 896 auch
732 837 779 897 die
800 837 1007 897 Sammlung
1045 837 1097 897 von
1124 837 1267 897 Preußi¬

267 883 346 943 schen
382 884 437 944 und
463 885 578 945 andern
608 885 845 945 Alterthümern
881 885 930 945 von
961 885 1167 945 sonderbaren
1197 885 1257 945 und

264 933 512 993 denkwürdigen
538 931 672 991 Stücken
704 933 750 993 der
766 933 884 993 Kunst,
905 933 957 993 von
978 933 1184 993 Gemälden,
1200 933 1257 993 von

267 1025 360 1085 geln,
376 1025 562 1085 Modellen,
573 1025 806 1085 Schildereyen
832 1027 888 1087 und
915 1026 1055 1086 Münzen
1081 1025 1112 1085 zu
1138 1028 1267 1088 vergrö¬

271 1073 369 1133 ßern,
384 1070 442 1130 wie
463 1072 536 1132 denn
566 1073 609 1133 die
634 1073 761 1133 Anzahl
782 1073 831 1133 der
851 1073 929 1133 alten
959 1073 1174 1133 Griechischen
1204 1072 1263 1132 und

269 1120 460 1180 Römischen
495 1121 645 1181 Münzen
681 1121 767 1181 allein
803 1121 860 1181 auf
883 1121 1127 1181 zwölfhundert
1162 1119 1266 1179 Stück

266 1170 519 1230 angewachsen.

319 1216 414 1276 Des,
443 1218 493 1278 bey
529 1218 624 1278 diesem
664 1213 806 1273 Cabinet
829 1218 1033 1278 befindlichen
1062 1214 1271 1274 Büchervor¬

262 1270 352 1330 raths
380 1269 496 1329 müssen
523 1264 581 1324 wir
609 1267 677 1327 auch
705 1267 885 1327 gedenken,
912 1270 944 1330 da
982 1264 1119 1324 derselbe
1147 1265 1263 1325 beydes

265 1321 320 1381 zum
360 1318 520 1378 Ansehen,
537 1318 581 1378 als
605 1318 671 1378 auch
699 1318 754 1378 zum
793 1318 960 1378 nützlichen
983 1318 1149 1378 Gebrauch
1172 1318 1271 1378 dessel¬

273 1369 321 1429 ben
354 1368 450 1428 vieles
473 1366 650 1426 beyträget.
678 1369 736 1429 Ist
759 1369 888 1429 derselbe
916 1369 1002 1429 gleich
1029 1369 1142 1429 annoch
1170 1369 1266 1429 klein,

267 1416 292 1476 so
313 1416 349 1476 ist
376 1415 401 1475 er
423 1416 558 1476 dennoch
585 1416 761 1476 auserlesen
793 1416 850 1476 und
877 1418 939 1478 mit
955 1416 1043 1476 guter
1064 1416 1163 1476 Wahl
1174 1416 1267 1476 ange¬

270 1463 411 1523 schaffet.
460 1464 546 1524 Man
580 1466 676 1526 findet
699 1464 785 1524 darin
813 1464 916 1524 nächst
938 1467 1057 1527 einigen
1090 1467 1198 1527 alten,
1220 1464 1268 1524 die

262 1515 402 1575 neuesten
429 1512 491 1572 und
513 1512 600 1572 besten
627 1512 841 1572 Schrifsteller
857 1512 914 1572 von
941 1512 987 1572 der
1003 1512 1269 1572 Naturgeschich¬

262 1562 313 1622 te,
334 1560 391 1620 von
427 1560 479 1620 der
500 1560 728 1620 Wirthschaft,
754 1560 811 1620 vom
853 1560 997 1620 Garten=
1025 1560 1081 1620 und
1107 1560 1247 1620 Feldbau

264 1608 319 1668 von
350 1610 400 1670 der
421 1608 618 1668 Viehzucht,
644 1608 704 1668 und
735 1606 791 1666 von
822 1606 963 1666 Künsten
999 1606 1054 1666 und
1085 1605 1272 1665 Handwer¬

263 1655 342 1715 ken;
372 1655 416 1715 die
442 1652 733 1712 glaubwürdigsten
763 1651 1144 1711 Reisebeschreibungen,
1159 1649 1267 1709 welche

263 1700 312 1760 die
337 1699 619 1759 Naturgeschichte
645 1695 693 1755 der
714 1697 832 1757 Länder
857 1697 1070 1757 aufgekläret,
1085 1694 1149 1754 eine
1169 1694 1267 1754 Men¬

272 1747 307 1807 ge
329 1745 385 1805 von
416 1745 524 1805 solchen
555 1742 735 1802 Büchern,
762 1742 870 1802 welche
902 1742 927 1802 in
953 1742 1190 1802 Kupferstichen
1221 1741 1267 1801 die

267 1790 384 1850 Werke
406 1793 453 1853 der
475 1793 586 1853 Natur
608 1791 666 1851 und
693 1793 800 1853 Kunst
822 1793 1007 1853 vorstellen,
1024 1795 1082 1855 und
1109 1792 1274 1852 insonder¬

266 1841 333 1901 heit
357 1840 448 1900 solche
466 1840 654 1900 Schriften,
672 1843 756 1903 durch
781 1844 894 1904 welche
917 1845 963 1905 die
981 1846 1003 1906 in
1038 1843 1129 1903 diesem
1170 1843 1271 1903 Preu¬

269 1894 381 1954 ßischen
410 1894 626 1954 Naturalien=
644 1894 700 1954 und
723 1894 956 1954 Kunstcabinet
979 1897 1154 1957 enthaltene
1178 1894 1268 1954 Din=

262 1947 301 2007 ge
323 1945 485 2005 erlautert
502 1942 649 2002 werden.

321 1995 401 2055 Auch
431 1993 523 2053 dieser
553 1995 640 2055 kurze
664 1993 820 2053 Entwurf
844 1993 919 2053 wird
942 1993 1024 2053 schon
1059 1996 1262 2056 hinreichend

264 2043 432 2103 erweisen,
458 2041 518 2101 wie
544 2043 656 2103 solches
693 2040 861 2100 nunmehr
887 2043 922 2103 an
954 2043 1060 2103 unserm
1102 2043 1183 2103 Orte
1214 2042 1259 2102 als

265 2091 333 2151 eine
371 2091 569 2151 anmuthige
617 2091 675 2151 und
719 2091 959 2151 vortheilhafte
1002 2091 1258 2151 Realschule

268 2142 370 2202 könne
398 2139 567 2199 angesehen
605 2136 752 2196 werden.
796 2136 844 2196 Es
873 2139 910 2199 ist
933 2139 1014 2199 nicht
1041 2139 1069 2199 zu
1107 2139 1248 2199 zweifeln

267 2187 322 2247 daß
353 2186 398 2246 der
418 2186 590 2246 Endzweck
605 2184 701 2244 dieser
722 2183 984 2243 ruhmwürdigen
1010 2187 1166 2247 Stiftung
1192 2187 1252 2247 wer

266 2234 300 2294 de
321 2234 484 2294 erreichet,
494 2231 553 2291 und
579 2231 627 2291 der
653 2231 707 2291 aus
737 2229 786 2289 der
802 2234 1024 2294 vernünftigen
1050 2237 1257 2297 Anwendung

274 2282 328 2342 der
351 2278 566 2338 Naturwerke
588 2276 615 2336 zu
644 2276 842 2336 erwartende
865 2285 980 2345 Nutzen
1019 2285 1129 2345 endlich
1163 2285 1262 2345 dörfte

271 2330 434 2390 befördert
456 2324 599 2384 werden.
652 2321 724 2381 Die
745 2332 1040 2392 Dienstfertigkeit,
1054 2333 1113 2393 mit
1134 2333 1257 2393 welchen

271 2381 385 2441 bisher
405 2378 501 2438 dieser
528 2373 706 2433 prangende
726 2375 861 2435 Vorrath
887 2381 964 2441 einem
996 2383 1080 2443 jeden
1106 2384 1182 2444 ohne
1209 2380 1265 2440 alle

272 2432 391 2492 Absicht
412 2426 538 2486 eigenen
572 2421 758 2481 Vortheils,
773 2426 925 2486 vielmehr
953 2431 1019 2491 mit
1040 2432 1179 2492 williger
1200 2430 1266 2490 Ue¬

266 2479 442 2539 bernahme
462 2476 607 2536 mancher
627 2467 874 2527 Beschwerden,
887 2476 924 2536 ist
944 2479 1115 2539 gewiesen,
1128 2479 1191 2539 und
1217 2479 1261 2539 die

263 2529 452 2589 lehrreichen
486 2524 687 2584 Gespräche,
704 2518 760 2578 mit
783 2520 910 2580 welchen
939 2524 983 2584 die
1006 2526 1055 2586 bey
1084 2527 1256 2587 demselben

268 2575 379 2635 bisher
407 2575 462 2635 sich
501 2575 734 2635 eingefundene
768 2570 1012 2630 Gesellschaften
1051 2578 1251 2638 unterhalten

266 2623 413 2683 worden,
431 2623 492 2683 sind
516 2623 578 2683 mit
596 2621 817 2681 gebührendem
863 2617 959 2677 Dank
977 2621 1039 2681 und
1062 2624 1158 2684 Ruhm
1199 2626 1255 2686 von

260 2675 382 2735 einigen
410 2670 588 2730 Tausenden
611 2670 694 2730 schon
717 2666 850 2726 erkannt
868 2667 1007 2727 worden,
1025 2670 1074 2730 die
1086 2673 1169 2733 ihren
1197 2672 1264 2732 Na¬

264 2722 331 2782 men
360 2723 382 2783 in
411 2721 467 2781 das
496 2718 626 2778 daselbst
643 2718 831 2778 befindliche
854 2718 1131 2778 Gedächtnißbuch
1160 2721 1261 2781 einzu¬

263 2772 406 2832 zeichnen
440 2769 600 2829 beliebet;
634 2769 694 2829 und
733 2769 799 2829 man
838 2763 915 2823 wird
950 2766 1015 2826 auch
1049 2772 1253 2832 inskünftige

261 2821 347 2881 durch
377 2820 488 2880 gleiche
506 2819 768 2879 Willfährigkeit
786 2817 833 2877 sich
857 2816 1037 2876 jedermann
1066 2817 1194 2877 gefällig
1218 2822 1247 2882 zu

260 2870 409 2930 machen,
432 2870 565 2930 beflissen
605 2870 693 2930 seyn.
749 2867 859 2927 Wenn
893 2864 965 2924 aber
999 2866 1065 2926 eine
1093 2867 1120 2927 so
1149 2867 1248 2927 große

1303 348 1508 408 Sammlung
1541 351 1606 411 sehr
1626 354 1715 414 leicht
1742 354 1767 414 in
1793 354 1999 414 Unordnung
2026 354 2167 414 gesetzet,
2175 357 2232 417 und
2258 359 2315 419 da¬

1304 398 1393 458 durch
1415 398 1499 458 dem,
1510 398 1557 458 der
1579 401 1621 461 die
1642 401 1779 461 Aufsicht
1795 401 1932 461 darüber
1949 401 2022 461 hat,
2033 401 2207 461 unnöthige
2228 405 2312 465 Mü¬

1307 448 1344 508 he
1365 446 1566 506 verursachet
1588 446 1693 506 wird,
1725 451 1804 511 viele
1826 450 1936 510 Dinge
1963 449 2032 509 auch
2059 452 2149 512 durch
2186 451 2228 511 ein
2255 453 2291 513 un

1304 496 1510 556 vorsichtiges
1537 497 1695 557 anrühren
1722 500 1918 560 beschädiget
1945 500 2066 560 werden
2103 500 2251 560 können;
2278 503 2304 563 so

1300 545 1380 605 wird
1408 544 1446 604 ein
1479 545 1555 605 jeder
1583 545 1631 605 sich
1659 547 1746 607 selbst
1768 549 1958 609 bescheiden,
1975 551 2029 611 das
2052 551 2078 611 zu
2106 551 2307 611 beobachten,

1300 591 1375 651 was
1397 592 1451 652 der
1473 593 1537 653 Hr.
1560 595 1792 655 Chevalier
1814 596 1841 656 zu
1868 598 2036 658 Utrecht
2058 600 2144 660 durch
2166 598 2209 658 die
2231 599 2306 659 Auf¬

1307 640 1407 700 schrift
1429 641 1524 701 seines
1546 643 1892 703 Raritatencabinetts
1919 646 1971 706 hat
1994 649 2136 709 anzeigen
2169 647 2307 707 wollen:

1303 686 1366 746 Hic
1391 688 1518 748 licentia
1543 691 1660 751 oculis,
1680 691 1734 751 pax
1764 694 1940 754 manibus;
1965 695 2038 755 oder
2058 697 2121 757 was
2141 697 2214 757 über
2235 697 2283 757 dem

1304 736 1478 796 Eingange
1510 738 1562 798 des
1589 739 1731 799 Königl.
1758 742 1906 802 Gartens
1938 742 1969 802 zu
1996 745 2302 805 Montpellier

1304 786 1394 846 durch
1424 785 1500 845 diese
1521 786 1636 846 Worte
1657 789 1848 849 angedeutet
1874 789 1980 849 wird:
2010 789 2075 849 Hic
2101 792 2212 852 Argus
2242 792 2297 852 esto

1302 831 1360 891 non
1393 834 1552 894 Briareus.
1600 832 1674 892 Die
1701 839 1908 899 vernünftige
1930 840 2148 900 Anwendung
2175 840 2222 900 der
2244 840 2307 900 Au=

1300 883 1354 943 gen
1388 882 1426 942 ist
1454 882 1537 942 schon
1570 882 1781 942 vermögend,
1809 885 1891 945 ohne
1925 887 1969 947 die
1992 889 2108 949 Hände
2136 891 2229 951 dabey
2263 889 2296 949 zu

1305 929 1410 989 Hülfe
1431 930 1462 990 zu
1489 930 1647 990 nehmen,
1674 930 1758 990 einem
1806 933 1890 993 jeden
1928 934 1980 994 das
2007 939 2218 999 Bekänntniß
2245 937 2297 997 des

273 981 374 1041 Fern=
386 981 448 1041 und
471 981 870 1041 Vergrößrungsgläsern,
888 981 938 1041 von
967 978 1085 1038 Wapen
1108 981 1164 1041 und
1187 978 1265 1038 Sie=
1300 975 1468 1035 göttlichen
1497 978 1795 1038 Naturbemerkers
1819 978 2060 1038 abzufordern:
2084 987 2218 1047 "Herr!
2241 987 2297 1047 wie

1327 1022 1390 1082 sind
1425 1022 1517 1082 deine
1541 1024 1650 1084 Werke
1685 1025 1707 1085 so
1737 1025 1811 1085 groß
1841 1024 1898 1084 und
1928 1028 2014 1088 viel,
2037 1031 2071 1091 du
2095 1031 2164 1091 hast
2182 1031 2222 1091 sie
2240 1034 2297 1094 alle

1305 1067 1467 1127 "weislich
1492 1070 1667 1130 geordnet,
1692 1072 1751 1132 und
1782 1072 1830 1132 die
1849 1070 1933 1130 Erde
1958 1073 1993 1133 ist
2012 1076 2078 1136 voll
2097 1079 2205 1139 deiner
2230 1083 2302 1143 Gü¬

1469 1114 1549 1174 Wie
1570 1117 1626 1177 wir
1652 1118 1728 1178 diese
1744 1118 1917 1178 Nachricht
1937 1120 1993 1180 von
2024 1123 2075 1183 der
2091 1124 2299 1184 Preußischen

1317 1115 1413 1175 "ter.”

1305 1165 1673 1225 Naturalienkammer,
1692 1166 1776 1226 mehr
1800 1169 1846 1229 der
1865 1171 2084 1231 auswärtigen
2113 1172 2210 1232 wegen
2234 1175 2308 1235 mit¬

1303 1213 1472 1273 getheilet,
1489 1213 1517 1273 da
1546 1213 1653 1273 unsern
1682 1216 1812 1276 hiesigen
1846 1219 2077 1279 Mitbürgern,
2095 1219 2173 1279 das,
2191 1222 2213 1282 so
2236 1222 2298 1282 wir

1294 1261 1400 1321 davon
1432 1264 1639 1324 angezeiget,
1672 1264 1815 1324 ohnedem
1863 1267 2006 1327 bekannt
2033 1270 2096 1330 seyn
2129 1270 2229 1330 muß;
2262 1270 2293 1330 so

1301 1315 1471 1375 wünschten
1500 1315 1563 1375 wir
1586 1315 1654 1375 auch
1683 1315 1717 1375 um
1758 1318 1843 1378 jener
1867 1318 1997 1378 willen,
2021 1321 2078 1381 daß
2112 1321 2169 1381 das
2204 1321 2306 1381 wohl¬

1301 1366 1443 1426 verfaßte
1466 1366 1671 1426 Verzeichniß
1706 1366 1802 1426 davon
1843 1367 1894 1427 der
1917 1367 2008 1427 Welt
2032 1372 2054 1432 im
2094 1372 2202 1432 Druck
2226 1372 2293 1432 balt

1300 1413 1413 1473 möchte
1442 1413 1621 1473 vorgeleget
1638 1416 1785 1476 werden.
1835 1416 1884 1476 Es
1906 1416 1943 1476 ist
1960 1419 2058 1479 dieser
2086 1421 2217 1481 Wunsch
2250 1419 2298 1479 die

1299 1467 1373 1527 Zeit
1394 1464 1447 1524 her
1474 1464 1527 1524 von
1554 1464 1712 1524 mehreren
1745 1465 1914 1525 geäußert,
1926 1467 1988 1527 und
2016 1468 2063 1528 der
2090 1470 2206 1530 Nutzen
2239 1468 2291 1528 von

1300 1512 1391 1572 dessen
1414 1512 1587 1572 Erfüllung
1615 1514 1722 1574 würde
1750 1513 1815 1573 nach
1843 1515 1940 1575 vieler
1957 1518 2076 1578 Absicht
2098 1518 2293 1578 beträchtlich

1304 1560 1388 1620 seyn.
1431 1560 1674 1620 Insonderheit
1696 1560 1854 1620 wünschen
1881 1563 1939 1623 wir
1961 1566 2072 1626 solches
2099 1566 2156 1626 aus
2178 1566 2299 1626 gerech¬

1303 1602 1347 1662 tem
1396 1604 1484 1664 Eifer
1509 1605 1557 1665 für
1578 1605 1626 1665 die
1651 1606 1734 1666 Ehre
1754 1608 1862 1668 unsers
1882 1610 2116 1670 Vaterlandes.
2141 1610 2190 1670 Es
2215 1610 2302 1670 wür¬

1301 1647 1353 1707 den
1387 1646 1545 1706 hierdurch
1574 1649 1727 1709 diejenige
1742 1649 1914 1709 beschämet
1929 1653 1982 1713 und
2001 1655 2053 1715 zum
2088 1654 2303 1714 Stillschwei¬

1301 1695 1353 1755 gen
1382 1691 1530 1751 gebracht
1550 1691 1697 1751 werden,
1726 1694 1774 1754 die
1793 1696 1826 1756 an
1860 1697 1965 1757 unsern
1994 1700 2223 1760 Landesleuten
2253 1703 2300 1763 ge¬

1299 1742 1421 1802 tadelt,
1448 1741 1500 1801 daß
1538 1740 1575 1800 sie
1597 1742 1697 1802 wenig
1734 1745 1803 1805 oder
1835 1745 1930 1805 nichts
1957 1745 2010 1805 zur
2032 1748 2211 1808 Geschichte
2244 1751 2291 1811 der

1303 1793 1419 1853 Natur
1441 1794 1674 1854 beygetragen,
1685 1796 1746 1856 und
1775 1798 1829 1858 daß
1857 1799 1946 1859 unser
1963 1799 2113 1859 Preußen
2135 1802 2184 1862 den
2213 1802 2301 1862 dürf¬

1295 1843 1378 1903 tigen
1407 1846 1547 1906 Landern
1575 1846 1810 1906 beyzuzählen,
1827 1849 1849 1909 in
1878 1849 2006 1909 welchem
2046 1852 2090 1912 die
2108 1852 2214 1912 Natur
2231 1853 2297 1913 ihre

1309 1894 1412 1954 Güter
1436 1897 1493 1957 und
1522 1894 1655 1954 Schätze
1679 1896 1747 1956 sehr
1765 1897 1898 1957 kärglich
1921 1900 2141 1960 ausgetheilet
2164 1900 2233 1960 hat.

1646 1945 1947 2005 Magdeburg.

1343 1993 1486 2053 Hechtel
1509 1993 1563 2053 hat
1592 1993 1735 2053 verlegt:
1768 1996 1983 2056 Salomo,
2012 1995 2072 2055 ein
2105 1993 2298 2053 Trauer¬

1300 2040 1435 2100 spiel,
1459 2039 1515 2099 von
1549 2040 1781 2100 Klopstock,
1811 2044 1929 2104 1764,
1958 2045 2037 2105 klein
2072 2043 2151 2103 4to,
2174 2043 2219 2103 11
2242 2041 2298 2101 B.

1294 2088 1368 2148 Der
1390 2088 1554 2148 Verfasser
1577 2088 1624 2148 des
1657 2088 1827 2148 Meßias
1859 2091 1896 2151 ist
1918 2093 1965 2153 den
1992 2094 2163 2154 Gelehrten
2195 2094 2221 2154 zu
2248 2091 2301 2151 be¬

1297 2138 1397 2198 kannt
1419 2136 1461 2196 als
1489 2134 1541 2194 daß
1568 2133 1626 2193 wir
1648 2133 1695 2193 ihn
1728 2136 1749 2196 in
1781 2137 1865 2197 einem
1903 2142 2147 2202 Zeitungsblatt
2169 2142 2227 2202 erst
2243 2142 2301 2202 sei¬

1292 2185 1347 2245 nen
1373 2184 1576 2244 Verdiensten
1607 2184 1719 2244 gemaß
1745 2184 1933 2244 beschreiben
1959 2190 2086 2250 sollten.
2137 2190 2208 2250 Und
2234 2190 2299 2250 die¬

1299 2234 1343 2294 ser
1369 2233 1510 2293 Schwan
1541 2231 1616 2291 wird
1643 2231 1708 2291 noch
1733 2233 1859 2293 singen,
1875 2234 1960 2294 wenn
1987 2234 2031 2294 die
2062 2234 2112 2294 ihn
2144 2234 2193 2294 hin
2234 2237 2289 2297 und

1299 2282 1352 2342 her
1389 2281 1611 2341 anquakenden
1649 2279 1775 2339 Frösche
1813 2285 1918 2345 längst
1945 2282 1997 2342 vor
2030 2282 2082 2342 dem
2131 2282 2209 2342 Licht
2241 2285 2288 2345 der

1293 2330 1474 2390 Wahrheit
1496 2327 1683 2387 verstummt
1705 2332 1768 2392 seyn
1796 2333 1940 2393 werden.
1989 2330 2063 2390 Der
2085 2330 2165 2390 Plan
2198 2330 2288 2390 dieses

1300 2380 1526 2440 Trauerspiels
1554 2375 1592 2435 ist
1609 2378 1791 2438 ohngefähr
1814 2381 1924 2441 dieser.
1952 2378 2117 2438 Salomo,
2135 2380 2189 2440 der
2206 2381 2294 2441 Phi¬

1300 2429 1402 2489 losoph
1435 2426 1521 2486 unter
1554 2426 1608 2486 den
1635 2428 1776 2488 Königen
1814 2429 1868 2489 von
1895 2429 2030 2489 Israel,
2058 2429 2111 2489 ließ
2144 2430 2225 2490 sich,
2253 2435 2284 2495 da

1294 2476 1325 2536 er
1347 2476 1426 2536 alles
1459 2473 1527 2533 was
1554 2473 1601 2533 die
1628 2476 1717 2536 Welt
1734 2479 1887 2539 Schönes
1925 2474 1982 2534 und
2009 2478 2183 2538 Erhabnes
2221 2482 2295 2542 hat,

1292 2527 1402 2587 kennen
1433 2523 1534 2583 lernen
1565 2521 1691 2581 wollte,
1717 2526 1772 2586 von
1804 2527 1899 2587 seinem
1940 2527 2062 2587 Serail
2082 2527 2102 2587 so
2128 2530 2203 2590 weit
2224 2531 2294 2591 ver¬

1292 2575 1432 2635 führen,
1458 2572 1515 2632 daß
1552 2572 1578 2632 er
1615 2574 1697 2634 einer
1729 2575 1781 2635 von
1812 2578 1864 2638 den
1891 2575 2021 2635 tausend
2047 2581 2291 2641 Schönheiten,

1289 2620 1334 2680 die
1360 2623 1390 2683 er
1411 2620 1578 2680 bediente,
1615 2621 1645 2681 zu
1671 2626 1833 2686 gefallen,
1859 2626 1909 2686 dem
1956 2626 2082 2686 Moloch
2114 2627 2154 2687 ein
2185 2629 2286 2689 Opfer

1294 2671 1354 2731 von
1379 2670 1419 2730 ein
1450 2667 1546 2727 Paar
1567 2670 1682 2730 jungen
1713 2673 1844 2733 Knaben
1870 2673 2011 2733 brachte.
2068 2676 2178 2736 Seine
2204 2673 2289 2733 wah¬

1287 2721 1337 2781 ren
1378 2717 1524 2777 Freunde
1561 2716 1652 2776 (denn
1688 2721 1712 2781 zu
1748 2721 1845 2781 diesen
1876 2723 1982 2783 Zeiten
2018 2723 2118 2783 hatten
2160 2722 2205 2782 die
2226 2720 2291 2780 Re¬

1287 2769 1398 2829 genten
1430 2763 1584 2823 vielleicht
1606 2766 1669 2826 noch
1702 2769 1823 2829 einige)
1845 2772 1962 2832 suchten
1994 2769 2041 2829 ihn
2079 2769 2137 2829 von
2170 2768 2264 2828 diesem

1286 2817 1446 2877 Irrwege
1472 2814 1643 2874 vergebens
1669 2817 1871 2877 abzuleiten,
1903 2817 1954 2877 bis
1986 2817 2032 2877 ihm
2084 2817 2198 2877 endlich
2235 2817 2281 2877 der

1280 2866 1386 2926 blinde
1415 2864 1583 2924 Nathan,
1617 2865 1661 2925 ein
1696 2869 1875 2929 ehmaliger
1904 2867 2206 2927 Oberhofprediger
2235 2866 2290 2926 sei¬

2211 2918 2274 2978 nes
