2479 3508
592 1231 718 1291 50tes
765 1231 918 1291 Stück.
984 1228 1202 1288 Montag,
1239 1225 1303 1285 den
1349 1224 1430 1284 23.
1449 1222 1603 1282 Julius
1642 1219 1786 1279 1764.

527 1305 844 1365 Kopenhagen.

192 1363 438 1423 "Cäcilia,
451 1360 522 1420 oder
541 1357 589 1417 die
607 1354 734 1414 gottlose
759 1348 909 1408 Tochter,
928 1345 981 1405 von
1012 1345 1059 1405 dem
1096 1342 1174 1402 Ver=
1218 1337 1361 1397 gewisses
1380 1333 1572 1393 Rührendes
1597 1333 1621 1393 zu
1645 1333 1772 1393 fehlen.
1803 1330 1971 1390 Wiewohl
1978 1333 2037 1393 wir
2056 1333 2200 1393 dadurch.

191 1402 422 1462 fasser
450 1404 498 1464 der
520 1402 746 1462 Charlotte
768 1393 913 1453 Fräulein
941 1390 994 1450 von
1016 1387 1172 1447 Weissen=
1216 1378 1253 1438 da
1280 1378 1334 1438 der
1356 1378 1539 1438 Geschmack
1561 1375 1743 1435 verschieden
1771 1375 1830 1435 ist,
1857 1378 1943 1438 nicht
1971 1379 2040 1439 allen
2073 1381 2202 1441 Liebha¬

190 1453 273 1513 „see,
296 1452 373 1512 8vo,
401 1449 513 1509 1764,
536 1446 546 1506 1
575 1443 718 1503 Alphab.
736 1440 746 1500 2
775 1437 936 1497 Bogen.”
987 1430 1092 1490 Diese
1115 1425 1175 1485 Ge=

194 1506 318 1566 schichte
346 1497 383 1557 ist
405 1497 486 1557 recht
508 1494 588 1554 artig
616 1490 789 1550 gerathen.
838 1482 924 1542 Man
957 1479 1059 1539 findet
1081 1477 1167 1537 darin

195 1554 261 1614 eine
295 1549 422 1609 Anzahl
456 1542 707 1602 Situationen,
746 1536 796 1596 die
835 1532 902 1592 sehr
936 1527 1180 1587 unterhaltend,

197 1603 256 1663 und
284 1599 425 1659 schicklich
459 1593 518 1653 aus
540 1592 692 1652 einander
725 1584 905 1644 hergeleitet
932 1581 1019 1641 sind,
1047 1579 1101 1639 so,
1123 1574 1177 1634 daß

197 1650 245 1710 die
268 1646 523 1706 Beschuldigung
557 1641 610 1701 des
638 1635 883 1695 Romanhaften
916 1628 997 1688 keine
1025 1625 1101 1685 statt
1129 1621 1188 1681 fin¬

192 1703 257 1763 det.
306 1694 376 1754 Der
404 1694 605 1754 Schauplatz
622 1691 654 1751 ist
677 1688 840 1748 Amerika.
889 1682 938 1742 Es
960 1677 1107 1737 werden,
1118 1675 1177 1735 wie

202 1753 326 1813 sogleich
355 1748 406 1808 der
435 1742 525 1802 Titel
548 1742 649 1802 zeigt,
678 1741 723 1801 die
752 1736 865 1796 Ränke
894 1733 978 1793 einer
1007 1727 1170 1787 boshaften

199 1800 278 1860 Frau
306 1796 448 1856 erzählt,
475 1793 522 1853 die
550 1793 618 1853 nach
650 1787 735 1847 einer
767 1783 926 1843 genoßnen
963 1781 1048 1841 guten
1080 1775 1186 1835 Erzie¬

195 1844 279 1904 hung
309 1838 502 1898 umschlägt,
527 1836 587 1896 und
617 1832 661 1892 die
686 1828 879 1888 Erwartung
914 1825 998 1885 ihrer
1029 1824 1176 1884 redlichen

198 1888 418 1948 Verwandten
453 1879 599 1939 betrügt.
664 1870 742 1930 Der
767 1867 929 1927 Verfasser
959 1867 1012 1927 hat
1042 1864 1085 1924 sich
1125 1864 1179 1924 das

200 1936 383 1996 Lehrreiche
411 1926 461 1986 zum
506 1918 728 1978 Augenmerke
757 1909 957 1969 vorgestellt,
985 1906 1040 1966 und
1068 1906 1107 1966 ist
1135 1905 1179 1965 ein

197 1984 336 2044 genauer
382 1969 582 2029 Beobachter
628 1962 683 2022 der
723 1957 890 2017 poetischen
936 1951 1192 2011 Gerechtigkeit.

208 2028 295 2088 Sein
324 2024 406 2084 Styl
429 2016 461 2076 ist
479 2014 556 2074 gut,
584 2008 639 2068 und
661 2002 722 2062 wir
740 2002 838 2062 finden
867 1999 960 2059 daran
989 1997 1087 2057 wenig
1116 1995 1193 2055 aus=

205 2072 358 2132 zusetzen.
406 2058 464 2118 So
489 2055 554 2115 viel
566 2053 625 2113 wir
649 2049 813 2109 einsehen,
844 2046 897 2106 hat
921 2046 950 2106 er
974 2046 1062 2106 durch
1087 2041 1180 2101 dieses

196 2118 297 2178 Werk
321 2112 371 2172 sein
401 2106 548 2166 voriges,
566 2103 611 2163 die
628 2100 788 2160 Charlotte
811 2094 862 2154 von
891 2094 1096 2154 Weissensee,
1113 2091 1181 2151 noch

197 2163 410 2223 übertroffen.
469 2154 581 2214 Kostet
609 2151 635 2211 in
673 2151 720 2211 der
747 2147 955 2207 Kanterschen
993 2140 1191 2200 Buchhand¬

203 2214 276 2274 lung
299 2210 412 2270 allhier
430 2203 486 2263 wie
509 2205 577 2265 auch
606 2202 634 2262 in
663 2202 776 2262 Elbing
810 2199 872 2259 und
896 2196 1003 2256 Mitau
1038 2193 1100 2253 und
1134 2189 1185 2249 der

213 2266 284 2326 Zeit
301 2264 324 2324 in
357 2259 436 2319 Riga
461 2257 476 2317 1
501 2255 540 2315 fl.
557 2255 596 2315 15
621 2251 676 2311 gr.

259 2404 353 2464 Ohne
377 2399 584 2459 Benennung
614 2388 667 2448 des
691 2387 774 2447 Orts
804 2388 839 2448 ist
863 2387 1058 2447 erschienen:
1089 2379 1188 2439 "Die

207 2445 354 2505 „Braut
376 2448 423 2508 bis
445 2446 497 2506 ins
513 2437 624 2497 Alter,
646 2435 667 2495 in
699 2433 746 2493 der
768 2439 1016 2499 nachdenklichen
1043 2426 1196 2486 Geschich=

212 2486 267 2546 "te
295 2492 445 2552 Jungfer
473 2485 678 2545 Julchens
712 2479 767 2539 aus
801 2483 856 2543 L.,
884 2483 940 2543 von
974 2479 1023 2539 ihr
1051 2476 1140 2536 selbst
1163 2474 1190 2534 in

207 2539 464 2599 "vertraulichen
491 2533 623 2593 Briefen
655 2527 686 2587 an
724 2527 787 2587 eine
809 2532 956 2592 Muhme
983 2524 1172 2584 beschrieben

210 2583 320 2643 Mit
337 2584 497 2644 Kupfern.
525 2580 535 2640 2
569 2576 696 2636 Theile,
713 2575 795 2635 8vo,
818 2581 928 2641 1764,
951 2575 967 2635 1
995 2570 1166 2630 Alphabet.

209 2635 307 2695 Diese
329 2632 443 2692 Briefe
464 2626 583 2686 werden
610 2623 656 2683 ihr
678 2623 849 2683 Vaterland
876 2627 953 2687 nicht
974 2620 1198 2680 verläugnen;

217 2685 289 2745 denn
326 2682 361 2742 sie
386 2677 446 2737 sind
483 2674 538 2734 nur
569 2667 768 2727 allzudeutsch
799 2676 969 2736 abgefaßt.
1024 2670 1114 2730 Was
1151 2664 1199 2724 die

213 2733 393 2793 Erfindung
432 2724 483 2784 der
510 2719 690 2779 Geschichte
716 2721 909 2781 anbetrift,
949 2724 974 2784 so
1000 2719 1103 2779 finden
1136 2715 1199 2775 wir

220 2785 370 2845 darinnen
397 2772 502 2832 weder
522 2770 587 2830 viel
608 2771 640 2831 zu
667 2769 777 2829 loben,
804 2769 870 2829 noch
897 2773 929 2833 zu
949 2772 1080 2832 tadeln;
1107 2766 1145 2826 sie
1166 2764 1204 2824 ist

217 2839 273 2899 von
306 2834 419 2894 solcher
445 2826 622 2886 Gattung,
667 2820 850 2880 dergleichen
889 2824 952 2884 wir
978 2824 1046 2884 eine
1073 2820 1198 2880 Menge

1217 1291 1436 1351 französischer
1459 1288 1609 1348 Romane
1633 1288 1754 1348 haben.
1807 1285 1898 1345 Doch
1934 1285 2043 1345 scheint
2066 1288 2118 1348 ihr
2147 1288 2187 1348 ein

1216 1422 1284 1482 bern
1322 1422 1369 1482 ihr
1396 1425 1593 1485 Vergnügen
1626 1424 1806 1484 absprechen
1839 1423 1971 1483 wollen.
2036 1425 2109 1485 Die
2137 1428 2205 1488 Ge¬

1215 1470 1328 1530 danken
1371 1470 1427 1530 sind
1459 1470 1608 1530 meistens
1641 1473 1718 1533 gut,
1760 1471 1806 1531 oft
1827 1471 2003 1531 lehrreich,
2040 1476 2190 1536 zuweilen

1211 1521 1338 1581 lebhaft
1360 1518 1582 1578 ausgedrückt.
1639 1518 1710 1578 Die
1744 1520 1944 1580 Schreibart
1967 1521 2005 1581 ist
2028 1524 2199 1584 ungleich;

1220 1568 1251 1628 sie
1283 1568 1357 1628 fällt
1379 1566 1526 1626 zuweilen
1559 1569 1585 1629 in
1617 1569 1675 1629 das
1702 1566 1839 1626 Unedle;
1883 1569 1945 1629 und
1978 1571 2089 1631 bedarf
2111 1572 2205 1632 über¬

1216 1618 1321 1678 haupt
1349 1618 1432 1678 einer
1461 1619 1688 1679 Ausputzung.
1755 1616 1827 1676 Die
1855 1619 2033 1679 Geschichte
2067 1619 2133 1679 aber
2161 1620 2199 1680 ist

1214 1670 1273 1730 mit
1295 1667 1387 1727 diesen
1420 1670 1545 1730 Theilen
1578 1667 1659 1727 nicht
1676 1667 1702 1727 zu
1736 1667 1844 1727 Ende,
1872 1669 1996 1729 sondern
2024 1670 2099 1730 wird
2132 1670 2202 1730 ver¬

1212 1721 1359 1781 muthlich
1383 1721 1456 1781 noch
1485 1721 1513 1781 in
1549 1721 1673 1781 einigen
1703 1721 1867 1781 folgenden
1909 1721 1976 1781 ihre
2000 1721 2193 1781 Fortsetzung

1214 1772 1375 1832 erhalten.
1426 1772 1537 1832 Kosten
1576 1772 1598 1832 in
1632 1772 1866 1832 vorbemeldten
1894 1775 2194 1835 Buchhandlungen

1218 1822 1237 1882 1
1263 1825 1301 1885 fl.
1321 1823 1359 1883 18
1386 1822 1436 1882 gr.

1564 1909 1644 1969 Von
1696 1916 1746 1976 der
1787 1921 1867 1981 Art,

1658 1970 1710 2030 wie
1726 1972 1762 2032 die

1339 2040 1581 2100 Schalen
1633 2039 1728 2099 der
1763 2045 2074 2105 Schnecken

1625 2111 1801 2171 entstehen.

1423 2182 1534 2242 (Univ.
1551 2187 1677 2247 Magaz.
1694 2185 1798 2245 1756.
1807 2188 1885 2248 Iulii
1894 2193 1925 2253 p.
1934 2196 2013 2256 13.)

1228 2279 1312 2339 Die
1339 2277 1424 2337 Welt
1442 2279 1500 2339 hat
1527 2282 1578 2342 sich
1605 2288 1834 2348 durchgehends
1869 2289 1963 2349 mehr
1990 2291 2092 2351 Mühe
2127 2293 2211 2353 gege=

1221 2333 1305 2393 ben,
1332 2330 1373 2390 die
1400 2330 1511 2390 Natur
1532 2333 1585 2393 der
1607 2336 1754 2396 Farben,
1782 2339 1839 2399 und
1866 2341 1914 2401 die
1935 2342 2204 2402 unterscheidende

1226 2377 1436 2437 Kennzeichen
1473 2377 1520 2437 der
1547 2384 1742 2444 mancherley
1770 2390 1864 2450 Arten
1901 2388 1948 2448 der
1975 2392 2207 2452 Schalenfische

1225 2434 1256 2494 zu
1283 2423 1501 2483 untersuchen,
1523 2428 1570 2488 als
1598 2430 1645 2490 die
1667 2436 1751 2496 Art,
1773 2436 1832 2496 wie
1859 2435 2002 2495 dieselben
2034 2437 2215 2497 entstehen;

1220 2475 1357 2535 obwohl
1374 2470 1469 2530 dieses
1496 2479 1607 2539 unsere
1628 2485 1861 2545 Untersuchung
1883 2482 1956 2542 weit
1978 2482 2068 2542 mehr
2084 2483 2116 2543 zu
2143 2484 2211 2544 ver¬

1226 2524 1334 2584 dienen
1361 2521 1507 2581 scheinet.
1551 2532 1789 2592 Gemeiniglich
1817 2531 1870 2591 hat
1898 2528 1963 2588 man
1996 2530 2125 2590 gesagt,
2153 2533 2201 2593 daß

1229 2569 1306 2629 diese
1340 2569 1512 2629 Schalen,
1546 2579 1672 2639 sowohl
1712 2580 1756 2640 als
1796 2578 1839 2638 die
1873 2572 1922 2632 der
1956 2575 2106 2635 Krabben
2145 2581 2205 2641 und

1228 2617 1429 2677 Hummern,
1440 2622 1546 2682 welche
1563 2627 1594 2687 zu
1621 2629 1668 2689 der
1690 2626 1838 2686 Gattung
1865 2621 1912 2681 der
1929 2623 2066 2683 Thiere,
2078 2627 2125 2687 die
2146 2629 2209 2689 eine

1229 2666 1344 2726 Rinde
1374 2667 1501 2727 haben,
1535 2676 1700 2736 gehören,
1734 2670 1806 2730 eine
1845 2670 1906 2730 Art
1940 2673 2089 2733 Knochen
2129 2676 2217 2736 seyn,

1230 2715 1340 2775 welche
1361 2715 1416 2775 alle
1437 2718 1497 2778 mit
1518 2724 1664 2784 einander
1690 2719 1740 2779 von
1766 2715 1816 2775 der
1837 2718 1952 2778 Natur
1983 2721 2013 2781 an
2049 2721 2099 2781 dem
2140 2721 2215 2781 aus¬

1229 2766 1398 2826 wendigen
1438 2768 1557 2828 Theile
1591 2775 1642 2835 der
1676 2768 1800 2828 Körper
1840 2767 1936 2827 dieser
1970 2769 2088 2829 Thiere
2117 2769 2207 2829 ihren

1233 2820 1335 2880 Platz
1354 2817 1553 2877 bekommen.

2129 2867 2218 2927 Man
