2479 3508
193 366 355 426 unendlich
384 358 492 418 größer
520 352 623 412 denken
651 348 699 408 als
722 345 830 405 einer,
853 345 901 405 der
929 345 1032 405 nichts
1066 342 1163 402 davon

197 410 295 470 weiß.
345 406 412 466 Und
438 400 487 460 die
506 395 653 455 Begriffe
673 389 728 449 von
753 391 876 451 GOtt,
901 392 969 452 was
994 392 1104 452 müssen
1130 389 1166 449 sie

194 458 245 518 bey
275 455 350 515 einem
391 446 530 506 Gemüth
560 440 611 500 das
635 438 775 498 anfangt
793 442 838 502 sich
868 440 920 500 auf
944 440 1169 500 Untersuchun=

192 503 241 563 gen
273 502 303 562 zu
329 495 459 555 richten,
478 488 527 548 für
547 485 633 545 einen
659 484 789 544 Einfluß
821 488 845 548 in
883 491 938 551 sein
970 488 1162 548 moralisches

189 548 279 608 Leben
316 541 443 601 haben?
474 533 547 593 Von
584 530 711 590 welcher
742 536 863 596 blinden
894 536 1008 596 Furcht
1034 534 1087 594 hat
1119 533 1167 593 die

191 590 390 650 Astronomie
420 580 470 640 die
499 580 665 640 Menschen
706 580 865 640 befreyet,
889 581 951 641 und
987 580 1060 640 kann
1095 580 1163 640 noch

190 640 245 700 den
274 630 395 690 größten
424 624 523 684 Theil
540 625 590 685 des
613 625 712 685 Volks
735 627 906 687 befreyen,
929 628 1018 688 wenn
1052 628 1079 688 er
1107 628 1156 688 den

187 683 352 743 Ursprung
389 676 442 736 vom
484 676 626 736 Donner
656 676 715 736 und
752 676 863 736 Blitz,
900 678 947 738 die
977 676 1172 736 Lusterschei¬

1205 342 1351 402 nungen,
1375 345 1431 405 von
1454 339 1589 399 feurigen
1618 342 1741 402 Kugeln
1770 347 1826 407 und
1850 344 2018 404 fliegenden
2047 344 2165 404 Feuern

1202 389 1257 449 und
1286 390 1329 450 die
1352 391 1440 451 Lehre
1463 386 1518 446 von
1547 386 1596 446 den
1625 389 1768 449 Cometen
1797 392 1946 452 erkennen
1975 392 2080 452 lernt?
2114 388 2174 448 Ist

1204 435 1257 495 der
1288 438 1421 498 Mensch
1452 431 1633 491 glücklicher
1664 433 1718 493 der
1754 438 1809 498 sich
1840 440 1893 500 für
1930 440 1984 500 dem
2034 437 2178 497 Drachen

1206 482 1360 542 fürchtet,
1383 485 1405 545 im
1456 479 1599 539 Cometen
1639 479 1704 539 eine
1733 485 1965 545 Strafruthe,
1988 487 2048 547 und
2077 486 2104 546 in
2138 485 2187 545 ge¬

1198 530 1320 590 meinen
1358 527 1665 587 Lufterscheinungen
1703 531 1829 591 feurige
1862 533 2073 593 Schwerdter
2117 533 2174 593 und

1208 578 1339 638 Streite
1358 576 1490 636 erblickt,
1515 575 1563 635 als
1582 575 1762 635 derjenige,
1792 580 1840 640 der
1859 580 1901 640 die
1914 580 2106 640 natürlichen
2130 580 2184 640 Ur¬

1205 625 1300 685 sachen
1330 625 1420 685 dieser
1444 622 1551 682 Dinge
1575 622 1734 682 entdeckt?

1405 670 1487 730 (Der
1514 670 1673 730 Beschluß
1709 673 1791 733 folgt
1818 673 1977 733 künftig.)

418 746 475 806 In
514 747 558 807 dem
604 748 699 808 44ten
739 748 860 808 Stücke
886 745 1014 805 unserer
1041 748 1207 808 Zeitungen
1246 742 1303 802 sind
1335 742 1361 802 in
1387 739 1438 799 der
1464 742 1604 802 Anzeige
1631 744 1682 804 der
1708 743 1957 803 Rhapsodi¬

847 795 990 855 folgende
1015 795 1225 855 Druckfehler
1256 792 1285 852 zu
1316 789 1514 849 verbessern:

370 849 416 909 In
451 852 497 912 der
532 852 619 912 13ten
653 852 782 912 Reihe,
803 851 944 911 anstatt:
965 849 1100 909 Bäche,
1121 849 1201 909 lies:
1229 848 1349 908 Lerche.

368 896 416 956 In
445 899 500 959 der
529 897 619 957 31ten
655 898 781 958 Reihe,
803 897 942 957 anstatt:
964 894 1041 954 steht
1063 897 1097 957 er
1119 897 1167 957 auf
1196 897 1251 957 und
1280 894 1371 954 spät,
1393 894 1476 954 lies:
1498 897 1623 957 springt
1645 897 1687 957 sie
1709 897 1765 957 auf
1793 900 1856 960 und
1885 897 1989 957 speyt.

395 950 423 1010 in
451 951 499 1011 der
528 951 619 1011 36ten
655 951 780 1011 Reihe,
802 948 942 1008 anstatt:
963 945 1117 1005 Trauer,
1139 947 1222 1007 lies:
1252 945 1426 1005 Thränen.

458 1111 648 1171 Berlin,
681 1112 729 1172 den
762 1112 800 1172 7.
825 1109 912 1169 Jul.

235 1154 312 1214 Der
346 1157 639 1217 Durchlauchtigste
672 1157 1174 1217 Herzoglich=Braunschweigi¬

192 1204 253 1264 sche
280 1204 352 1264 Hof
379 1201 455 1261 wird
482 1201 606 1261 morgen
643 1199 668 1259 in
695 1204 845 1264 Potsdam
887 1201 1052 1261 erwartet.
1099 1201 1171 1261 Die

194 1249 447 1309 mathematische
473 1243 571 1303 Classe
592 1246 643 1306 der
664 1249 804 1309 Königl.
820 1246 985 1306 Akademie
1017 1246 1068 1306 der
1089 1246 1176 1306 Wis¬

186 1294 367 1354 senschaften
405 1292 458 1352 hat
486 1291 544 1351 auf
576 1291 630 1351 das
662 1292 753 1352 Jahr
780 1291 860 1351 1766
898 1291 1042 1351 folgende
1070 1288 1170 1348 Frage

187 1340 418 1400 aufgegeben:
454 1333 524 1393 Sie
555 1336 700 1396 verlangt
731 1334 862 1394 nämlich
898 1333 962 1393 eine
983 1333 1159 1393 Erklärung

185 1384 260 1444 über
286 1384 331 1444 die
352 1381 412 1441 Art
434 1381 489 1441 und
515 1381 646 1441 Weise,
667 1379 728 1439 wie
759 1378 809 1438 das
845 1378 966 1438 Wasser
992 1375 1078 1435 durch
1119 1375 1164 1435 die

185 1430 273 1490 unter
300 1428 346 1488 dem
389 1427 513 1487 Namen
545 1425 591 1485 der
618 1425 879 1485 Archimedischen
911 1422 1166 1482 Wasserschnecke

185 1479 259 1539 oder
281 1476 552 1536 Wasserschraube
574 1473 722 1533 bekannte
744 1472 908 1532 Maschine
935 1470 961 1530 in
999 1470 1047 1530 die
1068 1464 1164 1524 Höhe

192 1525 310 1585 steige,
338 1523 397 1583 und
431 1521 489 1581 wie
518 1521 549 1581 es
577 1521 701 1581 möglich
734 1523 804 1583 sey,
831 1520 972 1580 gedachte
999 1515 1167 1575 Maschine

192 1577 222 1637 zu
254 1573 336 1633 einem
372 1572 485 1632 höhern
517 1570 609 1630 Grad
641 1572 692 1632 der
713 1569 1006 1629 Vollkommenheit
1027 1566 1058 1626 zu
1084 1566 1171 1626 brin¬

184 1622 274 1682 gen?
303 1622 451 1682 Obgleich
480 1619 554 1679 diese
577 1620 742 1680 Maschine
771 1619 851 1679 schon
891 1619 942 1679 seit
971 1616 1079 1676 langer
1102 1615 1170 1675 Zeit

183 1671 342 1731 bekannt,
369 1670 401 1730 so
429 1670 487 1730 hat
514 1670 577 1730 man
615 1670 685 1730 doch
717 1670 802 1730 deren
840 1670 979 1730 Theorie
1006 1667 1059 1727 gar
1086 1667 1171 1727 nicht

195 1721 346 1781 gewußt,
368 1721 427 1781 und
449 1718 568 1778 folglich
596 1718 633 1778 ist
650 1720 699 1780 die
716 1720 948 1780 Untersuchung
981 1718 1073 1778 dieser
1095 1717 1176 1777 Fra¬

181 1770 240 1830 ge,
266 1769 390 1829 sowohl
410 1769 460 1829 für
480 1766 525 1826 die
545 1766 610 1826 eine
635 1767 679 1827 als
704 1766 754 1826 die
775 1766 868 1826 andre
889 1766 943 1826 von
974 1764 1038 1824 sehr
1059 1763 1167 1823 großen

184 1814 405 1874 Wichtigkeit.
454 1811 502 1871 Im
541 1811 612 1871 Fall
632 1808 680 1868 die
700 1808 868 1868 bekannten
897 1807 1095 1867 Grundsätze
1119 1807 1167 1867 der

189 1858 375 1918 Hydraulic
396 1855 475 1915 nicht
497 1852 682 1912 hinlänglich
710 1852 831 1912 wären,
853 1849 995 1909 gedachte
1023 1849 1165 1909 Materie

190 1910 221 1970 zu
252 1901 449 1961 ergründen,
475 1900 500 1960 so
522 1896 593 1956 muß
625 1895 692 1955 man
729 1892 775 1952 die
802 1891 983 1951 Erfahrung
1014 1891 1039 1951 zu
1066 1891 1169 1951 Hülfe

184 1948 348 2008 nehmen,
372 1948 430 2008 und
454 1944 565 2004 selbige
585 1942 643 2002 mit
672 1939 720 1999 der
750 1936 865 1996 bereits
895 1936 918 1996 in
958 1938 1005 1998 der
1030 1936 1165 1996 Theorie

182 1996 344 2056 erlangten
370 1988 584 2048 Deutlichkeit
605 1984 803 2044 verbinden,
830 1984 887 2044 und
919 1984 1049 2044 alsdenn
1086 1984 1159 2044 kann

182 2043 251 2103 man
289 2040 336 2100 sich
369 2033 561 2093 schmeicheln
604 2031 651 2091 zum
700 2029 967 2089 vorausgesetzten
994 2028 1164 2088 Endzweck

186 2092 218 2152 zu
246 2084 414 2144 gelangen.
459 2079 529 2139 Die
552 2079 737 2139 vorjährige
760 2081 863 2141 Frage
891 2079 945 2139 der
962 2076 1147 2136 Experimen

190 2130 477 2190 talphylosophie,
516 2130 626 2190 welche
654 2130 704 2190 den
738 2130 842 2190 31sten
876 2130 959 2190 May
992 2126 1080 2186 1765
1108 2126 1163 2186 soll

195 2181 403 2241 entschieden,
428 2178 489 2238 und
514 2178 538 2238 zu
576 2181 698 2241 welcher
730 2178 778 2238 die
797 2178 919 2238 Billets
945 2175 1025 2235 nicht
1050 2175 1160 2235 länger
1203 2169 1375 2229 Abhebung
1413 2171 1498 2231 eines
1529 2178 1806 2238 Nebengebäudes
1831 2179 1879 2239 den
1911 2184 2076 2244 Flammen
2113 2183 2150 2243 ein

183 2232 231 2292 als
259 2230 308 2290 bis
330 2229 385 2289 zum
423 2229 500 2289 1sten
533 2230 620 2290 Jan.
648 2226 806 2286 gedachten
835 2226 959 2286 Jahres
993 2223 1162 2283 angenom¬

194 2281 260 2341 men
297 2279 415 2339 werden
447 2276 565 2336 sollen,
592 2274 699 2334 betrift
726 2273 870 2333 folgende
897 2271 1030 2331 Frage:
1067 2267 1154 2327 Man

193 2330 339 2390 verlangt
365 2324 442 2384 neue
467 2321 721 2381 Erfahrungen,
751 2319 824 2379 nach
869 2321 996 2381 welchen
1031 2315 1152 2375 deutlich

192 2376 251 2436 und
277 2375 438 2435 gründlich
459 2371 575 2431 erklärt
596 2366 711 2426 werden
737 2366 858 2426 könne,
889 2366 989 2426 worin
1015 2363 1060 2423 die
1086 2363 1166 2423 Ver¬

185 2423 386 2483 änderungen
419 2416 578 2476 bestehen,
594 2414 700 2474 welche
722 2411 763 2471 die
785 2414 949 2474 Speisen,
960 2411 1082 2471 sowohl
1099 2410 1156 2470 aus

187 2467 241 2527 dem
288 2464 413 2524 Thier=
434 2461 484 2521 als
514 2458 751 2518 Pflanzenreich
782 2459 806 2519 in
842 2461 892 2521 dem
943 2458 1149 2518 menschlichen

182 2512 337 2572 Körper,
359 2509 457 2569 theils
478 2509 504 2569 in
536 2509 582 2569 dem
624 2504 774 2564 Magen,
796 2508 894 2568 theils
915 2507 940 2567 in
967 2506 1013 2566 den
1045 2506 1164 2566 Einge=

180 2562 301 2622 weiden
328 2557 353 2617 im
394 2557 526 2617 Stande
547 2555 597 2615 der
619 2551 822 2611 Gesundheit
843 2557 955 2617 leiden.
1006 2551 1078 2611 Der
1093 2551 1169 2611 Nu¬

185 2614 238 2674 tzen
281 2605 371 2665 dieser
414 2602 647 2662 Untersuchung
680 2598 738 2658 soll
765 2605 923 2665 eigentlich
961 2599 1136 2659 bestimmen

187 2659 311 2719 welcher
346 2649 447 2709 Theil
465 2649 510 2709 der
533 2646 669 2706 Speisen
693 2643 737 2703 sich
772 2646 794 2706 in
829 2652 879 2712 den
909 2648 1158 2708 Nahrungssaft

184 2705 388 2765 verwandle,
411 2697 473 2757 wie
491 2694 565 2754 diese
583 2694 827 2754 Verwandlung
851 2700 981 2760 zugehe,
1010 2699 1067 2759 und
1090 2696 1163 2756 wel¬

181 2758 234 2818 che
264 2751 423 2811 Theilchen
460 2745 607 2805 hingegen
643 2745 672 2805 zu
702 2745 903 2805 Ernährung
939 2751 986 2811 des
1010 2750 1151 2810 Körpers

188 2807 271 2867 nicht
290 2803 421 2863 täuglich
452 2796 541 2856 seyn.

1438 1106 1648 1166 Torgau,
1679 1109 1730 1169 den
1761 1108 1828 1168 10.
1852 1108 1941 1168 Jun.

1247 1150 1322 1210 Dem
1358 1151 1462 1211 1760.
1480 1151 1526 1211 den
1557 1154 1626 1214 3ten
1650 1151 1813 1211 Novemb.
1831 1151 1860 1211 in
1890 1151 1936 1211 der
1954 1151 2105 1211 Schlacht
2123 1151 2169 1211 bey

1201 1199 1317 1259 Ziptitz
1334 1198 1529 1258 gebliebenen
1562 1196 1699 1256 Königl.
1715 1197 1847 1257 Preuß.
1863 1196 1979 1256 Major
2006 1196 2059 1256 und
2086 1196 2175 1256 Com¬

1207 1246 1359 1306 mandeur
1383 1242 1464 1302 eines
1493 1240 1851 1300 Grenadierbataillons
1885 1240 1975 1300 Hrn.
1995 1239 2167 1299 Sigmund

1204 1286 1360 1346 Friedrich
1388 1285 1442 1345 von
1470 1284 1578 1344 Nesse,
1605 1283 1659 1343 hat
1681 1285 1768 1345 dessen
1806 1285 2012 1345 nachgelaßne
2040 1282 2169 1342 Wittwe

1201 1332 1230 1392 zu
1261 1328 1352 1388 seinem
1393 1329 1458 1389 auch
1490 1327 1514 1387 in
1550 1327 1600 1387 der
1627 1327 1737 1387 Gruft
1764 1331 2006 1391 fortdaurenden
2048 1330 2173 1390 Anden¬

1198 1372 1246 1432 ken
1273 1372 1363 1432 gegen
1390 1372 1475 1432 einen
1502 1372 1571 1432 eben
1598 1375 1624 1435 so
1646 1375 1763 1435 tapfern
1790 1377 1902 1437 Helden
1934 1375 1976 1435 als
2003 1378 2162 1438 zärtlichen

1205 1419 1406 1479 Ehgemahl,
1422 1418 1448 1478 in
1475 1420 1528 1480 der
1549 1422 1659 1482 Kirche
1676 1425 1792 1485 alhier,
1814 1422 1861 1482 wo
1877 1422 1903 1482 er
1925 1422 2078 1482 begraben
2094 1423 2173 1483 wor¬

1199 1467 1274 1527 den,
1301 1465 1339 1525 ein
1372 1464 1453 1524 nebst
1475 1467 1572 1527 seinem
1605 1470 1724 1530 Wapen
1751 1470 1810 1530 mit
1832 1470 2021 1530 Trophäen,
2038 1470 2173 1530 Kriegs¬

1202 1515 1379 1575 armaturen
1407 1515 1460 1575 und
1482 1518 1661 1578 sinnreichen
1688 1518 1872 1578 Inschriften
1905 1520 2050 1580 geziertes
2067 1521 2169 1581 prach¬

1199 1566 1276 1626 tiges
1305 1566 1510 1626 Monument
1539 1569 1594 1629 aus
1623 1569 1745 1629 Stein,
1768 1570 1934 1630 aufrichten
1963 1569 2073 1629 lassen.

1382 1616 1683 1676 Heydelberg,
1708 1618 1760 1678 den
1796 1619 1855 1679 25.
1879 1619 1973 1679 Jun.

1250 1662 1382 1722 Gestern
1418 1666 1508 1726 frühe
1530 1667 1579 1727 zog
1600 1669 1648 1729 sich
1677 1667 1718 1727 ein
1747 1669 1991 1729 Donnerwetter
2020 1667 2096 1727 über
2118 1667 2166 1727 die

1212 1715 1338 1775 Stadt,
1368 1717 1430 1777 und
1466 1717 1505 1777 um
1558 1718 1569 1778 3
1610 1718 1673 1778 Uhr
1702 1718 1886 1778 entzündete
1916 1720 1961 1780 der
1991 1715 2083 1775 Blitz
2106 1718 2163 1778 das

1206 1763 1451 1823 Churfürstliche
1482 1764 1626 1824 Schloß.
1687 1771 1734 1831 In
1771 1769 1910 1829 wenigen
1940 1766 2162 1826 Augenblicken

1206 1806 1262 1866 und
1289 1808 1340 1868 ehe
1372 1808 1438 1868 man
1470 1811 1495 1871 es
1522 1811 1635 1871 wuste,
1656 1814 1702 1874 wo
1729 1814 1759 1874 es
1780 1815 2039 1875 eingeschlagen,
2065 1817 2168 1877 stunde

1201 1847 1252 1907 der
1278 1848 1386 1908 Thurm
1422 1852 1484 1912 und
1510 1855 1556 1915 der
1583 1855 1695 1915 Flügel
1712 1858 1798 1918 gegen
1830 1858 1876 1918 der
1903 1860 2010 1920 Stadt
2021 1861 2046 1921 in
2068 1861 2160 1921 vollen

1199 1891 1386 1951 Flammen,
1409 1894 1517 1954 welche
1546 1897 1596 1957 den
1631 1900 1743 1960 Flügel
1767 1901 1857 1961 gegen
1893 1903 1943 1963 den
1983 1906 2169 1966 Schloßhof

1198 1936 1259 1996 mit
1280 1936 1440 1996 ergriffen.
1492 1942 1579 2002 Alles
1606 1944 1672 2004 eilte
1694 1945 1745 2005 zum
1781 1946 1925 2006 Löschen,
1957 1948 2029 2008 aber
2050 1948 2096 2008 die
2122 1948 2168 2008 be¬

1196 1978 1255 2038 sten
1281 1981 1437 2041 Anstalten
1468 1984 1564 2044 waren
1600 1987 1756 2047 umsonst.
1812 1990 1888 2050 Das
1918 1992 2019 2052 Feuer
2050 1996 2165 2056 wütete

1198 2025 1309 2085 immer
1331 2028 1442 2088 stärker
1469 2028 1526 2088 und
1548 2029 1617 2089 noch
1644 2031 1696 2091 vor
1718 2031 1733 2091 5
1760 2031 1824 2091 Uhr
1851 2033 1898 2093 fiel
1914 2034 1966 2094 das
1984 2037 2157 2097 Dachwerk

1197 2073 1250 2133 des
1278 2073 1418 2133 Thurms
1445 2073 1499 2133 und
1527 2076 1575 2136 der
1597 2076 1770 2136 Gebäude.
1819 2080 1894 2140 Der
1917 2082 2030 2142 Brand
2052 2085 2165 2145 dauer¬

1200 2121 1228 2181 te
1252 2122 1297 2182 den
1327 2121 1436 2181 ganzen
1466 2122 1529 2182 Tag
1558 2124 1615 2184 und
1639 2129 1766 2189 Nacht,
1789 2130 1852 2190 doch
1882 2130 1916 2190 ist
1934 2133 2049 2193 vorher
2067 2133 2153 2193 durch

1199 2220 1270 2280 Ziel
1283 2217 1403 2277 gesetzt.
1446 2220 1566 2280 Beyde
1591 2226 1705 2286 Flügel
1724 2229 1784 2289 sind
1809 2231 1856 2291 bis
1881 2229 1935 2289 auf
1954 2231 2001 2291 die
2026 2233 2164 2293 Gewöl¬

1192 2264 1230 2324 be
1253 2264 1302 2324 der
1325 2263 1452 2323 Kirchen
1480 2269 1541 2329 und
1564 2272 1613 2332 des
1636 2278 1829 2338 Rittersaals
1847 2282 2057 2342 abgebrandt.
2080 2285 2157 2345 Das

1192 2312 1271 2372 dicke
1294 2312 1464 2372 Gemäuer
1493 2315 1515 2375 so
1549 2319 1605 2379 von
1640 2326 1718 2386 Otto
1753 2329 1883 2389 Henrich
1917 2330 1973 2390 und
2002 2333 2149 2393 Friedrich

1195 2360 1248 2420 den
1272 2359 1330 2419 IV.
1349 2360 1473 2420 erbauet
1498 2366 1645 2426 worden,
1676 2375 1769 2435 stehet
1795 2378 1888 2438 noch.
1954 2378 2037 2438 Das
2067 2379 2161 2439 große

1198 2408 1258 2468 Faß
1290 2408 1345 2468 und
1370 2408 1413 2468 die
1438 2412 1542 2472 Keller
1561 2418 1623 2478 sind
1648 2423 1777 2483 gerettet
1802 2426 1857 2486 und
1889 2426 1943 2486 das
1975 2423 2159 2483 anstoßende

1199 2455 1379 2515 Bandhaus
1414 2459 1580 2519 erhalten,
1609 2468 1663 2528 von
1699 2473 1872 2533 Menschen
1907 2471 1976 2531 aber
2004 2470 2149 2530 niemand

1195 2502 1286 2562 durch
1309 2503 1359 2563 den
1389 2506 1473 2566 Blitz
1490 2512 1644 2572 gerühret
1661 2518 1808 2578 worden.

1309 2551 1485 2611 Schreiben
1513 2560 1574 2620 aus
1595 2564 1723 2624 Lucern,
1758 2566 1812 2626 vom
1861 2563 1921 2623 24.
1949 2566 2043 2626 Jun.

1236 2596 1311 2656 Die
1336 2600 1467 2660 Ursache
1499 2608 1548 2668 des
1580 2611 1787 2671 gefährlichen
1819 2611 2005 2671 Aufstandes
2037 2614 2149 2674 allhier

1192 2643 1254 2703 und
1277 2643 1305 2703 zu
1339 2648 1503 2708 Schweitz
1532 2658 1593 2718 und
1628 2658 1713 2718 Zug,
1742 2655 1820 2715 war,
1849 2657 1905 2717 daß
1940 2658 1990 2718 der
2013 2661 2148 2721 gemeine

1196 2691 1301 2751 Mann
1334 2697 1529 2757 obgedachter
1550 2705 1566 2765 3
1598 2706 1740 2766 Canrons
1773 2700 1867 2760 wider
1894 2705 1952 2765 die,
1979 2706 2068 2766 unter
2095 2707 2142 2767 den

1192 2742 1389 2802 catholischen
1418 2749 1570 2809 Ständen
1599 2751 1813 2811 hergebrachte
1831 2750 1887 2810 und
1915 2751 1937 2811 in
1961 2754 2045 2814 ihren
2074 2754 2152 2814 Ver¬

1182 2793 1293 2853 trägen
1320 2796 1379 2856 mit
1400 2801 1577 2861 Frankreich
1605 2802 1782 2862 festgesetzte
1803 2797 2040 2857 Gewohnheit,
2067 2802 2145 2862 schon

2070 2851 2154 2911 viele
