2479 3508
179 362 289 422 länger
314 361 371 421 mit
389 355 552 415 Plaudern
588 342 775 402 aufhalten;
810 339 879 399 hier
910 339 950 399 ist
974 340 1055 400 mein
1085 338 1171 398 Pro¬

180 410 299 470 bestück
319 409 350 469 zu
376 400 546 460 beliebiger
566 386 900 446 Bekanntmachung;
932 391 976 451 ich
1008 389 1083 449 aber
1109 389 1153 449 bin

185 458 244 518 mit
270 453 483 513 unverstellter
504 440 643 500 Achtung

621 508 714 568 Dern

255 558 443 618 Eslenberg

174 598 217 658 den
248 593 325 653 26sten
352 589 438 649 May,
460 582 538 642 1764.

872 612 1033 672 ergebenster
1054 610 1165 670 Diener,

956 652 1011 712 V.
1035 654 1083 714 U.

587 748 636 808 C.
670 748 776 808 III.

178 822 288 882 Extat
306 819 473 879 Philureae
496 819 634 879 librorum
674 819 868 879 castigator,
897 822 941 882 seu
969 822 1080 882 potius
1103 820 1163 880 car-

184 872 274 932 nufex
302 867 433 927 natione
461 867 647 927 Bohemus,
679 867 828 927 moribus
856 867 1010 927 agrestis,
1051 868 1160 928 indole

179 915 347 975 peruicax,
372 915 550 975 arrogans,
574 915 714 975 auarus:
738 915 824 975 cuius
849 915 872 975 si
897 917 1051 977 ingenium
1095 915 1162 975 spe-

180 963 268 1023 ctes,
301 963 361 1023 non
395 963 530 1023 omnino
563 966 670 1026 lepore
703 963 810 1023 caret,
838 966 880 1026 sin
909 963 1095 1023 iudicium,
1128 963 1160 1023 ex

178 1008 314 1068 Boeotia
337 1010 427 1070 natum
464 1011 572 1071 iures;
595 1013 672 1073 adeo
709 1013 803 1073 crasso
835 1010 966 1070 subinde
994 1010 1139 1070 cerebrum

177 1057 247 1117 cius
267 1058 393 1118 stupore
414 1061 615 1121 offunditur!
640 1061 776 1121 Opellas
797 1059 862 1119 eius
887 1058 1154 1118 politico-histo¬

179 1108 262 1168 ricas
282 1109 375 1169 docti
395 1109 582 1169 indoctique
607 1109 695 1169 passim
735 1109 867 1169 summis
892 1109 922 1169 ad
947 1109 1054 1169 coelum
1094 1107 1157 1167 lau¬

175 1157 270 1217 dibus
298 1157 497 1217 extulerunt:
520 1157 638 1217 quibus
657 1157 801 1217 turgidus
825 1156 924 1216 bonus
947 1155 1065 1215 homo,
1079 1154 1156 1214 alte-

174 1205 223 1265 rum
265 1204 287 1264 se
311 1202 543 1262 Xenophontem
585 1201 726 1261 iactitat.
782 1201 928 1261 Notitias
956 1201 1024 1261 eius
1047 1201 1156 1261 litera¬

173 1253 235 1313 riae
258 1251 284 1311 et
307 1247 525 1307 ecclesiasticae
552 1246 757 1306 monimenta
789 1246 873 1306 nulla
905 1246 1070 1306 vidimus:
1097 1245 1158 1305 ita-

176 1300 234 1360 que
258 1292 498 1352 expectabimus
521 1288 548 1348 ea
576 1291 602 1351 ad
630 1291 694 1351 diem
735 1291 825 1351 vsque
853 1291 984 1351 iudicii.
1039 1291 1157 1351 Cacte-

177 1343 232 1403 rum
271 1342 339 1402 auri
357 1339 433 1399 sacra
460 1336 583 1396 fames,
605 1336 682 1396 quae
708 1336 806 1396 multa
828 1333 870 1393 iam
913 1333 939 1393 in
965 1333 1045 1393 lucem
1084 1332 1157 1392 por-

175 1386 261 1446 tenta
285 1384 403 1444 edidit,
430 1382 512 1442 virum
558 1381 713 1441 egregium
763 1378 790 1438 in
827 1378 968 1438 monstri
996 1378 1141 1438 quoddam

447 1531 589 1591 Cölln,
619 1533 672 1593 den
720 1533 761 1593 1.
797 1533 897 1593 Jun.

227 1587 301 1647 Se.
337 1584 481 1644 Königl.
510 1584 637 1644 Hoheit
666 1581 718 1641 der
742 1583 845 1643 Prinz
875 1582 1059 1642 Ferdinand
1095 1581 1146 1641 von

179 1637 328 1697 Preussen
367 1634 493 1694 giengen
522 1632 692 1692 ehegestern
720 1631 819 1691 alhier
842 1634 930 1694 durch
958 1633 1007 1693 ins
1035 1632 1151 1692 Achner

179 1687 269 1747 Bad,
299 1685 447 1745 woselbst
470 1682 636 1742 Dieselben
672 1685 739 1745 auch
774 1685 934 1745 denselben
969 1685 1037 1745 Tag
1072 1685 1168 1745 ange¬

179 1739 346 1799 kommen.

379 1778 652 1838 Stockholm,
676 1781 735 1841 vom
783 1781 842 1841 21.
873 1781 978 1841 May.

225 1830 304 1890 Das
331 1828 494 1888 Hospital,
521 1825 648 1885 welches
675 1823 717 1883 die
739 1824 950 1884 Freymäurer
966 1825 992 1885 zu
1020 1826 1167 1886 Gothen¬

180 1879 257 1939 burg
283 1876 421 1936 errichtet
448 1870 561 1930 haben,
582 1867 617 1927 um
654 1867 700 1927 die
722 1867 943 1927 Einpropfung
969 1867 1015 1927 der
1036 1868 1149 1928 Pocken

178 1925 307 1985 daselbst
330 1921 356 1981 zu
390 1913 656 1973 bewerckstelligen
684 1912 738 1972 hat
760 1909 896 1969 Beyfall
918 1912 1092 1972 gefunden,
1114 1912 1162 1972 die

181 1972 362 2032 Regierung
391 1961 532 2021 beschützt
550 1960 600 2020 es,
623 1957 680 2017 und
709 1957 759 2017 das
788 1957 946 2017 Publicum
981 1957 1161 2017 unterstützt

180 2023 210 2083 es
235 2022 321 2082 durch
347 2015 414 2075 eine
440 2009 501 2069 sehr
527 2008 718 2068 ansehnliche
743 2005 934 2065 freywillige
966 2005 1157 2065 Beysteuer.

422 2067 617 2127 London,
652 2067 705 2127 den
747 2067 786 2127 1.
814 2067 901 2127 Jun.

225 2130 304 2190 Man
337 2130 389 2190 hat
411 2130 655 2190 ausgerechnet,
677 2129 730 2189 daß
768 2129 821 2189 von
864 2130 970 2190 16000
1013 2127 1156 2187 Seiden=

178 2184 276 2244 weber
302 2185 349 2245 die
370 2181 416 2241 sich
448 2179 473 2239 in
505 2179 697 2239 Spitlefield
734 2180 790 2240 und
822 2180 848 2240 in
880 2178 1076 2238 Canterbury
1113 2176 1154 2236 be¬

175 2234 304 2294 finden,
326 2233 374 2293 der
402 2226 499 2286 vierte
526 2229 628 2289 Theil
656 2229 742 2289 keine
770 2229 882 2289 Arbeit
910 2226 1007 2286 habe.
1050 2223 1152 2283 Unsre

175 2283 394 2343 Manufactur
420 2279 499 2339 sinkt
520 2277 582 2337 also
614 2276 708 2336 unter
740 2276 791 2336 den
835 2276 1048 2336 Kunstgriffen
1096 2273 1153 2333 und

180 2333 421 2393 Bemuhungen
452 2329 502 2389 der
528 2324 734 2384 Auslander,
754 2324 920 2384 sonderlich
946 2326 996 2386 der
1022 2321 1157 2381 Franzo¬

178 2384 246 2444 sen.
294 2381 383 2441 Nach
405 2378 446 2438 dem
484 2372 716 2432 Arbeitspreise
738 2371 758 2431 in
785 2375 985 2435 Frankreich,
1002 2372 1070 2432 nach
1097 2372 1143 2432 den

179 2429 324 2489 geringen
352 2423 503 2483 Abgaben
536 2420 589 2480 von
622 2418 676 2478 der
699 2420 925 2480 Italienischen
953 2421 1044 2481 rohen
1072 2417 1158 2477 Sei¬

180 2474 210 2534 de
237 2473 267 2533 an
293 2473 339 2533 die
360 2470 562 2530 französische
583 2464 866 2524 Schatzkammer,
893 2470 950 2530 und
981 2467 1053 2527 nach
1084 2467 1135 2527 dem

177 2520 367 2580 algeweinen
403 2518 559 2578 Handel,
590 2513 701 2573 welche
727 2516 912 2576 Frankreich
943 2518 968 2578 in
999 2515 1154 2575 goldnen,

180 2566 324 2626 silbernen
355 2566 412 2626 und
438 2563 556 2623 seidnen
583 2560 758 2620 brokadnen
784 2565 903 2625 Zeugen
929 2564 980 2624 und
1001 2563 1021 2623 in
1048 2563 1156 2623 Sam¬

179 2619 239 2679 met
262 2617 316 2677 mit
339 2614 388 2674 dem
433 2613 548 2673 ganzen
582 2608 714 2668 Europa
748 2614 924 2674 unterhält,
953 2611 991 2671 ist
1019 2611 1146 2671 dasselbe

181 2665 390 2725 vermögend,
414 2658 481 2718 nach
510 2656 697 2716 Bezahlung
726 2660 850 2720 unserer
879 2663 969 2723 Zölle
992 2661 1054 2721 und
1077 2658 1150 2718 aller

174 2715 349 2775 Unkosten,
375 2708 518 2768 England
544 2706 600 2766 mit
626 2705 769 2765 Seiden=
783 2706 838 2766 und
858 2710 1140 2770 Sammetwaaren

179 2763 357 2823 wohlfeiler
381 2760 404 2820 zu
440 2754 613 2814 versehen,
637 2754 690 2814 als
720 2757 832 2817 unsere
863 2761 969 2821 eigene
994 2757 1141 2817 Fabriken

182 2817 250 2877 thun
280 2814 417 2874 können.
464 2808 533 2868 Die
556 2807 724 2867 Kaufleute
753 2809 919 2869 verspüren
955 2813 1035 2873 nicht
1059 2808 1156 2868 weni=

1199 337 1327 397 genus,
1348 339 1431 399 quod
1457 336 1633 396 Polybistor
1654 339 1825 399 nonnullis
1846 339 1985 399 dicitur,
2017 339 2182 399 transmu-

1200 392 1303 452 tauit,
1327 395 1384 455 hoc
1408 394 1465 454 est,
1489 389 1523 449 ad
1546 389 1823 449 οαννοG
1841 394 2065 454 UNquandam
2106 395 2181 455 lite-

1192 440 1295 500 rariam
1340 441 1467 501 adegit,
1493 437 1537 497 ita
1567 437 1601 497 vt
1626 439 1660 499 de
1690 442 1783 502 rebus
1808 443 1990 503 omnibus,
2021 443 2104 503 quae
2134 444 2182 504 vel

1196 491 1387 551 longissime
1408 488 1517 548 captum
1554 485 1621 545 eius
1642 488 1813 548 superent,
1835 491 1974 551 iudicium
2022 491 2104 551 sibi,
2131 492 2182 552 ar-

1199 536 1312 596 roget:
1339 537 1390 597 cui
1411 533 1555 593 muneri,
1582 533 1700 593 scilicet
1722 536 1773 596 pro
1800 539 1949 599 viribus,
1976 539 2058 599 quas
2085 541 2182 601 nescit

1204 583 1278 643 quam
1317 583 1376 643 sint
1396 580 1554 640 exiguae,
1584 580 1627 640 ita
1648 580 1771 640 praest,
1801 583 1835 643 yt
1860 586 2002 646 inscitiae
2028 585 2180 645 apertissi-

1204 630 1269 690 mae
1289 631 1480 691 documenta
1501 628 1576 688 edat
1602 628 1662 688 non
1694 628 1824 688 solum,
1855 630 1905 690 sed
1936 634 2021 694 edita
2052 634 2177 694 quoque

1195 679 1470 739 impudentissime
1494 675 1658 735 defendat.
1715 673 1860 733 Narrant
1884 679 2062 739 historiae,
2085 679 2178 739 fuisse

1203 724 1282 784 inter
1303 727 1444 787 Sinenses
1459 724 1665 784 imperatoris
1697 721 1897 781 conjugem,
1928 724 2008 784 quae
2034 727 2174 787 laceran-

1203 772 1245 832 dis
1270 772 1475 832 bombycinis
1495 772 1633 832 apprime
1657 769 1896 829 delectaretur:
1920 770 1963 830 est
1982 772 2106 832 quoque
2131 774 2178 834 in-

1197 820 1244 880 ter
1264 819 1321 879 nos
1345 819 1392 879 (ne
1417 819 1512 879 nimis
1532 816 1646 876 longum
1690 819 1746 879 iter
1766 819 1866 879 oratio
1891 818 2010 878 faciat)
2029 819 2172 879 proterua

1198 867 1361 927 iuuentus,
1385 867 1463 927 quae
1487 867 1515 927 ex
1539 867 1758 927 infringendis
1777 867 1926 927 fenestris
1950 867 2174 927 turbandoque

1196 915 1284 975 rerum
1324 915 1434 975 ordine
1457 915 1598 975 summam
1639 914 1815 974 voluptatem
1856 915 1979 975 capiat:
2011 915 2090 975 haut
2117 915 2174 975 alia

1198 963 1303 1023 mente
1327 964 1476 1024 plagosus
1495 963 1600 1023 noster
1625 963 1778 1023 Orbilius
1802 963 1979 1023 discidendo
2013 963 2176 1023 orationis

1197 1010 1334 1070 ordine,
1361 1010 1604 1070 truncandisque
1635 1010 1798 1070 periodis,
1830 1010 1931 1070 mirum
1980 1011 2006 1071 in
2042 1013 2157 1073 modum

1196 1058 1386 1118 delectatur,
1410 1058 1504 1118 atque
1528 1058 1595 1118 tunc
1618 1059 1731 1119 demum
1768 1061 1886 1121 gaudet
1904 1061 2063 1121 maxime,
2077 1061 2154 1121 quum

1190 1106 1209 1166 id
1238 1107 1301 1167 arte
1320 1106 1369 1166 sua
1393 1106 1519 1166 effecit,
1544 1106 1572 1166 yt
1592 1106 1698 1166 nullus
1723 1109 1863 1169 amplius
1883 1109 1970 1169 sanus
1989 1109 2091 1169 sensus
2116 1109 2178 1169 ser¬

1191 1154 1290 1214 moni
1305 1154 1450 1214 supersit.
1496 1154 1623 1214 Multos
1646 1155 1782 1215 memini
1801 1154 1892 1214 tacito
1920 1154 1969 1214 eum
2010 1156 2065 1216 risu
2106 1156 2178 1216 pro¬

1191 1201 1295 1261 sequi,
1318 1198 1585 1258 quotiescumque
1608 1199 1635 1259 in
1663 1198 1794 1258 ICtorum
1835 1198 1925 1258 castra
1948 1198 2097 1258 transilire
2120 1198 2174 1258 au-

1191 1246 1240 1306 sus
1262 1248 1311 1308 sit.
1362 1243 1466 1303 Verum
1504 1243 1562 1303 hoc
1587 1243 1645 1303 non
1675 1243 1858 1303 contentus,
1880 1243 1979 1303 nuper
2001 1243 2079 1303 etiam
2118 1243 2175 1303 sibi

1191 1291 1322 1351 sumsit,
1350 1288 1381 1348 de
1414 1285 1509 1345 rebus
1537 1287 1736 1347 theologicis
1760 1285 1900 1345 iudicium
1942 1288 2041 1348 ferre.
2092 1287 2168 1347 Vide

1192 1333 1339 1393 hominis
1360 1330 1606 1390 arrogantiam!
1636 1330 1729 1390 Quem
1774 1330 1803 1390 vt
1823 1330 1897 1390 risui
1917 1333 2040 1393 publico
2065 1334 2172 1394 propi-

1191 1378 1327 1438 nemus,
1359 1378 1455 1438 omni
1474 1376 1571 1436 studio
1598 1376 1823 1436 allaborandum
1863 1378 1920 1438 est.

1191 1533 1248 1593 ger
1266 1533 1352 1593 einen
1376 1534 1508 1594 größern
1538 1536 1653 1596 Nutzen
1688 1536 1739 1596 bey
1775 1536 1826 1596 der
1855 1536 2005 1596 Ausfuhr
2029 1536 2161 1596 fremder

1198 1584 1321 1644 Güter,
1342 1584 1403 1644 und
1430 1584 1486 1644 wir
1512 1586 1625 1646 müssen
1662 1584 1723 1644 uns
1754 1587 1867 1647 dahero
1899 1587 1949 1647 des
1981 1585 2171 1645 Vortheils,

1193 1631 1275 1691 unsre
1302 1634 1452 1694 Colonien
1484 1634 1504 1694 in
1536 1634 1676 1694 Amerika
1703 1634 1764 1694 mit
1781 1634 1905 1694 unserer
1926 1634 2040 1694 Arbeit
2067 1636 2097 1696 zu
2129 1634 2175 1694 be¬

1194 1682 1321 1742 dienen,
1344 1685 1478 1745 gänzlich
1506 1685 1640 1745 beraubt
1668 1685 1774 1745 sehen.
1819 1685 1908 1745 Eine
1931 1685 2025 1745 große
2048 1685 2170 1745 Menge

1194 1733 1356 1793 Hanfsaat
1373 1733 1448 1793 wird
1476 1733 1687 1793 gegenwärtig
1720 1736 1790 1796 nach
1823 1734 1947 1794 Florida
1980 1735 2039 1795 und
2073 1735 2175 1795 Süd¬

1194 1781 1333 1841 carolina
1361 1784 1582 1844 eingeschiffet,
1604 1784 1647 1844 wo
1669 1784 1717 1844 die
1739 1784 1917 1844 Anbauung
1944 1786 2041 1846 dieses
2063 1784 2176 1844 nützli¬

1186 1825 1255 1885 chen
1292 1828 1484 1888 Gewächses
1506 1831 1558 1891 zum
1602 1828 1755 1888 künftigen
1788 1834 1952 1894 Gebrauch
1985 1834 2033 1894 der
2055 1834 2182 1894 König¬

1188 1870 1278 1930 lichen
1314 1872 1420 1932 Flotte
1451 1873 1613 1933 befördert
1644 1876 1770 1936 werden
1811 1876 1887 1936 soll.
1964 1879 2040 1939 Von
2086 1879 2171 1939 York

1191 1912 1316 1972 schreibt
1347 1915 1442 1975 man,
1473 1916 1528 1976 daß
1564 1918 1629 1978 alda
1665 1920 1706 1980 ein
1747 1921 1837 1981 neuer
1868 1924 1968 1984 Pflug
2004 1924 2175 1984 verfertigt

1192 1960 1332 2020 worden,
1356 1961 1548 2021 vermittelst
1567 1960 1656 2020 dessen
1694 1965 1764 2025 drey
1797 1967 2078 2027 Saamenfurchen
2116 1972 2172 2032 auf

1188 2005 1309 2065 einmal
1328 2008 1444 2068 können
1478 2007 1618 2067 gemacht
1646 2010 1791 2070 werden.
1839 2011 1913 2071 Die
1942 2014 2077 2074 Furchen
2110 2017 2161 2077 kan

1185 2052 1251 2112 man
1281 2054 1347 2114 nach
1381 2052 1535 2112 Belieben
1574 2051 1602 2111 in
1636 2053 1760 2113 einiger
1789 2052 1895 2112 Weite
1924 2055 1976 2115 von
2015 2058 2163 2118 einander

1184 2102 1306 2162 ziehen.
1379 2098 1467 2158 Man
1501 2097 1567 2157 saet
1590 2100 1651 2160 mit
1685 2100 1779 2160 diesem
1818 2101 1918 2161 Pflug
1952 2105 2012 2165 und
2046 2108 2168 2168 bedeckt

1181 2150 1232 2210 den
1267 2148 1420 2208 Saamen
1461 2148 1627 2208 zugleich,
1673 2151 1718 2211 die
1753 2151 1872 2211 Arbeit
1908 2154 2084 2214 geschiehet
2119 2159 2175 2219 ge¬

1190 2196 1358 2256 schwinder
1382 2194 1440 2254 und
1469 2197 1532 2257 sehr
1556 2199 1683 2259 richtig.
1708 2199 1782 2259 Der
1806 2203 1904 2263 Pflug
1928 2203 1963 2263 ist
1987 2205 2050 2265 sehr
2074 2209 2177 2269 leicht,

1190 2246 1258 2306 aber
1285 2243 1411 2303 dennoch
1443 2244 1538 2304 stark,
1565 2249 1622 2309 und
1649 2252 1701 2312 das
1734 2252 1876 2312 Pflügen
1913 2253 1960 2313 kan
1998 2257 2071 2317 nach
2103 2255 2171 2315 Ge¬

1190 2294 1302 2354 fallen,
1324 2291 1395 2351 oder
1422 2292 1478 2352 wie
1499 2296 1529 2356 es
1551 2298 1602 2358 die
1628 2301 1803 2361 Umstände
1834 2306 2014 2366 erfordern,
2046 2309 2102 2369 mit
2128 2312 2169 2372 ei¬

1188 2345 1240 2405 nem
1283 2342 1357 2402 oder
1379 2342 1458 2402 zwey
1485 2348 1628 2408 Pferden
1661 2354 1825 2414 verrichtet
1847 2354 1990 2414 werden.

1300 2401 1374 2461 Aus
1409 2403 1490 2463 einem
1537 2412 1716 2472 Schreiben
1757 2417 1809 2477 von
1845 2417 1995 2477 Glasgow
2042 2419 2064 2479 in

1425 2458 1620 2518 Schottland
1653 2462 1706 2522 vom
1759 2464 1817 2524 20.
1844 2464 1949 2524 May.

1240 2513 1278 2573 Zu
1312 2511 1355 2571 dem
1395 2516 1577 2576 Fortgange
1600 2521 1683 2581 einer
1706 2523 1771 2583 sehr
1800 2521 2027 2581 weitläuftigen
2055 2525 2171 2585 Fische¬

1193 2560 1240 2620 rey
1267 2560 1298 2620 an
1326 2560 1431 2620 unsern
1464 2566 1575 2626 Küsten
1607 2572 1627 2632 in
1660 2573 1750 2633 diesem
1793 2569 1972 2629 Sommer,
1994 2572 2063 2632 läßt
2074 2574 2100 2634 es
2122 2574 2163 2634 sich

1191 2608 1304 2668 bereits
1331 2610 1502 2670 vortreflich
1533 2617 1584 2677 an.
1622 2620 1694 2680 Zwo
1720 2617 2088 2677 Stockfischschmacken,
2104 2622 2176 2682 wel=

1188 2655 1237 2715 che
1258 2658 1374 2718 neulich
1399 2658 1459 2718 sind
1485 2666 1681 2726 ausgesandt
1703 2661 1843 2721 worden,
1874 2664 1909 2724 um
1955 2667 1984 2727 an
2015 2669 2065 2729 der
2086 2670 2171 2730 west¬

1195 2706 1285 2766 lichen
1321 2706 1422 2766 Bank
1448 2709 1503 2769 von
1545 2715 1610 2775 St.
1636 2712 1727 2772 Kilda
1769 2710 1849 2770 einen
1886 2712 2017 2772 Versuch
2053 2718 2083 2778 zu
2114 2718 2179 2778 ma¬

1188 2754 1277 2814 chen,
1300 2755 1422 2815 haben,
1451 2757 1484 2817 da
1513 2761 1551 2821 sie
1574 2763 1708 2823 zugleich
1742 2760 1803 2820 voll
1826 2762 2066 2822 zurückgekehrt
2089 2765 2167 2825 sind,

1194 2805 1277 2865 einen
1305 2805 1332 2865 so
1366 2812 1611 2872 vortheilhaften
1651 2811 1783 2871 Bericht
1807 2810 2007 2870 abgestattet,
2030 2811 2085 2871 daß
2119 2811 2173 2871 ge¬

2085 2864 2176 2924 gen=
