2034 2755
440 1010 1514 1086 5tes Stück. Freytag, den 17. Februar. 1764.
420 1078 615 1158 Fortsetzung
288 1125 742 1220 des Versuchs
187 1186 849 1291 über die Krankheiten des Kopfes.
126 1249 943 1342 Die Triebe der menschlichen Natur, welche, wenn
83 1311 946 1379 sie von viel Graden sind, Leidenschaften hei=
92 1338 939 1420 ben, sind die Bewegkräfte des Willens; Der Ver¬
92 1387 934 1477 stand kommt nur dazu, so wohl das ganze Facit der
95 1428 948 1511 Gefriedigung aller Neigungen insgesammt aus dem
92 1467 944 1553 vorgestellten Zwecke zu schätzen, als auch die Mittel
87 1510 936 1594 zu diesem auszufinden. Ist etwa eine Leidenschaft
87 1547 936 1640 besonders mächtig, so hilft die Verstandesfähigkeit
88 1590 940 1679 dagegen nur wenig; denn der bezauberte Mensch sie¬
90 1630 930 1716 het zwar die Gründe wieder seine Lieblingsneigung
86 1669 938 1760 sehr gut, allein er fühlet sich ohnmächtig ihnen den
80 1723 934 1806 thätigen Nachdruck zu geben. Wenn diese Neigung
80 1760 930 1846 an sich gut ist, wenn die Person übrigens vernünftig
87 1796 930 1886 ist, nur daß der überwiegende Hang die Aussicht in
80 1832 932 1925 Ansehung der schlimmen Folgen verschließt, so ist die
88 1877 931 1963 ser Zustand der gefesselten Vernunft Thorheit.
80 1927 924 2012 Ein Thor kan viel Verstand haben, selbst in den
83 1962 934 2060 Urtheil über diejenige Handlungen darinnen er thö¬
86 2004 934 2085 richt ist, er muß so gar ziemlich viel Verstand und
83 2042 922 2137 ein gut Herz besitzen, damit er zu dieser gemilderter
80 2089 923 2179 Benennung seiner Ausschweifungen berechtigt sey.
82 2124 935 2216 Der Thor kann allenfalls einen vortreflichen Rath¬
87 2171 930 2259 geber für andere abgeben, wenn gleich sein Rath bey
83 2208 930 2305 ihm. selbst ohne Wirkung ist. Er wird nur durch
83 2254 935 2343 Schaden oder durch Alter gescheut, welches aber öfters
78 2299 930 2387 nur eine Thorheit verdrenget, um einer andern Platz
82 2333 931 2437 zu machen. Die verliebte Leidenschaft, oder ein gro¬
975 1078 1827 1158 ßer Grad der Ehrbegierde haben von je her viele
975 1145 1830 1197 vernünftige Leute zu Thoren gemacht. Ein Mädchen
976 1192 1824 1240 nöthiget den furchtbaren Alcides den Faden am
975 1225 1820 1277 Rocken zu ziehen und Athens müßige Bürger schicken
970 1269 1823 1323 durch ihr läppisches Lob den Alexander an das
971 1304 1820 1356 Ende der Welt. Es giebt auch Neigungen von min¬
967 1347 1819 1414 derer Heftigkeit und Allgemeinheit, welche gleichwohl
966 1392 1820 1444 nicht ermangeln ihre Thorheit zu erzeugen: der Bau¬
966 1438 1820 1490 geist, die Bi. erneigung, die Büchersucht. Der aus¬
975 1473 1818 1525 geartete Mensch ist aus seiner natürlichen Stelle ge¬
970 1521 1816 1568 wichen und wird von allem gezogen und von allem
971 1557 1823 1609 gehalten. Dem Thoren ist der gescheute Mann
964 1606 1816 1658 entgegengesetzt; wer aber ohne Thorheit ist, ist ein
966 1637 1820 1689 Weiser. Dieser Weise kann etwa im Monde ge¬
971 1680 1816 1740 sucht werden; vielleicht, daß man daselbst ohne Lei¬
968 1723 1811 1772 denschaft ist und unendlich viel Vernunft hat. Der
968 1764 1814 1815 Unempfindliche ist durch seine Dummheit wieder
970 1806 1808 1867 Thorheit gesichert; vor gemeinen Augen aber hat er
968 1848 1814 1901 die Mine eines Weisen. Pyrrho sahe auf einem
968 1894 1815 1945 Schiffe im Sturm, da jedermann ängstlich beschäf¬
966 1929 1811 1981 tigt war, ein Schwein ruhig aus seinem Troge fres¬
966 1973 1814 2028 sen und sagte, indem er auf dasselbe wies: ” so soll
962 2016 1506 2069 „die Ruhe eines Weisen seyn."
1531 2016 1812 2091 Der Unempfind=
963 2056 1498 2105 liche ist der Weise des Pyrrho.
996 2081 1808 2155 Wenn die herrschende Leidenschaft an sich selbst
963 2129 1808 2198 hassenswürdig und zugleich abgeschmackt genug ist,
962 2189 1814 2240 um dasjenige, was der natürlichen Absicht derselben
962 2220 1808 2283 gerade entgegengesetzt ist, für die Befriedigung der¬
958 2271 1811 2325 selben zu halten, so ist dieser Zustand der verkehrten
958 2310 1810 2367 Vernunft Narrheit. Der Thor versteht die wah¬
956 2353 1812 2403 re Absicht seiner Leidenschaft sehr wohl, wenn er
948 2395 1811 2449 gleich ihr eine Stärke einräumet, welche die Vernunft
