2479 3508
257 339 446 399 Kaufmann
481 334 556 394 oder
592 330 920 390 Handwerksmann,
955 333 1012 393 von
1053 333 1099 393 den
1134 334 1249 394 Grün¬

263 386 311 446 den
349 384 402 444 der
435 380 645 440 bürgerlichen
683 380 920 440 Gesellschaft,
963 382 1011 442 der
1044 382 1248 442 Regierung,

266 431 323 491 und
350 431 397 491 den
429 428 571 488 Gesetzen
598 425 698 485 seines
720 428 867 488 Landes,
895 431 984 491 denen
1016 428 1042 488 er
1063 429 1227 489 Gehorsam

265 479 397 539 schuldig
424 476 482 536 ist,
509 473 598 533 besser
631 476 837 536 unterrichtet
864 479 969 539 wäre,
1002 476 1049 536 als
1086 476 1112 536 er
1140 478 1171 538 es
1203 479 1255 539 ge¬

258 527 437 587 meiniglich
465 524 519 584 ist!
568 523 677 583 Jeder
699 524 835 584 Burger
857 526 938 586 sollte
961 524 1091 584 wissen,
1119 524 1178 584 wem
1217 523 1243 583 er

266 572 433 632 Gehorsam
471 571 600 631 schuldig
628 572 687 632 ist,
720 572 828 632 warum
877 572 909 632 er
931 572 1098 632 Gehorsam
1142 572 1239 632 leisten

265 622 352 682 solle,
373 619 430 679 und
456 619 476 679 in
503 619 559 679 wie
576 619 632 679 fern
658 619 689 679 er
705 619 762 679 mit
778 619 875 679 Recht
886 619 1026 679 gefodert
1042 619 1155 679 werden
1186 615 1258 675 kön¬

262 667 315 727 ne.
342 667 389 727 Es
411 667 442 727 ist
459 667 565 727 wahr,
576 669 602 729 in
624 667 671 727 der
687 667 931 727 monarchischen
953 667 1229 727 Regierungsform

260 715 339 775 wird
367 715 414 775 der
436 717 568 777 Bürger
595 715 807 775 gezwungen,
824 715 988 775 Gehorsam
1025 715 1057 775 zu
1084 713 1205 773 leisten,
1222 710 1248 770 er

265 764 344 824 darf
370 765 451 825 nicht
477 763 607 823 wissen,
633 763 774 823 warum.
830 763 915 823 Aber
946 760 976 820 es
1007 763 1087 823 wird
1118 762 1158 822 ein
1193 760 1258 820 viel

265 811 425 871 leichterer
457 807 622 867 Gehorsam
670 809 768 869 seyn,
794 810 882 870 wenn
908 810 939 870 er
960 810 1043 870 ohne
1064 810 1183 870 Zwang
1209 807 1255 867 ge¬

268 858 406 918 schieht,
429 858 489 918 und
518 858 600 918 wenn
634 856 678 916 die
701 855 861 915 Gründe,
884 857 933 917 die
961 857 1016 917 der
1045 856 1249 916 vernünftige

267 906 409 966 Mensch
436 903 514 963 hat,
541 903 594 963 den
631 906 762 966 Bürger
795 903 862 963 auch
895 903 974 963 ohne
1006 903 1253 963 Zwangsmittel

266 955 320 1015 zum
364 951 526 1011 Gehorsam
570 951 695 1011 neigen.
744 950 825 1010 Wie
842 950 967 1010 nützlich
995 951 1081 1011 wäre
1098 951 1146 1011 es,
1158 949 1244 1009 wenn

273 996 333 1056 also
356 995 439 1055 jeder
462 996 594 1056 Bürger
617 996 716 1056 einige
739 995 938 1055 Erkänntniß
967 995 1066 1055 hätte,
1078 995 1127 1055 daß
1150 995 1177 1055 es
1200 994 1249 1054 den

275 1040 444 1100 Menschen
477 1037 502 1097 in
529 1040 582 1100 dem
620 1038 878 1098 gegenwärtigen
906 1040 1059 1100 Zustande
1086 1040 1255 1100 zuträglich

276 1088 408 1148 gewesen
442 1085 508 1145 sey,
536 1084 580 1144 sich
608 1083 629 1143 in
658 1084 867 1144 Gesellschaft
884 1084 944 1144 mit
962 1085 1077 1145 andern
1111 1087 1143 1147 zu
1172 1085 1260 1145 bege¬

266 1136 347 1196 ben,
375 1133 430 1193 daß
458 1133 529 1193 aber
551 1133 628 1193 dann
662 1130 782 1190 gewisse
805 1130 1018 1190 Vorschriften
1052 1131 1254 1191 nothwendig

277 1184 441 1244 gewesen,
464 1181 595 1241 darnach
624 1181 669 1241 sich
698 1181 755 1241 alle
772 1178 885 1238 richten
909 1178 1063 1238 müßten,
1097 1180 1148 1240 zur
1171 1178 1267 1238 allge¬

273 1231 395 1291 meinen
424 1228 697 1288 Glückseligkeit,
720 1228 776 1288 daß
810 1228 904 1288 dieses
938 1228 1095 1288 eigentlich
1129 1223 1178 1283 die
1201 1222 1268 1282 Ge¬

283 1280 349 1340 setze
372 1276 494 1336 wären,
522 1279 616 1339 denen
645 1279 711 1339 man
739 1276 783 1336 sich
812 1278 833 1338 in
867 1276 916 1336 der
934 1276 1145 1336 Gesellschaft
1162 1273 1273 1333 unter¬

274 1329 387 1389 werfen
417 1327 548 1387 müßte,
572 1327 629 1387 daß
664 1324 737 1384 diese
767 1327 892 1387 Gesetze
922 1324 1111 1384 unterstützt
1135 1325 1254 1385 werden

274 1376 433 1436 müßten,
463 1375 519 1435 daß
555 1375 628 1435 dazu
663 1372 777 1432 nöthig
812 1373 949 1433 gewesen
991 1375 1098 1435 wäre,
1128 1375 1259 1435 Einen

281 1422 354 1482 oder
378 1419 530 1479 Einige
559 1422 620 1482 mit
644 1419 767 1479 Hoheit
796 1419 858 1479 und
881 1422 999 1482 Macht
1028 1422 1056 1482 zu
1090 1422 1237 1482 bekleiden

275 1470 339 1530 und
366 1468 418 1528 daß
451 1469 568 1529 daraus
600 1467 648 1527 die
675 1469 887 1529 verschiednen
920 1470 1255 1530 Regierungsformen

277 1518 493 1578 entsprungen
529 1518 660 1578 wären,
691 1518 751 1578 auf
777 1515 867 1575 deren
898 1515 1110 1575 Einrichtung
1141 1518 1191 1578 der
1222 1518 1271 1578 ge¬

990 1566 1094 1626 Jeder
1129 1565 1262 1625 Bürger

279 1563 542 1623 meinschaftliche
577 1566 738 1626 Vortheil
772 1563 927 1623 beruhet.

279 1613 369 1673 sollte
403 1611 585 1671 erkennen,
608 1613 664 1673 daß
699 1610 750 1670 die
785 1610 994 1670 Gesellschaft
1024 1610 1086 1670 und
1126 1610 1177 1670 die
1206 1609 1267 1669 Re¬

280 1660 417 1720 gierung
444 1658 623 1718 derselben,
655 1655 702 1715 die
729 1654 844 1714 höchste
871 1655 987 1715 Quelle
1019 1655 1066 1715 der
1093 1655 1256 1715 irrdischen

282 1703 531 1763 Glückseligkeit
547 1700 608 1760 sey.
661 1700 764 1760 Jeder
791 1696 926 1756 Bürger
947 1697 1029 1757 sollte
1051 1697 1128 1757 seine
1150 1697 1268 1757 Regie¬

287 1747 395 1807 rung,
422 1745 509 1805 unter
535 1744 659 1804 welcher
691 1741 722 1801 er
743 1741 825 1801 lebt,
857 1739 908 1799 als
940 1739 1007 1799 eine
1034 1739 1126 1799 solche
1153 1740 1271 1800 Quelle

278 1837 332 1897 des
355 1835 459 1895 damit
482 1834 679 1894 verbinden,
714 1834 757 1894 die
791 1834 1000 1894 Einrichtung
1039 1833 1099 1893 und
1132 1834 1275 1894 Staats¬

285 1885 464 1945 verfassung
487 1885 584 1945 seines
612 1885 732 1945 Landes
759 1884 988 1944 einigermaßen
1026 1885 1173 1945 kennen,
1201 1885 1249 1945 zum

287 1935 388 1995 Theil
404 1935 564 1995 einsehen,
591 1933 719 1993 worauf
741 1933 782 1993 die
804 1933 911 1993 innere
932 1933 991 1993 und
1018 1936 1135 1996 äußere
1157 1933 1273 1993 Glück¬

284 1984 419 2044 seligkeit
443 1984 499 2044 und
529 1981 636 2041 Größe
660 1981 808 2041 desselben
831 1981 1007 2041 beruhete;
1031 1984 1065 2044 er
1083 1984 1196 2044 würde
1225 1984 1275 2044 ge¬

283 2031 343 2091 wiß
371 2031 409 2091 ein
437 2031 514 2091 desto
537 2028 668 2088 besserer
691 2028 867 2088 Unterthan
895 2028 982 2088 seyn.

341 2076 418 2136 Wir
445 2077 562 2137 müssen
602 2076 791 2136 verschiedne
818 2076 1046 2136 Erkänntnisse
1080 2076 1275 2136 übergehen,

289 2127 339 2187 die
363 2127 453 2187 diesem
493 2127 560 2187 oder
584 2126 668 2186 jenem
708 2121 844 2181 Stande
873 2123 1037 2183 besonders
1066 2121 1184 2181 nützlich
1207 2121 1275 2181 wa¬

293 2220 364 2280 Wie
398 2220 509 2280 nöthig
543 2217 581 2277 ist
615 2216 670 2276 zum
721 2214 893 2274 Beyspiele
927 2217 1009 2277 einem
1060 2215 1192 2275 Officier
1226 2217 1270 2277 die

287 2262 515 2322 Wissenschaft
542 2257 589 2317 der
617 2256 834 2316 vornehmsten
872 2264 983 2324 Theile
1010 2264 1063 2324 der
1085 2261 1281 2321 Mathema¬

288 2312 352 2372 tik,
380 2309 428 2369 der
456 2305 776 2365 Zeichnungskunst,
804 2308 857 2368 der
885 2312 1064 2372 Geschichte
1092 2312 1151 2372 und
1184 2312 1276 2372 Geo¬

292 2458 410 2518 einiges
441 2450 643 2510 Erkänntniß
667 2446 720 2506 von
751 2447 798 2507 der
823 2455 1024 2515 Handlung,
1049 2455 1102 2515 von
1132 2455 1179 2515 dem
1221 2455 1280 2515 Ur¬

291 2506 429 2566 sprunge
459 2497 649 2557 derselben,
691 2494 748 2554 von
783 2495 829 2555 den
870 2503 1055 2563 Vortheilen
1090 2500 1136 2560 der
1165 2503 1280 2563 Hand¬

292 2554 395 2614 lung,
437 2551 489 2611 von
524 2548 576 2608 dem
629 2541 780 2601 Einflusse
810 2545 960 2605 derselben
996 2550 1054 2610 auf
1078 2548 1129 2608 den
1165 2549 1280 2609 Reich¬

294 2599 368 2659 thum
420 2599 477 2659 und
513 2596 558 2656 die
587 2593 674 2653 Zahl
703 2590 754 2650 der
784 2589 979 2649 Einwohner
1021 2595 1101 2655 eines
1136 2596 1273 2656 Landes,
1314 2596 1430 2656 Dieses
1459 2593 1545 2653 Buch
1574 2591 1643 2651 muß
1672 2596 1746 2656 jeder
1771 2596 1943 2656 unabläßig
1967 2596 2116 2656 studiren.

296 2646 355 2706 von
383 2643 431 2703 den
458 2641 745 2701 Manufacturen,
772 2635 826 2695 von
865 2635 913 2695 den
935 2641 1119 2701 Vortheilen
1158 2643 1276 2703 einhei¬

292 2692 420 2752 mischer
452 2690 736 2750 Manufacturen,
767 2682 823 2742 von
860 2682 906 2742 dem
953 2688 1098 2748 Nutzen,
1124 2691 1175 2751 den
1217 2690 1268 2750 das

289 2742 375 2802 Land
399 2737 497 2797 davon
527 2736 602 2796 hat,
626 2736 677 2796 von
707 2733 758 2793 den
788 2728 927 2788 Waaren
962 2734 1008 2794 die
1026 2736 1066 2796 ein
1096 2736 1176 2796 Land
1206 2736 1275 2796 her¬

1286 333 1333 393 ein
1369 330 1445 390 Land
1487 330 1539 390 vor
1569 333 1622 393 dem
1664 336 1782 396 andern
1818 333 1894 393 hat,
1924 333 1983 393 zur
2007 331 2213 391 Handlung,
2238 339 2266 399 in

1286 380 1459 440 Ansehung
1487 378 1583 438 seiner
1600 382 1692 442 Lage,
1709 382 1757 442 der
1774 377 1975 437 Schiffahrt,
1992 377 2050 437 und
2073 380 2278 440 dergleichen.

1338 425 1420 485 Aber
1441 425 1487 485 die
1508 425 1625 485 schönen
1657 428 1909 488 Wissenschaften
1935 428 1991 488 und
2022 425 2120 485 freyen
2151 428 2269 488 Künste

1286 475 1411 535 können
1439 473 1503 533 wir
1526 473 1612 533 nicht
1635 476 1748 536 vorbey
1776 479 1890 539 laßen.

1928 473 2005 533 Sie
2031 473 2093 533 sind
2124 474 2165 534 ein
2197 475 2279 535 Ver¬

1285 523 1412 583 gnügen
1444 520 1501 580 und
1523 521 1591 581 eine
1613 521 1718 581 Zierde
1751 524 1803 584 des
1835 522 2057 582 vernünftigen
2089 521 2279 581 Menschen,

1288 569 1388 629 flößen
1420 567 1477 627 uns
1499 569 1562 629 edle
1584 572 1843 632 Empfindungen
1875 572 1943 632 ein,
1970 572 2033 632 und
2055 571 2149 631 füllen
2182 569 2271 629 unsre

1290 616 1387 676 leeren
1424 616 1579 676 Stunden
1620 618 1682 678 mit
1714 619 1832 679 Nutzen
1884 618 1940 678 und
1977 619 2173 679 Vergnügen
2215 619 2276 679 an.

1290 666 1411 726 Nicht,
1438 664 1490 724 daß
1517 664 1601 724 jeder
1623 664 1675 724 soll
1696 667 1807 727 dichten
1834 667 1959 727 lernen,
1986 667 2112 727 sondern
2150 669 2202 729 daß
2234 666 2260 726 je

1293 710 1342 770 der
1373 711 1433 771 nur
1459 711 1519 771 mit
1540 714 1756 774 Empfindung
1792 715 1847 775 und
1873 715 2059 775 Geschmack
2085 715 2201 775 Werke
2227 715 2276 775 der

1290 757 1507 817 Dichtkunst,
1539 759 1592 819 der
1619 762 1884 822 Beredsamkeit,
1921 762 1968 822 der
1996 763 2117 823 schönen
2155 763 2276 823 Künste

1291 807 1479 867 überhaupt
1501 807 1689 867 beurtheilen
1722 808 1829 868 lerne,
1857 810 1905 870 daß
1943 807 1980 867 sie
2008 810 2093 870 nur,
2115 810 2206 870 wenn
2239 810 2271 870 ei

1292 855 1421 915 möglich
1450 855 1506 915 ist,
1530 855 1614 915 jeder
1638 855 1710 915 lesen
1745 857 1807 917 und
1836 855 1994 915 verstehen
2023 858 2130 918 lerne,
2159 857 2209 917 daß
2250 855 2277 915 er

1294 900 1336 960 ein
1364 901 1466 961 Genie
1489 903 1580 963 seiner
1597 903 1721 963 Nation
1749 903 1775 963 zu
1803 901 1927 961 schaͤtzen
1954 903 2051 963 wisse,
2068 903 2116 963 daß
2144 902 2170 962 er
2193 902 2278 962 selbst

1292 948 1457 1008 verstehe,
1480 948 1529 1008 sich
1558 948 1607 1008 das
1635 949 1817 1009 unendliche
1840 951 2034 1011 Vergnügen
2068 952 2095 1012 zu
2123 951 2222 1011 Nutze
2245 951 2272 1011 zu

1294 993 1450 1053 machen,
1472 995 1542 1055 was
1575 992 1634 1052 uns
1667 992 1710 1052 die
1737 992 1856 1052 Werke
1884 992 1932 1052 des
1965 995 2094 1055 Geistes
2128 995 2154 1055 in
2187 995 2278 1055 dieser

1300 1038 1357 1098 Art
1381 1040 1490 1100 geben.
1537 1038 1588 1098 Je
1612 1037 1698 1097 mehr
1716 1037 1779 1097 wir
1803 1037 1855 1097 von
1890 1038 1941 1098 den
1977 1040 2104 1100 gröbern
2133 1043 2283 1103 Vergnü¬

1295 1085 1347 1145 gen
1380 1084 1426 1144 der
1454 1085 1570 1145 Sinne
1603 1085 1777 1145 abgezogen
1809 1082 1962 1142 werden,
1995 1085 2053 1145 und
2085 1084 2132 1144 die
2160 1088 2275 1148 feinern

1295 1130 1496 1190 Vergnügen
1528 1128 1580 1188 des
1613 1128 1744 1188 Geistes
1771 1130 1977 1190 empfinden,
2010 1130 2189 1190 destomehr
2221 1133 2279 1193 sind

1298 1178 1363 1238 wir
1382 1178 1429 1238 der
1460 1178 1658 1238 Menschheit
1683 1178 1749 1238 eine
1768 1176 1875 1236 Ehre,
1900 1180 1960 1240 und
1997 1178 2158 1238 befördern
2189 1178 2279 1238 unsre

1307 1225 1567 1285 Glückseligkeit.
1627 1227 1697 1287 Die
1727 1225 1851 1285 schönen
1887 1225 2136 1285 Wissenschaften
2178 1226 2289 1286 verfei¬

1299 1274 1371 1334 nern
1405 1276 1499 1336 unsre
1522 1276 1810 1336 Empfindungen,
1839 1273 1877 1333 sie
1906 1276 2016 1336 führen
2056 1276 2117 1336 uns
2151 1276 2178 1336 zu
2217 1276 2266 1336 dem

1302 1327 1431 1387 wahren
1462 1324 1639 1384 Schönen,
1663 1327 1704 1387 sie
1722 1325 1852 1385 erhöhen
1883 1324 1970 1384 unser
1995 1323 2125 1383 Gefühl
2149 1324 2196 1384 für
2226 1324 2278 1384 das

1304 1375 1393 1435 Gute
1428 1375 1484 1435 und
1525 1375 1569 1435 die
1598 1375 1773 1435 Tugend,
1808 1375 1847 1435 sie
1881 1375 1972 1435 geben
2017 1375 2079 1435 uns
2120 1372 2181 1432 eine
2221 1372 2283 1432 edle

1302 1422 1585 1482 Beschäftigung,
1608 1423 1694 1483 wenn
1724 1419 1781 1479 wir
1811 1419 1868 1479 uns
1904 1419 1961 1479 von
1990 1420 2198 1480 ernsthaftern
2228 1419 2290 1479 Ar¬

1299 1470 1393 1530 beiten
1427 1470 1571 1530 erholen.
1617 1469 1693 1529 Sie
1711 1470 1860 1530 begleiten
1895 1467 1972 1527 uns,
2000 1467 2056 1527 wie
2084 1468 2190 1528 Cicero
2207 1467 2289 1527 sagt,

1306 1515 1332 1575 in
1360 1516 1408 1576 die
1425 1518 1647 1578 Einsamkeit,
1674 1519 1706 1579 sie
1728 1518 1825 1578 folgen
1858 1518 1917 1578 uns
1939 1515 1999 1575 auf
2021 1515 2129 1575 unsern
2157 1515 2291 1575 Reisen.

1303 1565 1408 1625 Wenn
1440 1566 1503 1626 wir
1530 1566 1609 1626 sonst
1636 1565 1736 1625 nichts
1773 1564 1969 1624 vornehmen
2012 1563 2159 1623 können,
2181 1563 2280 1623 bieten

1303 1612 1345 1672 sie
1372 1612 1418 1672 sich
1451 1610 1509 1670 uns
1546 1610 1598 1670 zur
1625 1608 1836 1668 Gesellschaft
1863 1608 1937 1668 dar.
1996 1605 2069 1665 Sie
2096 1608 2186 1668 laßen
2223 1607 2280 1667 uns

1300 1655 1385 1715 nicht
1405 1653 1521 1713 allein,
1546 1652 1581 1712 sie
1607 1652 1667 1712 sind
1692 1651 1732 1711 ein
1763 1649 1853 1709 Trost
1879 1649 1903 1709 in
1934 1649 2286 1709 Widerwärtigkeiten,

1302 1695 1359 1755 und
1384 1694 1552 1754 zerstreuen
1582 1694 1731 1754 Verdruß
1761 1694 1818 1754 und
1838 1694 2050 1754 Langeweile.
2075 1694 2190 1754 Sollte
2215 1694 2282 1754 man

1306 1739 1389 1799 nicht
1411 1739 1596 1799 wunschen,
1623 1739 1675 1799 daß
1713 1739 1850 1799 mehrere
1877 1739 2045 1799 Menschen
2083 1740 2199 1800 einiges
2231 1742 2294 1802 Er¬

285 1789 468 1849 verehren,
492 1787 590 1847 einige
614 1787 815 1847 Erkanntniß
851 1786 896 1846 der
920 1785 1041 1845 Gesetze
1070 1784 1168 1844 seines
1192 1787 1272 1847 Lan=
1313 1787 1463 1847 känntniß
1492 1787 1544 1847 von
1573 1787 1833 1847 Beredsamkeit,
1856 1790 2058 1850 Dichtkunst,
2088 1793 2214 1853 Musik,
2226 1793 2283 1853 und

1307 1836 1399 1896 denen
1428 1837 1526 1897 damit
1544 1838 1740 1898 verwandten
1776 1837 1891 1897 schönen
1920 1840 2059 1900 Kunsten
2088 1840 2209 1900 hatten,
2233 1843 2267 1903 um

1308 1888 1405 1948 feiner
1427 1888 1486 1948 und
1514 1887 1589 1947 edler
1611 1888 1789 1948 empfinden
1817 1888 1843 1948 zu
1871 1887 2016 1947 können?

1354 1933 1429 1993 Wir
1451 1936 1549 1996 haben
1577 1936 1673 1996 nichts
1701 1933 1755 1993 von
1783 1936 1831 1996 der
1848 1936 2043 1996 Erkanntniß
2071 1933 2120 1993 der
2137 1933 2282 1993 Religion

1307 1984 1474 2044 erwähnt.
1544 1981 1589 2041 Es
1625 1984 1757 2044 versteht
1786 1983 1832 2043 sich
1867 1981 1924 2041 von
1960 1981 2074 2041 selbst,
2110 1981 2167 2041 daß
2202 1983 2282 2043 jeder

1306 2028 1438 2088 Mensch
1466 2030 1543 2090 diese
1560 2028 1609 2088 als
1632 2030 1681 2090 die
1699 2031 2025 2091 Hauptwissenschaft
2042 2028 2168 2088 ansehen
2197 2028 2290 2088 muß.

1323 2075 1351 2135 Er
1374 2079 1447 2139 muß
1470 2078 1520 2138 sich
1549 2076 1639 2136 selbst
1663 2079 1804 2139 kennen;
1838 2077 1871 2137 er
1895 2078 1968 2138 muß
2003 2076 2132 2136 wissen,
2155 2076 2223 2136 was
2257 2076 2285 2136 er

1311 2124 1362 2184 für
1390 2124 1474 2184 einen
1503 2121 1593 2181 Rang
1628 2123 1650 2183 in
1690 2121 1735 2181 der
1758 2124 1864 2184 Reihe
1893 2124 1943 2184 der
1962 2124 2068 2184 Wesen
2103 2127 2288 2187 einnimmt,

277 2175 363 2235 ren,
386 2175 445 2235 und
472 2175 520 2235 zur
548 2172 656 2232 Zierde
678 2169 868 2229 gereichten,
890 2169 976 2229 wenn
1004 2171 1030 2231 er
1053 2169 1090 2229 sie
1112 2169 1269 2229 erlangte,
1302 2169 1334 2229 er
1362 2171 1437 2231 muß
1470 2166 1605 2226 wissen,
1627 2166 1686 2226 wie
1714 2166 1741 2226 er
1768 2169 1866 2229 diesem
1915 2172 2012 2232 seinem
2051 2175 2191 2235 Range,
2224 2175 2283 2235 und

1305 2217 1352 2277 der
1380 2216 1617 2276 Verbindung,
1644 2216 1670 2276 in
1697 2217 1809 2277 welche
1836 2217 1862 2277 er
1889 2215 1936 2275 als
1973 2217 2010 2277 ein
2042 2220 2201 2280 Geschöpf
2228 2220 2291 2280 mit

1308 2264 1408 2324 seinem
1446 2261 1631 2321 Schöpfer,
1653 2261 1710 2321 und
1737 2264 1795 2324 mit
1812 2264 1864 2324 den
1891 2261 2002 2321 andern
2034 2264 2283 2324 Mitgeschöpfen

1311 2312 1406 2372 steht,
1435 2311 1475 2371 ein
1504 2306 1623 2366 Gnüge
1646 2309 1719 2369 thun
1749 2312 1816 2372 soll.
1862 2310 1913 2370 Er
1931 2309 2003 2369 muß
2027 2309 2106 2369 seine
2129 2312 2282 2372 Pflichten

296 2358 455 2418 graphie,
484 2354 571 2414 nebst
599 2351 808 2411 verschiednen
842 2358 975 2418 Theilen
1008 2360 1057 2420 der
1086 2360 1272 2420 Weltweis=
1306 2363 1449 2423 kennen.
1494 2357 1598 2417 Diese
1621 2359 1698 2419 lehrt
1721 2360 1770 2420 ihn
1798 2360 1891 2420 nichts
1925 2357 1952 2417 so
1980 2357 2211 2417 vollkommen,
2239 2360 2283 2420 als

297 2411 383 2471 heit?
435 2402 515 2462 Wie
545 2399 654 2459 nöthig
683 2399 740 2459 und
776 2405 897 2465 nützlich
932 2407 1012 2467 einem
1059 2408 1266 2468 Kaufmanne
1308 2409 1365 2469 das
1388 2406 1532 2466 göttliche
1556 2404 1670 2464 Buch,
1694 2408 1745 2468 die
1763 2408 1919 2468 Schrift,
1943 2403 2069 2463 welches
2104 2405 2150 2465 die
2174 2408 2288 2468 Bewe¬

1306 2455 1538 2515 gungsgründe
1555 2449 1609 2509 aus
1638 2451 1681 2511 dem
1721 2455 1864 2515 Glauben
1898 2450 1953 2510 und
1981 2452 2030 2512 der
2048 2452 2196 2512 Erlösung
2224 2458 2290 2518 her=

1301 2503 1450 2563 nimmt,
1472 2500 1532 2560 und
1555 2498 1643 2558 ihnen
1682 2503 1748 2563 eine
1771 2503 1869 2563 Kraft
1892 2503 1996 2563 giebt,
2025 2503 2118 2563 gegen
2152 2506 2278 2566 welches

1309 2548 1405 2608 alles,
1428 2548 1496 2608 was
1525 2546 1689 2606 Menschen
1712 2548 1797 2608 sagen
1826 2550 1962 2610 können,
1991 2552 2217 2612 Schwachheit
2240 2557 2290 2617 ist.

1362 2641 1437 2701 Mit
1470 2641 1577 2701 solchen
1617 2643 1822 2703 Kenntnissen
1861 2643 2050 2703 bereichert,
2078 2647 2137 2707 und
2165 2646 2196 2706 sie
2229 2646 2288 2706 gut

1309 2688 1541 2748 angewendet,
1569 2686 1645 2746 wird
1673 2690 1753 2750 jeder
1775 2689 1802 2749 in
1830 2691 1911 2751 jedem
1949 2692 2166 2752 Verhaltnisse
2189 2691 2280 2751 seines

1304 2736 1420 2796 Lebens
1448 2733 1514 2793 eine
1537 2735 1782 2795 Zufriedenheit
1810 2736 1865 2796 und
1893 2741 2138 2801 Glückseligkeir
2155 2737 2293 2797 empfin¬

295 2790 472 2850 vorbringt
485 2787 539 2847 zum
583 2784 809 2844 verarbeiten,
834 2778 889 2838 von
920 2778 969 2838 den
1000 2787 1195 2847 Vorzügen,
1221 2786 1269 2846 die
1307 2786 1392 2846 den,
1417 2784 1465 2844 die
1484 2782 1545 2842 fern
1576 2783 1631 2843 von
1668 2787 1723 2847 dem
1760 2789 2005 2849 Unwissenden,
2036 2787 2097 2847 fern
2134 2784 2189 2844 von
2220 2786 2268 2846 dem

2209 2837 2291 2897 Ein=
