2479 3508
632 1207 739 1267 32tes
788 1210 951 1270 Stück.
1014 1210 1239 1270 Montag,
1271 1207 1340 1267 den
1388 1210 1465 1270 21.
1497 1210 1605 1270 May
1653 1213 1800 1273 1764.

457 1276 614 1336 Berlin
656 1279 713 1339 und
749 1279 941 1339 Leipzig.

188 1336 491 1396 Interredungen
530 1330 609 1390 über
643 1330 693 1390 die
722 1327 867 1387 geheime
901 1327 1193 1387 Wissenschaften:

191 1370 363 1430 eine
388 1374 551 1434 Schrift,
576 1373 625 1433 die
655 1372 703 1432 den
739 1372 896 1432 Dichtern
931 1372 1088 1432 vielleicht
1113 1369 1191 1429 eini¬

190 1472 248 1532 gen
280 1470 301 1530 in
333 1470 412 1530 8vo.
461 1470 566 1530 Nicht
588 1467 640 1527 auf
662 1467 714 1527 dem
752 1465 964 1525 Titelblatte,
991 1466 1117 1526 sondern
1150 1464 1176 1524 in

188 1517 235 1577 der
262 1515 406 1575 Vorrede
434 1515 513 1575 wird
546 1519 722 1579 gemeldet,
750 1518 808 1578 daß
841 1518 909 1578 dies
942 1515 1006 1575 eine
1033 1512 1187 1572 Ueberse¬

182 1572 269 1632 hung
297 1570 352 1630 von
386 1572 434 1632 des
462 1572 528 1632 Abt
551 1570 731 1630 Villars
770 1566 841 1626 oder
875 1566 1187 1626 Villerceaux:

187 1673 299 1733 eignes
326 1673 442 1733 System
491 1675 544 1735 von
576 1673 624 1733 den
662 1670 933 1730 elementarischen
960 1668 1108 1728 Geistern
1141 1665 1188 1725 er=

188 1727 291 1787 sparen
325 1727 428 1787 sollte.
473 1724 549 1784 Der
572 1724 664 1784 Graf
687 1723 741 1783 von
774 1721 922 1781 Gabalis
944 1721 982 1781 ist
1010 1721 1075 1781 eine
1103 1718 1185 1778 feine

193 1778 326 1838 Satyre
349 1778 403 1838 auf
432 1775 476 1835 die
504 1775 709 1835 theologische
738 1772 798 1832 und
827 1769 1077 1829 philosophische
1099 1769 1188 1829 Kab=

184 1824 284 1884 bala,
310 1824 360 1884 die
386 1822 437 1882 sich
473 1822 517 1882 die
543 1819 649 1879 Juden
691 1817 912 1877 erträumten,
944 1814 994 1874 die
1025 1816 1186 1876 Schwär¬

191 1873 255 1933 mer
285 1873 334 1933 der
354 1872 512 1932 mittleren
547 1866 675 1926 dunkeln
705 1863 803 1923 Zeiten
839 1861 902 1921 mit
922 1858 1095 1918 Sphinxen
1130 1860 1178 1920 der

192 1924 507 1984 Einbildungskraft
529 1912 756 1972 vermehrten,
788 1909 844 1969 und
871 1906 953 1966 deren
990 1906 1067 1966 Rest
1083 1906 1108 1966 in
1140 1906 1181 1966 die

196 1975 301 2035 Zeiten
329 1969 439 2029 unsers
467 1963 588 2023 Villars
611 1960 688 2020 fiel,
711 1957 765 2017 der
788 1954 810 2014 im
849 1954 976 2014 vorigen
1009 1954 1186 2014 Jahrhun¬

188 2021 263 2081 dert
280 2018 355 2078 lebte
389 2014 399 2074 —
459 2011 681 2071 Ohngeachtet
703 2005 795 2065 dieser
817 2002 968 2062 magische
991 2002 1185 2062 Enthusigs¬

187 2067 259 2127 mus
291 2065 342 2125 von
373 2063 580 2123 Grübeleyen
606 2059 632 2119 in
658 2058 767 2118 unsern
799 2052 850 2112 vor
871 2049 953 2109 Alter
980 2049 1083 2109 kiugen
1114 2048 1171 2108 und

180 2116 278 2176 kalten
311 2112 414 2172 Zeiten
449 2112 590 2172 beynahe
624 2106 886 2166 ausgegangen,
931 2100 991 2160 und
1024 2097 1182 2157 vielleicht

185 2163 255 2223 blos
278 2163 304 2223 in
332 2163 453 2223 einigen
486 2160 722 2220 Schwärmern
755 2154 815 2214 und
837 2151 974 2211 Adepten
1007 2148 1095 2208 übrig
1123 2145 1182 2205 ist:

185 2220 211 2280 so
239 2217 341 2277 macht
358 2214 423 2274 doch
451 2214 499 2274 der
527 2211 661 2271 lebhafte
684 2208 770 2268 Witz
787 2204 895 2264 unsers
917 2197 1063 2257 galanten
1096 2196 1177 2256 Dia=

185 2267 336 2327 logisten,
347 2264 428 2324 seine
450 2263 580 2323 Satyre
613 2257 667 2317 auf
700 2255 748 2315 die
776 2250 987 2310 Mittelwesen
1025 2243 1166 2303 zwischen

185 2363 249 2423 und
277 2361 330 2421 sein
358 2354 818 2414 Groteskischschauderhaftes
846 2349 997 2409 vielleicht
1025 2342 1068 2402 ein
1095 2339 1176 2399 Ver¬

185 2411 336 2471 gnügen.
396 2405 644 2465 Insonderheit
672 2399 747 2459 weiß
781 2399 883 2459 man,
905 2394 959 2454 daß
992 2393 1110 2453 Pope
1138 2390 1164 2450 in

179 2458 280 2518 seinem
318 2454 531 2514 Lockenraube
553 2449 605 2509 den
632 2446 728 2506 ersten
755 2446 877 2506 Begrif
899 2446 925 2506 zu
964 2442 1059 2502 seinen
1097 2437 1176 2497 Ma=

182 2503 429 2563 schinenartigen
470 2497 616 2557 Geistern
657 2494 885 2554 genommen;
931 2493 991 2553 und
1027 2490 1082 2550 daß
1123 2487 1173 2547 die

180 2550 299 2610 neuern
326 2548 461 2608 Dichter
489 2545 537 2605 bis
570 2547 623 2607 auf
651 2542 700 2602 die
733 2545 927 2605 schlechtesten
965 2537 1170 2597 Nachahmer

183 2599 232 2659 der
261 2596 421 2656 komischen
455 2593 576 2653 Epopee
599 2591 637 2651 sie
654 2590 704 2650 oft
722 2591 799 2651 gnug
827 2593 882 2653 gut
905 2591 959 2651 und
988 2586 1109 2646 schlecht
1126 2584 1170 2644 ge=

170 2648 303 2708 braucht
326 2642 443 2702 haben.
494 2641 572 2701 Wir
595 2641 734 2701 erzählen
763 2641 823 2701 also
847 2640 947 2700 etwas
970 2637 1025 2697 von
1054 2635 1171 2695 ihnen.

178 2696 275 2756 Unser
298 2694 444 2754 geheime
467 2687 739 2747 Zeitungsträger
767 2686 827 2746 aus
860 2689 914 2749 den
947 2684 1159 2744 verborgenen

180 2743 435 2803 Wissenschaften
469 2736 552 2796 ward
575 2736 663 2796 durch
698 2736 780 2796 seine
809 2739 975 2799 glückliche
998 2730 1170 2790 Nativität

170 2796 231 2856 mit
254 2796 377 2856 einigen
411 2787 534 2847 Weisen
573 2787 735 2847 bekannt,
764 2786 813 2846 die
848 2787 892 2847 als
926 2786 1077 2846 Gebieter
1111 2781 1161 2841 der

166 2844 311 2904 Natur,
337 2847 381 2907 die
407 2841 571 2901 Elemente
591 2838 787 2898 umkehren,
820 2839 870 2899 sich
909 2841 965 2901 mit
991 2838 1041 2898 den
1080 2837 1175 2897 höch=

1219 1283 1279 1343 sten
1318 1283 1555 1343 Intelligenzen
1594 1282 1832 1342 unterhalten,
1871 1284 2020 1344 Geistern
2059 1285 2219 1345 besehlen,

1221 1327 1336 1387 Riesen
1362 1325 1502 1385 zeugen,
1528 1327 1608 1387 neue
1628 1325 1749 1385 Weiten
1780 1327 1930 1387 schaffen,
1956 1329 2021 1389 mit
2042 1330 2132 1390 Gott
2157 1333 2217 1393 auf

1222 1371 1317 1431 seinem
1366 1369 1563 1429 furchtbaren
1602 1371 1736 1431 Throne
1760 1375 1879 1435 reden,
1914 1372 1971 1432 und
2005 1376 2216 1436 ohngeachtet

198 1422 363 1482 germaßen
395 1422 517 1482 nützlich
549 1419 610 1479 seyn
635 1419 740 1479 kann;
765 1418 820 1478 bey
851 1416 1029 1476 Birnstiel,
1048 1415 1084 1475 11
1110 1413 1183 1473 Bo=
1221 1414 1276 1474 des
1302 1416 1448 1476 Cherubs
1474 1416 1535 1476 mit
1554 1416 1602 1476 dem
1640 1417 1751 1477 bloßen
1776 1419 1948 1479 Schwerdt
1973 1420 2040 1480 nach
2060 1426 2206 1486 Gefallen

1221 1461 1246 1521 in
1272 1464 1323 1524 den
1360 1464 1458 1524 Alleen
1489 1465 1540 1525 des
1567 1467 1762 1527 Paradieses
1789 1467 1949 1527 spatzieren
1980 1470 2119 1530 können.
2146 1473 2217 1533 In¬

1218 1515 1402 1575 sonderheit
1424 1518 1598 1578 unterhielt
1626 1515 1656 1575 er
1684 1517 1741 1577 mit
1763 1518 1847 1578 einem
1885 1518 2038 1578 deutschen
2070 1522 2217 1582 Grafen,

1218 1564 1268 1624 der
1291 1566 1371 1626 seine
1394 1566 1502 1626 50000
1531 1565 1570 1625 fl.
1588 1566 1781 1626 Einkünfte,
1799 1566 1895 1626 gegen
1924 1569 1970 1629 die
1987 1569 2038 1629 H.
2055 1569 2209 1629 Kabbala

188 1621 314 1681 Comte
338 1619 372 1679 de
402 1622 540 1682 Gabalis
569 1622 638 1682 sey,
667 1622 719 1682 die
748 1619 857 1679 unserm
904 1616 1094 1676 Uebersetzer
1129 1613 1169 1673 ein
1216 1616 1412 1676 verachtete,
1424 1616 1510 1676 einen
1539 1617 1648 1677 langen
1678 1613 1926 1673 Briefwechsel:
1955 1619 2035 1679 über
2065 1619 2110 1679 des
2140 1620 2209 1680 Py¬

1220 1667 1376 1727 thagoras
1411 1670 1526 1730 Zahlen
1568 1669 1625 1729 und
1655 1667 1950 1727 Weltharmonie,
1986 1670 2037 1730 den
2073 1673 2205 1733 Anfang

1218 1716 1274 1776 und
1303 1719 1359 1779 das
1388 1721 1478 1781 Ende
1496 1721 1547 1781 der
1570 1721 1615 1781 H.
1638 1721 1791 1781 Schrift:
1820 1719 1916 1779 worin
1946 1719 1973 1779 er
1997 1718 2024 1778 so
2054 1721 2121 1781 viel
2139 1721 2206 1781 Ge¬

1219 1767 1268 1827 nie
1291 1769 1435 1829 bewies,
1464 1771 1518 1831 daß
1541 1769 1597 1829 sein
1625 1772 1908 1832 Correspondent,
1937 1772 1986 1832 der
2009 1772 2108 1832 große
2137 1772 2213 1832 Ga¬

1217 1817 1330 1877 balis
1358 1817 1406 1877 ihn
1434 1817 1509 1877 einst
1532 1819 1781 1879 unvermuthet,
1797 1819 1846 1879 als
1868 1821 1911 1881 ein
1933 1821 2112 1881 Gespenst,
2123 1822 2209 1882 über¬

1218 1861 1334 1921 schlich,
1356 1864 1413 1924 und
1440 1864 1509 1924 noch
1536 1865 1626 1925 mehr
1648 1867 1705 1927 mit
1728 1864 1822 1924 seinem
1865 1867 2003 1927 Vorsatz
2020 1870 2210 1930 erschreckte,

1217 1906 1265 1966 ihn
1304 1906 1390 1966 durch
1429 1908 1471 1968 die
1499 1912 1716 1972 Erleuchtung
1754 1913 1803 1973 der
1836 1915 1982 1975 Kabbala
2015 1918 2069 1978 zur
2102 1918 2199 1978 neuen

1219 1955 1353 2015 Creatur
1381 1954 1413 2014 zu
1446 1955 1602 2015 gebären.
1651 1960 1818 2020 Diesmal
1840 1960 1969 2020 verläßt
1992 1963 2023 2023 er
2056 1963 2104 2023 ihn
2143 1966 2207 2026 mit

1219 2002 1267 2062 der
1294 1999 1575 2059 Abschiedsregel:
1602 2002 1748 2062 wachet,
1770 2005 1883 2065 betet,
1905 2007 1980 2067 hoft
1997 2008 2056 2068 und
2083 2011 2207 2071 schwei¬

1211 2049 1284 2109 get;
1317 2048 1374 2108 und
1401 2046 1432 2106 an
1460 2046 1512 2106 dem
1560 2046 1723 2106 folgenden
1750 2049 1839 2109 Tage
1872 2049 2003 2109 entdeckt
2031 2053 2062 2113 er
2089 2056 2114 2116 in
2152 2058 2199 2118 der

1217 2096 1416 2156 Einsamkeit
1444 2093 1524 2153 eines
1557 2097 1783 2157 Irrgartens,
1811 2096 1880 2156 nach
1919 2100 2015 2160 vielen
2048 2103 2204 2163 Zuberei¬

1213 2145 1326 2205 tungen
1363 2140 1586 2200 Geheimnisse
1612 2145 1659 2205 der
1690 2148 1937 2208 Geheimnisse,
1974 2151 2070 2211 davon
2113 2154 2197 2214 unser

1210 2193 1447 2253 ungeweiheter
1476 2193 1586 2253 Mund
1621 2196 1725 2256 einige
1749 2196 1864 2256 Worte
1894 2203 2108 2263 nachzulallen
2137 2205 2200 2265 wa¬

1200 2244 1273 2304 get.
1317 2239 1391 2299 Alle
1410 2243 1577 2303 Elemente
1603 2246 1658 2306 sind
1683 2249 1751 2309 voll
1771 2249 1919 2309 Geister,
1932 2252 2018 2312 deren
2050 2255 2198 2315 Umganz

188 2315 315 2375 Engeln
350 2312 408 2372 und
435 2309 639 2369 Menschen,
657 2303 707 2363 die
733 2301 885 2361 vielleicht
912 2297 988 2357 noch
1015 2294 1073 2354 jetzo
1100 2291 1175 2351 trift
1210 2291 1303 2351 Adam
1346 2288 1397 2348 vor
1415 2288 1465 2348 der
1483 2295 1610 2355 Sünde
1628 2300 1720 2360 genoß
1755 2302 1815 2362 und
1833 2300 1908 2360 jeder
1926 2300 2036 2360 Weise
2054 2304 2206 2364 genießet.

1210 2339 1301 2399 dessen
1331 2339 1434 2399 Augen
1475 2343 1533 2403 mit
1563 2345 1614 2405 der
1643 2351 1856 2411 hochheiligen
1887 2351 2030 2411 Medicin
2066 2354 2203 2414 gestärkt

1204 2390 1282 2450 sind.
1334 2387 1402 2447 Die
1426 2393 1607 2453 Nymphen
1636 2399 1658 2459 im
1698 2399 1851 2459 Wasser,
1875 2399 1925 2459 die
1948 2399 2096 2459 Gnomen
2136 2405 2192 2465 und

1203 2437 1392 2497 Gnomiden
1426 2439 1452 2499 in
1480 2441 1528 2501 der
1556 2445 1664 2505 Erde,
1692 2448 1718 2508 im
1757 2448 1854 2508 Feuer
1888 2446 1931 2506 die
1953 2452 2202 2512 Salamander,

1204 2485 1266 2545 und
1299 2485 1323 2545 in
1355 2488 1412 2548 der
1438 2490 1513 2550 Luft
1539 2496 1588 2556 die
1615 2497 1771 2557 Sylphen
1811 2496 1873 2556 und
1905 2497 2094 2557 Sylphiden
2132 2500 2194 2560 sind

1203 2536 1410 2596 vernünftige
1435 2541 1589 2601 Geister,
1619 2547 1672 2607 aus
1703 2548 1749 2608 den
1786 2545 1910 2605 feinsten
1941 2547 2071 2607 Theilen
2107 2548 2195 2608 ihres

1201 2584 1375 2644 Elements
1406 2591 1586 2651 zusammen
1624 2598 1756 2658 gesetzt,
1787 2596 1834 2656 die
1865 2593 1950 2653 zwar
1980 2593 2065 2653 Gott
2095 2599 2203 2659 sehen,

1201 2635 1352 2695 erkennen
1401 2637 1461 2697 und
1504 2643 1671 2703 anbeten,
1716 2642 1791 2702 aber
1824 2641 1893 2701 doch
1932 2644 2056 2704 einmal
2084 2644 2105 2704 in
2143 2643 2191 2703 ihr

1198 2682 1317 2742 Nichts
1343 2688 1564 2748 zurückkehren
1596 2691 1740 2751 müssen,
1773 2688 1860 2748 wenn
1893 2690 1980 2750 nicht
2000 2691 2050 2751 die
2070 2691 2195 2751 Barm=

1203 2733 1377 2793 herzigkeit
1397 2736 1517 2796 Gottes
1541 2741 1589 2801 die
1609 2737 1838 2797 Vermischung
1869 2738 1929 2798 mit
1947 2739 2116 2799 Menschen
2147 2736 2189 2796 als

1205 2781 1246 2841 ein
1288 2787 1411 2847 Mittel
1447 2790 1547 2850 wider
1584 2789 1654 2849 ihre
1690 2784 1949 2844 Vernichtigung
1997 2787 2197 2847 angeordnet

1200 2835 1304 2895 hätte.
1379 2839 1452 2899 Die
1484 2841 1613 2901 Weisen
1651 2840 1700 2900 der
1732 2838 1886 2898 Kabbala
1917 2835 2059 2895 entfagen
2097 2833 2195 2893 daher

2092 2888 2197 2948 gerne
