2034 2755
419 996 1510 1072 4tes Stück. Montag, den 13. Februar. 1764.
371 1068 638 1140 Amsterdam.
110 1103 936 1194 De la Nature par Robinet. Tome Second. 1763.
79 1163 932 1229 groß Octav. Seiten 443. Jn dem ersten Band=
75 1185 937 1268 dieses Werkes sind schon 1761. vier Theile herausgekom=
76 1234 937 1297 men, auf welche jetzt der fünfte folgt, der den zweyten
76 1269 942 1344 Band ausmacht, und zu einer Erläuterung des dritten
75 1310 933 1378 Hauptstücks im ersten Theile dienen soll, worinnen ein
82 1345 934 1413 Gleichgewicht des Guten und Bösen in der Natur erhär=
82 1382 944 1450 ter wurde. Der Innhalt des gegenwärtigen aber han=
69 1408 941 1485 delt von dem Urheber der Natur und seinen Eigenschaf=
75 1452 932 1525 ten. Wir können den Geist unsers Schriftstellers nicht
75 1482 940 1571 kürzer und aufrichtiger als mit seiner eigenen Schlußfolge
76 1529 928 1602 mittheilen. Quelque chose a été faite; donc quel
76 1567 938 1637 que autre chose n’ a pas été faite; donc celle-ci
75 1602 940 1678 a fait l'autre. C' est à quoi on devroit reduire
78 1636 940 1715 la Theologie naturelle. "Etwas ist gemacht; folg=
98 1681 930 1757 lich ist ein Etwas, das nicht gemacht ist; folglich
90 1718 728 1787 "hat dies Etwas jenes Etwas gemacht.
806 1742 934 1795 Auf ein
75 1758 941 1836 quesque chose beruht der ganze Nachdruck dieser
78 1801 945 1878 neuen Gottesgelahrtheit, und die Erklärung des
76 1846 937 1919 Schöpfers auf ein Etwas, das ohne selbst gemacht
83 1869 936 1952 zu seyn Etwas gemacht hat. In diesem erhabenen
79 1914 933 1988 Begrif eines Etwas findt Herr Robinet theils Bewe=
83 1949 937 2014 gungsgründe der tiefsten Anbetung, theils den verdienst=
79 1991 938 2066 lichen Beruf zu einer sehr metaphysischen Bilderstürme=
78 2021 930 2088 rey; weil nemlich alle Eigenschaften, die man Gott
84 2058 938 2138 zueignet, durch eine ungeschickte Analogie veranlaßt
75 2094 937 2173 werden, und entweder auf sinnliche Erscheinungen, oder
76 2139 938 2207 willkührliche Abstractionen, bie sich selbst aufheben, end¬
76 2169 933 2254 lich hinauslaufen. Hierinnen besteht der gefährliche und
76 2199 941 2282 dem Menschen angeborne Anthropomorphismus, durch
80 2234 930 2323 den bloße Verneinungen körperlicher Eigenschaften zum
83 2270 938 2357 Character der Gottheit erdichtet, und sittliche Tugenden,
76 2315 930 2406 die doch auf die Bedürfniße der menschlichen Natur und
975 1064 1824 1137 Gesellschaft eingeschränkt, und dem höchsten Wesen eben
976 1126 1825 1178 so unanständig als unsere Gliedmaßen sind, in ein ko¬
971 1161 1826 1209 loßisches Verhältniß gebracht und vergöttert worden.
976 1201 1826 1246 Zu einem Schauspiel und Schlachtfelde dieser geistlichen
968 1231 1824 1276 Abgötterey ist diese Fortsetzung des Herrn Robinet be¬
968 1270 1824 1319 stimmt, der ja schon im 15ten Jahr seines Alters ein
968 1308 1824 1360 philosophischer Fixstern erster Größe war, jetzt aber die
975 1341 1825 1391 Krücken eines Locke und Roußeau zu seinen Stelzen und
968 1384 1824 1431 Waffen macht. — Fast eben so unvermuthet, als die Welt=
968 1424 1817 1466 Weisheit aus einer allgemeinen Wißenschaft des Mög¬
966 1462 1829 1501 lichen zu einer allgemeinen Unwißenheit des Würcklichen
966 1499 1821 1537 auszuarten anfängt, fast eben so unvermuthet werden
968 1530 1814 1569 die Leser aus einem Irrgarten spitzfindiger Untersuchun
966 1565 1821 1616 gen des Unendlichen in das Zimmer des Autors versetzt,
968 1601 1820 1642 und haben daselbst die Ehre dem Besuch eines Metaphy=
966 1639 1822 1684 sikers beyzuwohnen. — Auf einem so dornichten, aber auch
960 1674 1820 1718 mit Blumen bestreuten Umwege vieler unnüͤtzen Fragen
968 1714 1817 1757 und Antworten, fährt der Verfaßer, unter abwechselndem
966 1752 1829 1790 Glücke, fort sich selbst zu überzeugen, daß es eine Läste¬
960 1787 1816 1833 rung und Wiederspruch, wenigstens eine Thorheit und
966 1824 1821 1871 Vorurtheil sey, von Gott zu sagen: daß er denke, hande=
960 1863 1817 1909 le, weise, gütig und heilig sey. Weil dieser philosophische
966 1901 1814 1945 Bann nun die ganze menschliche Sprache unheilig macht,
963 1934 1820 1977 und man gänzlich verzweifeln muß ein unentweyhtes
960 1975 1817 2017 Beywort darinn zu finden, das dem Namen Gottes mit
963 2011 1814 2060 gutem Gewißen zur Seiten stehen kann: so blieb nichts
963 2044 1818 2090 als das emphatische und eben so unschuldige Grundwort
960 2085 1825 2131 Etwas übrig, worinnen nach dem standhaften Bekennt¬
960 2123 1817 2164 niß des Herrn Robinets die ganze Fülle der Gottheit,
960 2161 1816 2202 wie in einer tauben Nußschaale, verborgen liegt. Daß
960 2188 1816 2237 in den Neun und Achtzig Hauptstücken dieses Theils
963 2230 1814 2278 nichts nachtheiliges gegen das Ansehen der heiligen Schrift
960 2267 1816 2316 enthalten sey, wird noch in einem kleinen Anhange
966 2301 1821 2349 von zehn Absätzen worunter ein seltsames Gemälde vom
968 2346 1824 2396 Gott der Juden, oben ein bewiesen. Die Bescheidenheit
