2479 3508
610 1226 735 1286 34tes
774 1225 948 1285 Stück.
1007 1225 1228 1285 Montag,
1268 1225 1325 1285 den
1375 1225 1461 1285 28.
1491 1226 1596 1286 May
1646 1229 1790 1289 1764.

530 1295 848 1355 Königsberg.

203 1351 525 1411 Wohlgeordnete
545 1345 949 1405 Naturalienbehältnisse
975 1342 1089 1402 führen
1121 1344 1196 1404 Nu=

178 1443 345 1503 Schmuck
366 1440 418 1500 der
439 1440 585 1500 Städte,
613 1440 638 1500 in
670 1440 795 1500 welchen
827 1437 863 1497 sie
884 1437 1078 1497 angetroffen
1109 1434 1187 1494 wer¬

171 1494 251 1554 den.
305 1488 374 1548 Sie
402 1488 492 1548 leiten
530 1491 583 1551 den
616 1488 782 1548 Menschen
820 1486 910 1546 durch
948 1485 996 1545 die
1024 1485 1183 1545 Betrach¬

180 1546 259 1606 tung
288 1540 333 1600 der
356 1539 538 1599 Geschöpfe
556 1543 607 1603 zum
653 1539 761 1599 großen
796 1537 1007 1597 Baumeister
1036 1536 1087 1596 der
1110 1536 1183 1596 Na¬

175 1598 252 1658 tur,
283 1596 343 1656 und
367 1593 492 1653 fordern
523 1593 570 1653 ihn
601 1595 685 1655 auf,
703 1590 792 1650 dessen
823 1590 1008 1650 Weisheit,
1027 1587 1182 1647 Allmacht

180 1648 243 1708 und
267 1647 361 1707 Güte
391 1646 419 1706 zu
455 1646 630 1706 verehren.
684 1643 788 1703 Wenn
824 1642 870 1702 die
895 1640 1180 1700 Naturgeschichte

178 1698 365 1758 überhaupt
395 1699 447 1759 den
489 1697 707 1757 gedeilichsten
742 1691 877 1751 Einfluß
925 1691 977 1751 zum
1025 1691 1188 1751 Vortheil

187 1751 258 1811 aller
289 1748 574 1808 Wissenschaften,
599 1743 738 1803 Künste,
764 1742 945 1802 Gewerbe,
970 1739 1188 1799 Wirthschaft

186 1797 245 1857 und
276 1797 452 1857 Handlung
478 1790 684 1850 ausbreitet;
715 1789 744 1849 so
775 1790 815 1850 ist
840 1788 951 1848 solcher
982 1787 1082 1847 gewiß
1117 1790 1172 1850 von

178 1846 230 1906 dem
272 1840 494 1900 vernünftigen
530 1834 699 1894 Gebrauch
729 1829 816 1889 einer
846 1831 974 1891 nützlich
1010 1831 1185 1891 eingerich¬

176 1895 255 1955 teten
298 1887 649 1947 Naturalienkammer
688 1878 719 1938 zu
757 1874 937 1934 erwarten.
1001 1876 1171 1936 Niemand

186 1945 260 2005 wird
284 1941 405 2001 leichter
429 1933 487 1993 und
510 1927 713 1987 gründlicher
737 1924 759 1984 zu
789 1921 910 1981 einiger
934 1921 1026 1981 Höhe
1050 1922 1096 1982 der
1120 1921 1182 1981 Er¬

182 1992 334 2052 känntniß
362 1984 383 2044 in
416 1980 465 2040 der
482 1973 764 2033 Naturgeschichte
787 1969 955 2029 gelangen,
977 1969 1026 2029 als
1049 1969 1097 2029 der
1119 1968 1184 2028 Ge¬

174 2038 341 2098 legenheit
359 2028 430 2088 hat,
454 2025 520 2085 eine
544 2023 597 2083 von
627 2023 681 2083 dem
723 2020 883 2080 Geräusch
908 2017 961 2077 der
985 2017 1098 2077 Stadt
1116 2017 1181 2077 ent=

177 2085 284 2145 fernte
319 2077 381 2137 und
415 2074 477 2134 mit
512 2073 596 2133 einem
642 2069 754 2129 großen
795 2066 936 2126 Vorrath
976 2064 1026 2124 der
1055 2065 1168 2125 Werke

181 2130 304 2190 Gottes
342 2124 538 2184 angefüllete
575 2118 954 2178 Naturalienkammer,
996 2115 1089 2175 unter
1121 2112 1172 2172 der

180 2180 376 2240 Anweisung
406 2175 486 2235 eines
516 2173 607 2233 dieser
631 2171 746 2231 Dinge
770 2169 920 2229 kundigen
956 2166 984 2226 zu
1008 2163 1152 2223 besuchen

178 2234 229 2294 der
253 2231 305 2291 ihn
335 2229 381 2289 bey
405 2226 608 2286 Vorzeigung
638 2223 689 2283 der
707 2220 829 2280 Körper
853 2218 917 2278 mit
929 2213 1086 2273 nützlichen
1115 2211 1178 2271 Ge¬

183 2284 318 2344 sprächen
347 2276 541 2336 unterhält,
564 2273 620 2333 und
655 2270 700 2330 ihm
752 2267 802 2327 den
832 2263 1087 2323 Zeugungsort,
1117 2260 1178 2320 Ur¬

174 2336 319 2396 sprung,
356 2321 712 2381 Zusammensetzung,
748 2316 1022 2376 unterscheidende
1058 2309 1162 2369 Merk

179 2383 286 2443 male,
309 2381 433 2441 Nutzen
466 2372 526 2432 und
559 2366 732 2426 Gebrauch
770 2366 846 2426 aller
879 2360 1095 2420 Naturwerke
1123 2356 1171 2416 be¬

171 2432 272 2492 kannt
294 2426 432 2486 machet.
481 2420 549 2480 Die
572 2414 865 2474 vortheilhaftesten
887 2408 1164 2468 Beschreibungen

179 2476 374 2536 natürlicher
407 2467 521 2527 Dinge
549 2463 662 2523 wirken
701 2464 842 2524 niemals
875 2461 918 2521 ein
951 2460 978 2520 so
1011 2455 1168 2515 lebhaftes

174 2524 233 2584 und
261 2521 484 2581 zuverläßiges
512 2510 713 2570 Erkänntniß
747 2509 795 2569 als
828 2511 882 2571 der
905 2508 1030 2568 Anblick
1063 2503 1177 2563 dersel¬

173 2572 228 2632 ben
259 2571 315 2631 und
346 2569 386 2629 ein
417 2565 518 2625 damit
539 2560 747 2620 verknüpfter
768 2560 966 2620 Unterricht.
992 2555 1068 2615 Das
1094 2551 1174 2611 Ver¬

173 2622 326 2682 gnügen,
356 2617 383 2677 so
407 2614 470 2674 aus
493 2611 544 2671 dem
590 2606 819 2666 vernünftigen
848 2608 1025 2668 Anschauen
1060 2600 1168 2660 solcher

174 2666 402 2726 Naturschätze
425 2656 610 2716 erwächset,
632 2655 714 2715 wird
741 2655 795 2715 von
823 2658 926 2718 allen,
949 2655 992 2715 die
1015 2651 1063 2711 sich
1091 2649 1172 2709 nicht

173 2722 267 2782 selbst
293 2715 343 2775 der
369 2706 590 2766 menschlichen
623 2703 781 2763 Vorzüge
814 2706 990 2766 unwürdig
1029 2699 1149 2759 machen

174 2769 371 2829 zugegeben.
421 2757 470 2817 Es
496 2752 637 2812 erweisen
662 2751 773 2811 solches
805 2754 847 2814 die
873 2756 1020 2816 Haupter
1046 2748 1094 2808 der
1114 2748 1169 2808 Er¬

177 2822 260 2882 den,
286 2815 395 2875 welche
415 2808 466 2868 bey
492 2806 543 2866 dem
583 2802 750 2862 Ueberfluß
777 2805 905 2865 anderer
931 2799 1150 2859 Ergötzungen

175 2872 312 2932 dennoch
340 2867 381 2927 ein
409 2858 629 2918 unschuldiges
651 2853 843 2913 Vergnügen
879 2858 905 2918 in
941 2855 1036 2915 denen
1065 2849 1167 2909 prach=

1224 1300 1304 1360 tigen
1334 1297 1652 1357 Naturbehältnissen
1681 1300 1854 1360 antreffen.
1913 1300 1982 1360 Die
2006 1306 2208 1366 Einwohner

1226 1342 1402 1402 Preußens
1433 1342 1555 1402 werden
1590 1342 1619 1402 es
1654 1345 1751 1405 daher
1777 1345 1929 1405 jederzeit
1954 1348 2017 1408 mit
2042 1351 2140 1411 Dank
2170 1354 2213 1414 er¬

202 1391 373 1451 tzen
415 1393 473 1453 und
509 1396 703 1456 Vergnügen
745 1393 797 1453 bey
833 1390 909 1450 sich,
939 1390 998 1450 und
1028 1390 1092 1450 sind
1128 1389 1169 1449 ein
1223 1387 1370 1447 kennen,
1394 1387 1452 1447 daß
1477 1389 1517 1449 ein
1548 1390 1889 1450 verehrenswürdiges
1919 1396 2072 1456 Mitglied
2096 1401 2207 1461 unsers

1223 1432 1382 1492 gemeinen
1410 1434 1542 1494 Wesens
1571 1436 1593 1496 in
1627 1436 1720 1496 seinem
1765 1440 1819 1500 zur
1842 1440 1952 1500 Zierde
1975 1446 2201 1506 Königsbergs

1224 1482 1451 1542 beytragenden
1472 1482 1646 1542 Lustgarten
1678 1485 1741 1545 eine
1762 1485 1788 1545 so
1805 1488 2005 1548 vorzügliche
2026 1496 2210 1556 Natura¬

1214 1533 1319 1593 lien-
1336 1533 1393 1593 und
1420 1533 1738 1593 Kunstkammer
1760 1536 1812 1596 zum
1850 1539 2056 1599 allgemeinen
2078 1545 2199 1605 Nutzen

1223 1584 1279 1644 und
1308 1584 1500 1644 Vergnügen
1535 1585 1591 1645 und
1626 1585 1682 1645 zur
1705 1587 1931 1647 Beförderung
1972 1590 2022 1650 der
2045 1596 2214 1656 Naturge¬

1215 1634 1339 1694 schichte
1364 1634 1500 1694 gestiftet
1530 1635 1606 1695 hat,
1643 1634 1672 1694 in
1708 1636 1838 1696 welcher
1863 1636 1933 1696 man
1969 1642 2076 1702 nächst
2100 1644 2194 1704 vielen

1219 1688 1332 1748 andern
1360 1688 1490 1748 seltenen
1518 1685 1577 1745 und
1605 1686 1810 1746 sonderbaren
1839 1691 1990 1751 Dingen,
2018 1691 2061 1751 die
2089 1695 2213 1755 mehre¬

1218 1739 1278 1799 sten
1306 1739 1515 1799 Materialien
1544 1739 1681 1799 antrift,
1704 1736 1753 1796 die
1770 1738 1825 1798 von
1853 1742 2046 1802 Kaufleuten
2075 1748 2212 1808 verhan¬

1223 1787 1305 1847 delt,
1328 1786 1383 1846 von
1417 1787 1616 1847 Künstlern,
1639 1787 1876 1847 Handwerkern
1911 1793 1965 1853 und
1994 1797 2204 1857 Fabrikanten

1221 1831 1428 1891 verarbeitet,
1453 1831 1507 1891 von
1537 1831 1586 1891 den
1616 1833 1813 1893 Apothekern
1839 1837 1893 1897 zur
1913 1837 2056 1897 Arzeney
2081 1844 2213 1904 gebrau¬

1217 1876 1298 1936 chet,
1331 1876 1407 1936 oder
1435 1876 1489 1936 zur
1517 1880 1707 1940 Färberey,
1740 1885 1919 1945 Mahlerey
1958 1887 2017 1947 und
2045 1891 2120 1951 allen
2159 1895 2213 1955 an¬

1213 1921 1282 1981 dern
1312 1921 1450 1981 Künsten
1481 1921 1540 1981 und
1565 1926 1748 1986 Gewerben
1773 1929 1917 1989 genutzet
1937 1934 2080 1994 werden.
2115 1941 2203 2001 Man

1219 1969 1311 2029 siehet
1327 1969 1353 2029 in
1379 1969 1534 2029 derselben
1561 1969 1638 2029 viele
1659 1975 1804 2035 Tausend
1836 1975 1892 2035 aus
1918 1980 1970 2040 dem
2017 1986 2213 2046 weitläufti¬

1210 2018 1266 2078 gen
1301 2017 1391 2077 Reich
1420 2016 1471 2076 der
1494 2017 1607 2077 Natur
1630 2020 1829 2080 gesammlete
1852 2023 1994 2083 Stücke,
2011 2028 2067 2088 vom
2108 2031 2209 2091 Men¬

1215 2064 1324 2124 schen,
1353 2061 1408 2121 von
1447 2061 1575 2121 allerley
1614 2063 1819 2123 vierfüßigen
1859 2069 2024 2129 Thieren,
2058 2079 2208 2139 Vögeln,

1210 2110 1366 2170 Fischen,
1390 2108 1571 2168 Jnsecten,
1596 2110 1807 2170 Schnecken,
1833 2117 2032 2177 Muscheln,
2057 2127 2207 2187 Häuten,

1212 2160 1355 2220 Ledern,
1374 2157 1547 2217 Knochen,
1572 2160 1709 2220 Wolle,
1728 2163 1890 2223 Haaren,
1914 2169 2046 2229 Eyern,
2065 2178 2202 2238 Federn,

1213 2208 1346 2268 Seide,
1375 2206 1558 2266 Hörnern,
1586 2212 1881 2272 Baumfrüchten,
1914 2223 2098 2283 Saamen,
2127 2229 2215 2289 Höl¬

1208 2258 1298 2318 zern,
1322 2255 1474 2315 Rinden,
1497 2261 1672 2321 Wurzeln,
1695 2264 1881 2324 Kräutern,
1905 2273 2057 2333 Harzen,
2080 2274 2204 2334 Sand¬

1210 2306 1290 2366 Erd=
1324 2303 1383 2363 und
1421 2309 1648 2369 Thonarten,
1687 2318 1887 2378 Edelsteinen
1937 2322 1996 2382 und
2034 2327 2196 2387 gemeinen

1211 2354 1384 2414 Steinen,
1413 2360 1574 2420 Salzen,
1604 2366 1800 2426 Schwefel,
1829 2369 2037 2429 Pecharten,
2067 2376 2204 2436 Erzten,

1208 2402 1434 2462 Bergstuffen,
1462 2408 1527 2468 halb
1556 2411 1616 2471 und
1639 2415 1755 2475 ganzen
1788 2417 1965 2477 Metallen,
1988 2423 2103 2483 sammt
2121 2426 2203 2486 dem,

1202 2452 1275 2512 was
1308 2451 1365 2511 von
1403 2455 1497 2515 diesem
1546 2461 1619 2521 allen
1656 2463 1746 2523 durch
1778 2467 1825 2527 die
1852 2467 1957 2527 Kunst
1995 2472 2200 2532 verarbeitet,

1206 2500 1277 2560 oder
1300 2500 1382 2560 sonst
1399 2503 1487 2563 durch
1510 2514 1792 2574 Menschenhaͤnde
1815 2515 1842 2575 in
1871 2515 1937 2575 eine
1960 2518 2053 2578 andre
2076 2520 2197 2580 Gestalt

1205 2552 1360 2612 gebracht
1390 2557 1545 2617 worden.

1601 2563 1697 2623 Die,
1726 2565 1754 2625 so
1783 2563 1834 2623 sich
1863 2563 1926 2623 mit
1949 2566 2006 2626 der
2029 2572 2199 2632 Naturge¬

1209 2599 1330 2659 schichte
1353 2603 1399 2663 als
1423 2607 1474 2667 der
1498 2611 1728 2671 anmuthigsten
1758 2611 1977 2671 Wissenschaft
2001 2615 2029 2675 zu
2065 2620 2202 2680 beschaf=

1205 2649 1285 2709 tigen
1318 2653 1507 2713 wünschen,
1529 2661 1631 2721 finden
1664 2658 1729 2718 hier
1757 2658 1799 2718 ein
1838 2661 2086 2721 ausgebreitetes
2108 2667 2199 2727 Feld,

1198 2697 1269 2757 ihre
1292 2701 1526 2761 Wißbegierde
1549 2709 1576 2769 zu
1604 2706 1826 2766 befriedigen,
1855 2709 1916 2769 und
1944 2712 2010 2772 was
2045 2712 2083 2772 sie
2111 2715 2194 2775 nicht

1198 2748 1315 2808 anders
1343 2749 1390 2809 als
1423 2754 1477 2814 auf
1504 2757 1665 2817 kostbaren
1703 2754 1761 2814 und
1795 2756 2047 2816 beschwerlichen
2080 2760 2187 2820 Reisen

1203 2799 1307 2859 hätten
1341 2802 1363 2862 in
1403 2805 1614 2865 Augenschein
1648 2802 1775 2862 nehmen
1815 2805 1958 2865 können,
1987 2805 2064 2865 wird
2093 2808 2186 2868 ihnen

1195 2849 1292 2909 durch
1320 2853 1396 2913 diese
1417 2855 1659 2915 ruhmwurdige
1688 2852 1937 2912 Veranstaltung
1966 2855 2014 2915 zur
2035 2855 2194 2915 ergötzen¬

2123 2909 2183 2969 den
