2479 3508
1252 1196 1318 1256 den
1364 1198 1407 1258 1.
1446 1197 1609 1257 Junius
1648 1196 1796 1256 1764.

606 1197 715 1257 35tes
763 1199 928 1259 Stück.
1009 1199 1221 1259 Freytag,

570 1268 796 1328 Fortsetzung.

183 1327 320 1387 Die
339 1321 410 1381 groß
448 1317 513 1377 auch
550 1318 597 1378 die
622 1318 748 1378 Menge
779 1318 832 1378 von
863 1315 1007 1375 Körpern
1044 1318 1103 1378 ist,
1128 1317 1175 1377 die

181 1363 408 1423 dieser
434 1363 779 1423 Naturalienvorrath
810 1360 840 1420 in
876 1363 921 1423 sich
957 1360 1119 1420 schließet,
1145 1360 1175 1420 so

181 1413 294 1473 müßte
314 1410 378 1470 doch
408 1409 457 1469 der
482 1407 531 1467 den
561 1407 669 1467 weiten
699 1407 842 1467 Umfang
877 1407 926 1467 der
951 1407 1064 1467 Natur
1094 1404 1177 1464 nicht

189 1461 334 1521 kennen,
360 1458 420 1518 der
451 1455 607 1515 denselben
653 1455 759 1515 keiner
784 1455 910 1515 fernern
946 1454 1172 1514 Vermehrung

189 1509 275 1569 fähig
299 1506 410 1566 hielte.
457 1503 508 1563 Er
538 1506 637 1566 stehet
661 1506 724 1566 mit
748 1506 800 1566 ihr
830 1504 858 1564 in
894 1506 993 1566 keinem
1040 1503 1173 1563 größern

189 1560 410 1620 Verhältniß,
445 1557 489 1617 als
525 1554 570 1614 ein
605 1557 718 1617 kleiner
747 1557 837 1617 Bach
867 1557 957 1617 gegen
998 1557 1054 1617 das
1077 1556 1184 1616 Welt¬

182 1612 293 1672 meer;
320 1608 500 1668 inzwischen
528 1608 581 1668 hat
597 1608 660 1668 man
683 1608 772 1668 guten
794 1606 911 1666 Grund
938 1608 964 1668 zu
985 1608 1182 1668 behaupten,

187 1664 246 1724 daß
274 1661 300 1721 in
328 1661 459 1721 selbigem
503 1658 649 1718 manches
677 1658 878 1718 aufbehalten
906 1659 1003 1719 wird,
1020 1660 1090 1720 nach
1118 1658 1194 1718 wel¬

189 1715 255 1775 chem
297 1715 364 1775 man
391 1710 587 1770 anderswo,
619 1709 685 1769 auch
712 1709 737 1769 in
763 1711 815 1771 den
846 1709 1104 1769 weitläuftigsten
1126 1708 1187 1768 Ca=

189 1763 322 1823 binetten
364 1761 540 1821 vergebens
576 1758 684 1818 fragen
721 1757 860 1817 dörfte;
897 1760 1025 1820 welches
1067 1758 1175 1818 bisher

186 1814 318 1874 Kenner
346 1812 371 1872 so
393 1811 424 1871 an
457 1806 546 1866 diesem
589 1805 669 1865 Orte
690 1802 737 1862 sich
765 1802 971 1862 umgesehen,
993 1805 1040 1865 der
1062 1805 1183 1865 Wahr¬

188 1861 251 1921 heit
268 1860 320 1920 und
348 1857 432 1917 ihrer
449 1851 636 1911 Erfahrung
658 1849 764 1909 gemäß
786 1847 1009 1907 zugestanden.
1036 1849 1084 1909 Es
1101 1849 1180 1909 wird

187 1909 286 1969 dieses
309 1909 353 1969 ein
382 1903 464 1963 jeder
487 1897 659 1957 destomehr
682 1894 843 1954 zugeben,
871 1894 904 1954 da
927 1894 1009 1954 nicht
1038 1894 1065 1954 so
1093 1897 1181 1957 leicht

189 1957 235 2017 ein
259 1945 652 2005 Naturalienbehältniß,
676 1939 704 1999 es
728 1939 774 1999 sey
797 1939 820 1999 so
844 1939 919 1999 klein
949 1939 994 1999 als
1018 1940 1046 2000 es
1076 1942 1185 2002 wolle,

191 2003 256 2063 seyn
292 1998 398 2058 wird,
428 1990 457 2050 in
493 1989 623 2049 welchem
677 1985 759 2045 nicht
790 1987 932 2047 einzelne
968 1987 1015 2047 ihm
1069 1990 1174 2050 eigene

193 2043 314 2103 Stücke
342 2039 441 2099 sollten
468 2034 659 2094 angetroffen
691 2034 839 2094 werden,
866 2034 924 2094 wie
951 2034 1019 2094 denn
1052 2035 1104 2095 das
1137 2037 1189 2097 ge=

190 2088 386 2148 genwärtige
413 2084 460 2144 sich
487 2084 556 2144 auch
583 2085 662 2145 schon
690 2085 774 2145 durch
806 2084 853 2144 den
886 2085 991 2145 unserm
1024 2084 1172 2144 Preußen

195 2136 252 2196 vor
279 2136 395 2196 andern
422 2133 559 2193 Ländern
586 2133 791 2193 zugetheilten
818 2133 1029 2193 Naturschatz
1051 2133 1187 2193 vorzüg¬

184 2187 238 2247 lich
272 2187 407 2247 machet.
457 2181 505 2241 Es
534 2184 571 2244 ist
599 2184 691 2244 wohl
719 2187 800 2247 keine
834 2184 937 2244 einige
965 2184 1183 2244 Naturalien¬

193 2237 331 2297 kammer
352 2234 469 2294 jemals
490 2234 654 2294 gestiftet,
676 2234 723 2294 die
750 2234 808 2294 alle
835 2234 892 2294 auf
920 2234 967 2294 der
989 2233 1121 2293 Erden,
1148 2231 1173 2291 in

190 2288 238 2348 der
266 2288 336 2348 Luft
358 2287 412 2347 und
440 2283 461 2343 in
494 2282 679 2342 Gewässern
713 2283 892 2343 befindliche
920 2282 1039 2342 Thiere
1067 2279 1093 2339 in
1127 2279 1175 2339 sich

189 2336 406 2396 aufbehielte,
432 2333 489 2393 und
515 2331 566 2391 das
593 2330 773 2390 Vermögen
805 2333 856 2393 der
883 2331 1006 2391 größten
1038 2327 1182 2387 Monar¬

190 2382 254 2442 chen
298 2385 412 2445 würde
445 2382 525 2442 nicht
558 2380 752 2440 hinlänglich
786 2384 888 2444 seyn,
921 2381 975 2441 das
1008 2378 1175 2438 gesammte

193 2432 372 2492 Thierreich
416 2432 484 2492 nach
527 2429 606 2489 allen
644 2429 733 2489 darin
771 2429 961 2489 begriffenen
999 2426 1184 2486 Geschlech¬

187 2476 254 2536 tern
283 2479 345 2539 und
370 2479 460 2539 Arten
494 2476 671 2536 zusammen
711 2476 739 2536 zu
778 2476 945 2536 bringen;
980 2478 1013 2538 es
1047 2474 1171 2534 würden

194 2528 242 2588 sich
270 2527 340 2587 auch
367 2527 459 2587 dabey
487 2524 578 2584 solche
601 2527 887 2587 Schwierigkeiten
915 2527 941 2587 in
969 2527 1017 2587 den
1045 2524 1120 2584 Weg
1143 2524 1185 2584 le¬

193 2575 272 2635 gen,
288 2575 330 2635 die
357 2573 435 2633 keine
462 2572 599 2632 Gewalt
615 2572 683 2632 noch
710 2575 953 2635 Freygebigkeit
969 2575 1169 2635 wegräumen

191 2626 320 2686 könnte.
378 2621 429 2681 In
464 2620 588 2680 Absicht
618 2621 674 2681 auf
698 2623 776 2683 diese
794 2626 993 2686 Abtheilung
1022 2626 1073 2686 der
1102 2623 1186 2683 gött¬

192 2676 280 2736 lichen
319 2668 563 2728 Naturwerke,
586 2670 624 2730 ist
647 2670 674 2730 in
708 2670 801 2730 diesem
846 2676 1057 2736 Preußischen
1085 2670 1185 2730 Cabi¬

194 2727 248 2787 net
271 2724 336 2784 auch
359 2720 419 2780 nur
442 2718 502 2778 sehr
530 2718 629 2778 wenig
652 2718 679 2778 in
702 2721 889 2781 Verhältniß
917 2724 966 2784 des
994 2721 1077 2781 darin
1105 2721 1171 2781 noch

184 2775 349 2835 fehlenden
387 2766 626 2826 vorzuzeigen,
659 2768 718 2828 und
756 2768 792 2828 es
830 2771 910 2831 wird
948 2775 1016 2835 auch
1054 2772 1182 2832 allezeit

191 2826 400 2886 mangelhaft
421 2820 558 2880 bleiben.
586 2820 735 2880 Jndessen
762 2823 874 2883 weiset
894 2826 939 2886 der
960 2823 1189 2883 Augenschein,

1224 1270 1281 1330 daß
1305 1270 1396 1330 dieses
1427 1270 1495 1330 Fach
1525 1267 1576 1327 der
1600 1268 1710 1328 Natur
1733 1269 1814 1329 nicht
1838 1267 1912 1327 ganz
1936 1267 2023 1327 leer,
2053 1269 2208 1329 vielmehr

1223 1315 1319 1375 einige
1343 1315 1459 1375 Classen
1488 1314 1512 1374 so
1536 1312 1642 1372 besetzt
1662 1314 1753 1374 sind,
1777 1312 1830 1372 daß
1864 1312 1898 1372 an
1932 1312 2076 1372 wenigen
2105 1313 2201 1373 Orten

1221 1358 1265 1418 ein
1300 1360 1451 1420 größerer
1471 1360 1613 1420 Vorrath
1648 1360 1750 1420 dörfte
1780 1359 1932 1419 gefunden
1967 1360 2118 1420 werden;
2148 1360 2206 1420 wie

1211 1404 1285 1464 denn
1321 1404 1510 1464 überhaupt
1535 1403 1590 1463 das
1626 1404 1715 1464 darin
1750 1404 1924 1464 fehlende,
1955 1407 2044 1467 durch
2085 1407 2134 1467 die
2159 1410 2218 1470 an¬

1221 1455 1370 1515 sehnliche
1396 1452 1602 1512 Sammlung
1629 1452 1722 1512 vieler
1753 1453 1825 1513 nach
1862 1452 1908 1512 dem
1950 1452 2043 1512 Leben
2079 1456 2213 1516 gezeich¬

1216 1503 1303 1563 neter
1335 1503 1453 1563 Thiere
1485 1501 1723 1561 einigermaßen
1765 1500 1884 1560 ersetzet
1921 1503 2065 1563 worden.
2117 1503 2189 1563 Vom

1224 1554 1419 1614 Menschen,
1447 1554 1493 1614 als
1532 1552 1584 1612 dem
1632 1552 1685 1612 vom
1728 1551 1891 1611 Schöpfer
1919 1551 2115 1611 eingesetzten
2147 1554 2210 1614 Be¬

1219 1605 1374 1665 herrscher
1403 1605 1458 1665 des
1486 1604 1686 1664 Thierreichs
1720 1605 1814 1665 fehlet
1843 1604 1898 1664 das
1926 1602 2104 1662 mehreste,
2138 1605 2204 1665 was

1226 1658 1297 1718 sonst
1320 1658 1341 1718 in
1375 1655 1541 1715 besondern
1564 1655 1791 1715 anatomischen
1825 1655 2057 1715 Schauplätzen
2091 1655 2206 1715 pfleget

1217 1709 1413 1769 aufgestellet
1430 1709 1461 1769 zu
1488 1706 1636 1766 werden;
1663 1706 1775 1766 zumal
1796 1706 1828 1766 da
1855 1703 1966 1763 allhier
1993 1705 2110 1765 bereits
2142 1706 2205 1766 eine

1221 1760 1416 1820 vorzügliche
1438 1757 1501 1817 und
1533 1755 1596 1815 mit
1612 1756 1723 1816 Mühe
1755 1756 1813 1816 und
1840 1754 2003 1814 Aufwand
2036 1756 2215 1816 veranstal¬

1215 1805 1274 1865 tete
1305 1805 1627 1865 Anatomiekammer
1659 1805 1714 1865 von
1754 1805 1936 1865 künstlichen
1972 1805 2198 1865 anatomischen

1215 1849 1472 1909 Zubereitungen
1509 1851 1560 1911 der
1591 1852 1822 1912 Eingeweide,
1849 1852 1961 1912 Theile
1988 1854 2049 1914 und
2075 1853 2204 1913 Gefäße

1216 1895 1264 1955 des
1293 1894 1509 1954 menschlichen
1548 1897 1721 1957 Cörpers,
1751 1897 1813 1957 wie
1842 1900 1914 1960 auch
1948 1897 2001 1957 von
2030 1902 2198 1962 Skeletten

1214 1943 1273 2003 und
1303 1942 1421 2002 andern
1456 1942 1509 2002 zur
1539 1945 1740 2005 Erkänntniß
1776 1945 1923 2005 desselben
1963 1948 2193 2008 beytragenden

1216 1988 1369 2048 Sachen,
1393 1987 1479 2047 durch
1503 1987 1555 2047 den
1584 1990 1857 2050 wohlverdienten
1895 1993 2100 2053 ordentlichen
2135 1996 2206 2056 Leh¬

1216 2037 1263 2097 rer
1285 2036 1337 2096 der
1359 2031 1717 2091 Arzeneywissenschaft
1739 2034 1796 2094 auf
1818 2034 1913 2094 dieser
1934 2037 2034 2097 hohen
2066 2041 2208 2101 Schule,

1218 2087 1265 2147 den
1292 2083 1392 2143 Herrn
1424 2078 1545 2138 Doctor
1572 2079 1762 2139 Büttner
1789 2079 1847 2139 vor
1869 2082 1963 2142 vielen
1985 2085 2111 2145 Jahren
2128 2088 2185 2148 zum

1217 2133 1335 2193 Nutzen
1363 2130 1411 2190 der
1434 2127 1580 2187 hieselbst
1597 2130 1813 2190 Studirenden
1846 2130 1884 2190 ist
1906 2133 2106 2193 eingerichtet
2129 2136 2209 2196 wor¬

1218 2183 1289 2243 den.
1334 2178 1538 2238 Inzwischen
1567 2181 1682 2241 können
1716 2182 1848 2242 dennoch
1877 2183 1998 2243 sowohl
2016 2184 2070 2244 vom
2110 2186 2209 2246 Men¬

1212 2231 1322 2291 schen,
1339 2229 1389 2289 als
1412 2228 1483 2288 auch
1507 2230 1562 2290 von
1590 2231 1790 2291 vierfüßigen
1824 2231 1957 2291 Thieren
1991 2234 2051 2294 und
2075 2237 2196 2297 Fischen

1215 2279 1283 2339 sehr
1310 2276 1388 2336 viele
1415 2279 1652 2339 merkwürdige
1679 2282 1805 2342 Stücke
1843 2282 1895 2342 die
1922 2286 2111 2346 Neugierde
2149 2288 2201 2348 der

1210 2327 1390 2387 Zuschauer
1417 2330 1639 2390 unterhalten.
1698 2333 1778 2393 Der
1805 2334 1948 2394 Vorrath
1985 2333 2038 2393 von
2076 2336 2197 2396 Vögeln

1215 2378 1283 2438 aber
1305 2375 1341 2435 ist
1363 2375 1441 2435 desto
1463 2384 1721 2444 beträchtlicher,
1748 2385 1811 2445 und
1838 2384 1900 2444 was
1927 2384 1974 2444 die
1990 2387 2195 2447 Sammlung

1211 2426 1270 2486 von
1304 2423 1407 2483 Eyern
1445 2429 1576 2489 betrift,
1603 2435 1690 2495 deren
1729 2435 1815 2495 Zahl
1838 2435 1930 2495 gegen
1963 2435 2044 2495 zwey
2078 2435 2202 2495 tausend

1217 2473 1337 2533 Stücke
1360 2477 1587 2537 angestiegen,
1615 2484 1642 2544 so
1676 2484 1775 2544 dörfte
1803 2482 1958 2542 vielleicht
1986 2479 2068 2539 keine
2097 2482 2196 2542 einige

1216 2524 1264 2584 der
1286 2525 1540 2585 gegenwärtigen
1573 2531 1621 2591 den
1655 2533 1785 2593 Vorzug
1807 2530 1991 2590 bestreiten.
2013 2528 2089 2588 Der
2111 2533 2213 2593 wohl¬

1212 2575 1308 2635 selige
1337 2576 1501 2636 Klein,
1524 2581 1687 2641 Secretär
1723 2581 1773 2641 der
1813 2579 1926 2639 Stadt
1955 2578 2113 2638 Danzig,
2148 2580 2198 2640 der

1211 2621 1281 2681 eben
1309 2624 1433 2684 sowohl
1455 2628 1503 2688 den
1531 2630 1747 2690 ehrwürdigen
1775 2629 1899 2689 Namen
1921 2629 2002 2689 eines
2024 2629 2197 2689 Secretärs

1215 2670 1267 2730 der
1289 2673 1400 2733 Natur
1432 2679 1623 2739 verdienet,
1645 2676 1851 2736 bewunderte
1878 2676 2032 2736 dieselbe,
2059 2676 2106 2736 als
2133 2673 2180 2733 ihm

1221 2721 1270 2781 das
1298 2724 1508 2784 Verzeichniß
1542 2730 1647 2790 davon
1681 2727 1736 2787 das
1764 2724 1852 2784 Jahr
1887 2722 1941 2782 vor
1970 2722 2063 2782 seinem
2114 2721 2202 2781 Ende

1215 2772 1469 2832 eingehändiget
1498 2778 1627 2838 wurde.
1698 2773 1773 2833 Sie
1802 2770 1839 2830 ist
1872 2771 1937 2831 mit
1965 2769 2202 2829 unglaublicher

1219 2823 1354 2883 Muhe,
1383 2828 1440 2888 und
1474 2829 1502 2889 in
1537 2829 1695 2889 einzelnen
1730 2823 1832 2883 Fällen
1866 2823 1900 2883 da
1934 2818 2002 2878 man
2043 2817 2087 2877 die
2111 2816 2212 2876 Woh¬

2120 2867 2210 2927 nuns
