2479 3508
255 360 304 420 ten
333 360 383 420 der
406 353 596 413 Senatoren
625 349 686 409 und
715 348 759 408 der
782 346 961 406 Landboten
990 341 1045 401 an.
1091 342 1168 402 Mit
1192 341 1236 401 die

269 404 317 464 sen
350 401 545 461 beschäftigte
567 397 631 457 man
660 394 708 454 sich
735 392 805 452 noch
827 391 1060 451 Sonnabends
1088 386 1174 446 Vor=
1191 385 1249 445 und

274 451 481 511 Nachmittag
513 443 561 503 bis
594 440 683 500 gegen
716 442 726 502 8
759 441 821 501 Uhr
855 438 1013 498 Abends;
1046 434 1163 494 darauf
1190 433 1258 493 der¬

282 499 375 559 Fürst
398 494 541 554 Primas
569 488 690 548 sowohl
713 490 762 550 als
796 487 845 547 der
874 483 967 543 Fürst
984 484 1249 544 Reichstagsmar

284 545 370 605 schall
393 545 430 605 ein
458 542 539 602 jeder
567 538 627 598 eine
660 536 866 596 wohlgesetzte
893 533 980 593 Rede
1008 533 1061 593 zum
1100 530 1252 590 Beschluß

285 592 333 652 des
360 589 571 649 Reichstages
593 583 695 643 hielt;
717 584 868 644 darinnen
907 578 944 638 sie
961 578 1047 638 Gott
1074 578 1133 638 und
1161 578 1247 638 ihren

286 639 439 699 Brüdern
466 639 513 699 den
551 631 720 691 schuldigen
752 629 847 689 Dank
868 626 1069 686 abstatteten.
1096 625 1180 685 Nach
1207 621 1260 681 der

286 688 525 748 Abschiedsrede
549 682 599 742 des
629 676 995 736 Reichstagmarschalls
1018 673 1075 733 sing
1110 673 1161 733 der
1184 670 1264 730 Pri¬

283 736 352 796 mas
377 735 451 795 aufs
477 732 550 792 neue
576 730 630 790 an,
645 728 694 788 den
725 724 878 784 Standen
909 721 1142 781 vorzutragen,
1152 718 1211 778 wie
1231 718 1260 778 es

285 783 374 843 wohl
386 782 497 842 nöthig
520 778 620 838 wäre,
637 775 709 835 nach
738 772 787 832 dem
827 772 977 832 Exempel
1000 769 1050 829 der
1067 766 1268 826 Vorfahren,

290 831 322 891 da
350 828 485 888 ohnedem
524 824 605 884 schon
632 819 724 879 dieser
747 818 920 878 Reichstag
948 816 1034 876 unter
1062 813 1110 873 dem
1149 811 1263 871 Bande

290 877 338 937 der
361 873 524 933 Einigkeit
547 870 682 930 gehälten
710 864 858 924 worden,
875 861 934 921 und
962 862 1005 922 die
1028 861 1169 921 Lithauer
1197 861 1262 921 auch

297 972 351 1032 nes
379 969 536 1029 Bündniß
564 964 700 1024 gemacht
723 960 859 1020 hätten,
882 957 936 1017 daß
969 957 1023 1017 alle
1051 956 1187 1016 Stände
1220 953 1269 1013 des

299 1017 415 1077 Reichs
442 1015 489 1075 sich
516 1010 585 1070 hier
607 1004 770 1064 verbinden
798 1001 962 1061 möchten,
994 1000 1052 1060 mit
1079 998 1264 1058 vereinigten

299 1062 432 1122 Kräften
459 1058 533 1118 alles
560 1057 640 1117 das,
668 1052 731 1112 was
758 1049 821 1109 hier
843 1046 1019 1106 beschlossen
1046 1046 1189 1106 worden,
1211 1042 1269 1102 und

306 1106 471 1166 besonders
502 1103 543 1163 die
559 1100 688 1160 Kirche,
704 1097 745 1157 die
771 1095 864 1155 Ruhe
886 1092 937 1152 des
953 1093 1066 1153 Reichs
1092 1091 1148 1151 und
1175 1091 1216 1151 die
1237 1088 1283 1148 be¬

312 1154 403 1214 liebte
425 1148 647 1208 Königswahl
664 1143 799 1203 erhalten
832 1140 887 1200 und
914 1139 1125 1199 vertheidigen
1159 1136 1185 1196 zu
1224 1132 1288 1192 hel¬

312 1201 385 1261 fen.
430 1196 503 1256 Der
526 1194 661 1254 Primas
685 1192 740 1252 ließ
769 1187 898 1247 zugleich
927 1187 1011 1247 einen
1046 1183 1271 1243 weitläuftigen

315 1248 469 1308 Entwurf
497 1243 552 1303 von
591 1242 674 1302 einem
724 1235 834 1295 solhen
879 1234 1078 1294 allgemeinen
1117 1231 1277 1291 Bündniß

307 1297 385 1357 aller
408 1291 636 1351 Reichsstände
659 1285 820 1345 vorlesen,
843 1283 893 1343 der
922 1280 1172 1340 durchgängigen
1200 1276 1289 1336 Bey¬

321 1345 373 1405 fall
390 1345 485 1405 fand,
507 1341 564 1401 und
586 1339 617 1399 da
645 1337 713 1397 man
740 1333 888 1393 darinnen
920 1333 951 1393 an
984 1333 1031 1393 den
1063 1330 1115 1390 zum
1154 1327 1280 1387 Namen

306 1391 354 1451 des
386 1384 989 1444 Generalconföderationsmarschalls
1033 1378 1091 1438 leer
1123 1375 1272 1435 gelaßnen

322 1434 418 1494 Platz
435 1437 519 1497 kam,
537 1434 644 1494 wurde
667 1431 734 1491 dazu
763 1428 938 1488 einmüthig
962 1428 1012 1488 der
1029 1427 1120 1487 Fürst
1132 1422 1283 1482 Woywod

322 1485 374 1545 von
411 1482 564 1542 Rußland
597 1476 808 1536 Chartoriski
830 1475 988 1535 erwählet
1021 1473 1083 1533 und
1121 1470 1295 1530 bestätiget,

320 1532 378 1592 und
399 1531 447 1591 ihm
490 1530 554 1590 noch
581 1527 617 1587 24
651 1527 756 1587 Räthe
778 1524 831 1584 zur
853 1522 970 1582 Seiten
997 1521 1146 1581 gegeben.
1195 1518 1295 1578 Nun¬

316 1580 426 1640 mehro
451 1578 485 1638 ist
503 1578 560 1638 also
584 1572 731 1632 würklich
755 1570 818 1630 eine
842 1569 1216 1629 Generalconföderation
1246 1562 1291 1622 des

323 1625 464 1685 Reichs,
484 1622 569 1682 unter
588 1619 717 1679 welcher
742 1616 803 1676 auch
829 1610 877 1670 itzt
897 1613 939 1673 die
964 1613 1038 1673 schon
1069 1613 1180 1673 vorher
1199 1613 1223 1673 in
1254 1609 1303 1669 Li¬

318 1670 436 1730 thauen
466 1667 623 1727 errichtete
643 1658 890 1718 Confoderation
920 1658 1028 1718 stehet.
1073 1654 1121 1714 Es
1146 1654 1200 1714 soll
1215 1652 1298 1712 jeder

323 1712 485 1772 Woywod
510 1709 534 1769 in
564 1706 663 1766 seiner
683 1700 943 1760 Woywodschaft
964 1700 1008 1760 die
1033 1698 1195 1758 besondere
1220 1694 1303 1754 Con¬

319 1757 500 1817 föderation
526 1749 727 1809 aufrichten,
763 1745 823 1805 und
849 1745 874 1805 im
910 1742 980 1802 Fall
1001 1742 1045 1802 der
1071 1742 1157 1802 Noth
1182 1741 1298 1801 immer

332 1805 397 1865 eine
414 1796 674 1856 Woywodschaft
691 1790 744 1850 von
772 1790 821 1850 der
843 1790 957 1850 andern
979 1790 1158 1850 unterstützt
1169 1789 1304 1849 werden.

343 1849 390 1909 Ja
421 1848 486 1908 man
517 1845 577 1905 hat
602 1843 692 1903 sogar
722 1840 891 1900 geordnet,
916 1842 969 1902 daß
1006 1842 1072 1902 auch
1109 1840 1151 1900 die
1181 1837 1301 1897 Städte

337 1899 398 1959 und
423 1894 649 1954 insbesondere
675 1889 723 1949 die
749 1890 883 1950 Preuß.
908 1891 1030 1951 Städte
1062 1890 1116 1950 mit
1142 1889 1172 1949 zu
1203 1885 1301 1945 dieser

341 1948 589 2008 Conföderation
622 1942 748 2002 gezogen
786 1940 908 2000 werden
940 1939 1051 1999 sollen.
1104 1936 1162 1996 So
1195 1933 1231 1993 ist
1258 1933 1305 1993 der

342 1996 491 2056 Beschluß
520 1993 614 2053 dieses
637 1990 841 2050 Reichstages
869 1987 1013 2047 erfolget,
1030 1987 1075 2047 der
1097 1985 1119 2045 in
1147 1984 1291 2044 verschied

333 2046 389 2106 ner
406 2042 525 2102 Absicht
543 2037 746 2097 merkwürdig
770 2034 826 2094 ist.
866 2034 917 2094 Es
946 2034 979 2094 ist
997 2034 1076 2094 nicht
1099 2034 1127 2094 zu
1150 2031 1286 2091 zweiflen

337 2094 391 2154 daß
419 2093 500 2153 nicht
523 2082 910 2142 (Gegenconföderations
943 2079 1073 2139 erfolgen
1107 2079 1237 2139 sollten,
1270 2079 1302 2139 da

334 2138 401 2198 noch
433 2138 474 2198 bis
500 2136 567 2196 jetzt
589 2133 619 2193 an
651 2130 858 2190 verschiednen
890 2127 983 2187 Orten
1015 2127 1159 2187 doppelte
1176 2127 1310 2187 Captur¬

345 2187 473 2247 gerichte
496 2181 635 2241 gehalten
663 2175 797 2235 werden,
819 2175 1018 2235 ohngeachtet
1041 2175 1126 2235 solche
1148 2173 1196 2233 der
1224 2175 1315 2235 hiesi¬

337 2233 370 2293 ge
393 2229 566 2289 Reichstag
594 2223 717 2283 cassiret
734 2220 800 2280 hat.
852 2225 895 2285 Ja
924 2223 951 2283 es
980 2223 1019 2283 ist
1036 2223 1113 2283 schon
1147 2220 1253 2280 bereits
1282 2218 1309 2278 in

343 2274 392 2334 der
426 2270 514 2330 That
537 2270 630 2330 gegen
670 2267 719 2327 die
748 2267 936 2327 Lithauische
964 2267 1207 2327 Conföderation
1247 2266 1313 2326 eine

342 2314 699 2374 Gegenconföderation
733 2312 765 2372 am
809 2315 889 2375 18ten
928 2318 1020 2378 dieses
1047 2316 1188 2376 Monats
1216 2315 1237 2375 in
1275 2310 1318 2370 Li=

345 2366 477 2426 thauisch
516 2360 655 2420 Brzeszsc
683 2357 738 2417 vom
778 2360 971 2420 Woywoden
999 2363 1054 2423 von
1088 2360 1221 2420 Wilda,
1249 2360 1298 2420 dem

348 2414 474 2474 Fürsten
504 2405 683 2465 Radziwill
701 2405 839 2465 gemacht
857 2411 1008 2471 worden,
1032 2414 1060 2474 zu
1089 2411 1141 2471 der
1165 2410 1210 2470 sich
1234 2408 1308 2468 schor

337 2464 420 2524 viele
443 2455 688 2515 unterschrieben
722 2449 839 2509 haben.
890 2458 989 2518 Denn
1023 2458 1056 2518 da
1090 2457 1134 2517 die
1163 2455 1324 2515 Conföde¬

347 2514 441 2574 rirten
467 2508 491 2568 in
523 2504 667 2564 Lithauen
706 2497 755 2557 des
781 2498 938 2558 gedachten
970 2503 1101 2563 Fürsten
1133 2503 1239 2563 Güter
1272 2500 1321 2560 be¬

349 2558 469 2618 traten,
488 2556 541 2616 und
566 2550 681 2610 selbige
700 2545 905 2605 einnahmen,
924 2551 1087 2611 worunter
1106 2551 1317 2611 vornehmlich

351 2605 410 2665 sein
434 2603 652 2663 Stammguth
677 2593 836 2653 Nieswicz
861 2593 1002 2653 begriffen
1026 2599 1115 2659 war,
1151 2599 1174 2659 so
1204 2599 1321 2659 machte

350 2651 388 2711 er
405 2651 454 2711 sich
477 2651 548 2711 auch
571 2646 686 2706 wieder
709 2641 786 2701 auf,
808 2638 869 2698 und
898 2641 980 2701 gieng
1008 2643 1029 2703 in
1069 2643 1112 2703 die
1135 2643 1239 2703 Güter
1268 2643 1317 2703 der

352 2698 405 2758 ihm
442 2696 739 2756 entgegengesetzten
764 2682 926 2742 Parthey,
952 2688 1047 2748 wider
1072 2691 1199 2751 welche,
1218 2691 1241 2751 so
1266 2691 1326 2751 wie

357 2749 405 2809 zur
427 2743 687 2803 Rechtfertigung
716 2741 807 2801 dieser
829 2736 926 2796 seiner
948 2739 1095 2799 Schritte
1117 2742 1152 2802 er
1174 2742 1215 2802 ein
1251 2741 1328 2801 Ma=

1285 339 1377 399 nifest
1398 336 1539 396 gemacht
1560 336 1632 396 hat.
1673 339 1726 399 Er
1747 336 1807 396 hat
1828 336 1941 396 bereits
1968 333 2021 393 dem
2063 337 2249 397 Lithauschen

1295 383 1606 443 Großschatzmeister
1628 383 1854 443 Reichsgrafen
1892 383 1944 443 von
1971 380 2150 440 Flemming
2182 383 2261 443 seine

1294 431 1406 491 Stadt
1426 431 1583 491 Terespol
1603 431 1877 491 weggenommen,
1897 431 1961 491 auch
1991 428 2088 488 etliche
2113 425 2171 485 100
2201 429 2255 489 von

1292 479 1382 539 dessen
1414 476 1610 536 Dragonern
1637 479 1663 539 zu
1690 479 1881 539 Gefangnen
1908 479 2067 539 gemacht.
2116 473 2184 533 Bey
2211 476 2274 536 die¬

1297 529 1339 589 ser
1366 524 1586 584 Gelegenheit
1608 527 1692 587 sollen
1729 527 1755 587 in
1787 530 1950 590 Terespol
1972 527 2050 587 über
2077 524 2113 584 40
2140 524 2261 584 Häuser

1292 572 1498 632 abgebrannt
1514 572 1602 632 seyn.
1650 572 1721 632 Von
1758 575 1810 635 den
1842 575 1991 635 Truppen
2029 575 2080 635 der
2101 572 2271 632 Republik,

1292 622 1338 682 die
1359 620 1453 680 gegen
1490 619 1541 679 den
1567 619 1723 679 Castellan
1760 622 1812 682 von
1848 622 1968 682 Cracau
2005 622 2061 682 und
2087 619 2258 679 Krongroß

1295 667 1449 727 feldherrn
1476 667 1592 727 stehen,
1609 667 1645 727 ist
1667 667 1735 727 auch
1757 669 1804 729 der
1826 668 1969 728 General
1991 670 2133 730 Roniker
2160 667 2271 727 wieder

1296 715 1404 775 zuruck
1429 715 1625 775 gekommen.
1690 715 1763 775 Der
1793 715 1940 775 General
1965 715 2122 775 Branicki
2152 715 2186 775 ist
2216 715 2270 775 nur

1296 763 1365 823 noch
1395 761 1429 821 da
1455 760 1642 820 geblieben,
1667 760 1790 820 welcher
1820 763 1874 823 vor
1904 763 2022 823 einigen
2053 763 2156 823 Tagen
2196 763 2284 823 aber¬

1297 809 1377 869 mals
1404 807 1451 867 des
1479 807 1734 867 Großfeldherrn
1767 807 1942 867 Truppen,
1959 810 2006 870 der
2028 810 2076 870 sich
2098 810 2124 870 in
2146 810 2284 870 Liscow,

1303 855 1341 915 an
1368 855 1422 915 der
1444 855 1574 915 Gränze
1596 855 1753 915 befindet,
1775 858 1998 918 angegriffen,
2026 855 2085 915 und
2118 855 2188 915 nach
2215 855 2264 915 dem

299 924 376 984 schon
407 921 455 981 für
479 921 521 981 die
540 916 733 976 Wohlfahrt
751 912 835 972 ihrer
860 909 1004 969 Provinz
1035 909 1076 969 ein
1114 906 1270 966 allgemei=
1307 906 1396 966 gegen
1427 902 1463 962 20
1488 900 1590 960 Todte
1621 903 1680 963 und
1711 903 1855 963 dreymal
1880 903 1983 963 soviel
2001 903 2212 963 Verwundete
2236 902 2290 962 ge¬

1307 950 1412 1010 zahlet
1434 948 1587 1008 worden,
1614 948 1736 1008 wieder
1763 951 1953 1011 verschiedne
1980 954 2202 1014 Compagnien
2234 953 2265 1013 zu

1310 995 1385 1055 ruck
1407 995 1573 1055 bekommen
1602 992 1670 1052 hat.

1615 1127 1993 1187 AVERTISSEMENT.

1367 1176 1441 1236 Bey
1471 1177 1523 1237 dem
1564 1178 1719 1238 Verleger
1749 1178 1841 1238 dieser
1871 1181 2003 1241 Zeitung
2039 1178 2079 1238 ist
2103 1180 2137 1240 zu
2167 1181 2293 1241 haben:

1323 1225 1695 1285 Erläuterungstabellen
1728 1222 1781 1282 von
1810 1225 1852 1285 dem
1896 1228 2117 1288 gegenseitigen
2145 1228 2295 1288 Verhält¬

1320 1270 1367 1330 niß
1395 1273 1442 1333 der
1463 1274 1590 1334 bishero
1622 1273 1717 1333 üblich
1750 1273 1919 1333 gewesenen
1957 1274 2189 1334 Münzsorten,
2216 1276 2301 1336 wor¬

1322 1322 1378 1382 aus
1405 1324 1487 1384 nicht
1508 1324 1570 1384 nur
1591 1324 1616 1384 zu
1648 1321 1787 1381 ersehen,
1809 1321 1834 1381 in
1865 1324 1989 1384 welchem
2025 1324 2134 1384 Werth
2160 1327 2227 1387 eine
2243 1326 2304 1386 jeg¬

1323 1372 1393 1432 liche
1421 1372 1611 1432 Münzsorte
1639 1372 1660 1432 im
1699 1371 1829 1431 Handel
1851 1372 1911 1432 und
1933 1372 2091 1432 Wandel,
2113 1375 2173 1435 und
2195 1375 2222 1435 in
2244 1375 2292 1435 den

1332 1419 1533 1479 Königlichen
1565 1418 1673 1478 Cassen
1705 1419 1938 1479 angenommen
1975 1419 2088 1479 werden
2125 1420 2203 1480 soll,
2239 1422 2311 1482 son=

1325 1467 1415 1527 dern,
1431 1467 1557 1527 woraus
1588 1465 1654 1525 auch
1690 1467 1872 1527 Creditores
1904 1467 1964 1527 und
1995 1467 2173 1527 Debitores
2204 1470 2309 1530 erken¬

1321 1513 1380 1573 nen
1410 1512 1543 1572 können,
1569 1512 1627 1572 wie
1648 1515 1716 1575 hoch
1741 1514 1790 1574 die
1811 1515 1973 1575 respective
1994 1515 2216 1575 ausgelehnten
2241 1518 2299 1578 und

1332 1563 1496 1623 geborgten
1527 1563 1702 1623 Capitalien
1728 1560 1838 1620 anjetzt
1859 1563 1928 1623 nach
1959 1563 2008 1623 dem
2059 1563 2149 1623 neuen
2185 1566 2309 1626 Münz¬

1334 1609 1383 1669 fuß
1416 1610 1466 1670 von
1492 1610 1579 1670 Anno
1606 1608 1686 1668 1764
1719 1610 1762 1670 sich
1788 1610 1952 1670 belaufen,
1971 1610 1977 1670 1
1996 1610 2034 1670 fl.
2054 1610 2065 1670 9
2085 1609 2134 1669 gr.

1385 1724 1462 1784 Dem
1506 1727 1641 1787 Publico
1663 1730 1740 1790 wird
1763 1729 1891 1789 hiermit
1913 1733 2048 1793 bekannt
2070 1736 2226 1796 gemacht,
2248 1738 2304 1798 daß

1343 1775 1391 1835 die
1410 1776 1508 1836 vierte
1528 1778 1668 1838 Ziehung
1693 1781 1742 1841 der
1767 1781 1901 1841 Königl.
1921 1784 2049 1844 Preuß.
2069 1787 2197 1847 Lotterie
2216 1788 2314 1848 Don¬

1336 1825 1481 1885 nerstags
1519 1828 1567 1888 den
1607 1828 1698 1888 12ten
1731 1830 1823 1890 Julii
1845 1828 1877 1888 c.
1899 1831 1953 1891 vor
1986 1831 2034 1891 sich
2061 1831 2159 1891 gehen
2197 1831 2315 1891 werde.

1341 1874 1412 1934 Bey
1446 1876 1534 1936 denen
1568 1879 1683 1939 Herren
1711 1879 1926 1939 Einnehmern
1960 1879 2053 1939 dieser
2076 1879 2230 1939 Lotterie,
2253 1882 2313 1942 wie

1342 1925 1413 1985 auch
1445 1925 1470 1985 im
1517 1927 1748 1987 Hauptcomter
1779 1927 1830 1987 des
1856 1927 2087 1987 Lotterieamtes
2119 1927 2190 1987 aufm
2232 1927 2319 1987 Roß¬

1338 1974 1445 2034 garten
1480 1972 1592 2032 werden
1627 1975 1671 2035 die
1695 1978 1836 2038 Einsätze
1870 1980 1915 2040 bis
1950 1978 2000 2038 den
2029 1978 2119 2038 10ten
2149 1978 2244 2038 Julii
2267 1975 2323 2035 an¬

1341 2023 1552 2083 genommen.

1355 2140 1668 2200 Wechsel-Cours
1701 2139 1715 2199 &
1771 2142 1927 2202 Species
1952 2147 1990 2207 d.
2007 2151 2053 2211 5.
2077 2151 2171 2211 Jul.
2195 2151 2312 2211 1764.

1930 2202 1975 2262 71
1991 2205 2075 2265 Tage
2099 2209 2152 2269 303
2183 2212 2236 2272 gr.

1352 2205 1531 2265 Amsterdam
1567 2202 1601 2262 41
1622 2202 1705 2262 Tage
1726 2202 1788 2262 305
1816 2207 1864 2267 gr.

1916 2246 1930 2306 6
1959 2247 2016 2307 W.
2024 2252 2089 2312 134
2119 2258 2161 2318 gr.

1356 2255 1524 2315 Hamburg
1553 2249 1637 2309 3W.
1652 2252 1716 2312 135
1744 2254 1779 2314 g.

1800 2292 1954 2352 Dantzig

1353 2300 1458 2360 Berlin

1893 2342 2022 2402 Alberts
2037 2342 2130 2402 Taler
2153 2345 2209 2405 133
2225 2350 2281 2410 gr.

1350 2348 1494 2408 Ducaten
1515 2344 1590 2404 neue
1605 2342 1618 2402 9
1647 2344 1673 2404 fl.
1687 2347 1721 2407 18
1743 2350 1776 2410 g.

1827 2389 1878 2449 Alt
1893 2390 2026 2450 Polnisch
2049 2392 2114 2452 Geld
2144 2394 2174 2454 18
2197 2398 2240 2458 pr.
2256 2397 2328 2457 Cto.

1350 2396 1463 2456 Rubel
1483 2396 1545 2456 117
1571 2393 1627 2453 gr.

1408 2499 1507 2559 Diese
1528 2497 1694 2557 Zeitungen
1721 2500 1834 2560 werden
1855 2497 2014 2557 Montags
2042 2500 2095 2560 und
2115 2503 2261 2563 Freytags
2282 2503 2314 2563 um

1359 2551 1392 2611 10
1421 2550 1483 2610 Uhr
1501 2545 1705 2605 Vormittags
1723 2546 1751 2606 im
1792 2545 1996 2605 Kanterschen
2020 2548 2196 2608 Buchladen
2226 2551 2338 2611 ausge¬

1358 2599 1472 2659 geben,
1489 2593 1570 2653 allwo
1592 2593 1657 2653 auch
1679 2593 1739 2653 noch
1761 2594 1809 2654 von
1832 2596 1880 2656 den
1903 2594 2033 2654 hiesigen
2055 2596 2136 2656 resp.
2148 2596 2327 2656 Liebhaberu

1368 2643 1410 2703 die
1433 2638 1709 2698 Pránumeration
1743 2642 1797 2702 auf
1819 2642 1884 2702 dies
1911 2643 2003 2703 dritte
2026 2643 2172 2703 Quartal
2189 2643 2248 2703 mit
2270 2643 2281 2703 2
2308 2641 2340 2701 fl.

1359 2688 1590 2748 angenommen
1638 2685 1742 2745 wird,
1771 2688 1980 2748 Auswärtige
2010 2691 2084 2751 aber
2109 2691 2247 2751 belieben
2283 2691 2329 2751 sich

1365 2737 1493 2797 deshalb
1519 2733 1568 2793 bey
1587 2735 1667 2795 jedem
1704 2739 1852 2799 Postamt
1871 2739 1957 2799 ihres
1977 2739 2056 2799 Orts
2087 2740 2118 2800 zu
2156 2736 2290 2796 melden.
