2479 3508
283 369 386 429 rücken
415 366 442 426 zu
470 363 579 423 laßen,
596 360 630 420 um
674 357 795 417 sowohl
812 357 861 417 den
884 356 1142 416 Unordnungen,
1160 357 1264 417 welche

283 416 329 476 die
350 414 489 474 Tartern
521 406 639 466 disseits
671 404 872 464 verursachen
899 404 1064 464 könnten,
1085 404 1276 464 vorzukom¬

282 464 374 524 men,
391 462 434 522 als
457 457 527 517 auch
554 454 608 514 auf
631 449 674 509 die
696 452 881 512 Eräugnisse
903 452 952 512 bey
985 452 1033 512 der
1056 450 1273 510 bevorstehen¬

288 512 341 572 den
368 506 469 566 Wahl
491 503 575 563 eines
603 500 746 560 Königes
773 497 826 557 von
853 499 980 559 Pohlen
1013 498 1055 558 ein
1082 498 1273 558 wachsames

291 560 382 620 Auge
404 557 431 617 zu
458 551 577 611 haben.
604 548 679 608 Mit
702 551 787 611 denen
810 548 906 608 Höfen
939 548 966 608 zu
994 545 1188 605 Petersburg
1210 547 1269 607 und

291 606 404 666 Berlin
435 600 538 660 wurde
564 595 766 655 dieserwegen
802 595 865 655 eine
881 595 1059 655 vorläufige
1079 595 1281 655 Unterhand¬

292 655 362 715 lung
383 649 564 709 gepflogen,
575 644 605 704 um
641 643 691 703 den
717 643 813 703 Anlaß
834 643 864 703 zu
890 643 970 703 einem
1006 643 1178 703 etwanigen
1204 642 1279 702 Arg=

294 703 384 763 wohn
414 698 470 758 und
506 694 748 754 mißbeliebigen
779 691 1047 751 Vermuthungen
1083 688 1279 748 abzuschnei¬

292 751 368 811 den.
416 745 492 805 Der
512 741 660 801 General
680 739 732 799 von
761 739 808 799 der
833 739 1014 799 Cavallerie
1039 736 1100 796 und
1120 736 1282 796 General¬

299 796 434 856 commen
447 793 522 853 dant
547 786 570 846 in
594 787 841 847 Siebenbuͤrgen
866 787 1019 847 Freyherr
1043 786 1095 846 von
1120 786 1278 846 Buccow,

294 848 330 908 ist
351 845 413 905 mit
435 837 523 897 Tode
544 834 768 894 abgegangen.

542 882 725 942 Altona,
760 882 815 942 den
849 882 910 942 12.
938 882 1032 942 Jun.

338 936 415 996 Wie
431 934 498 994 man
524 933 613 993 heute
629 930 680 990 von
706 928 914 988 Copenhagen
935 927 1126 987 vernimmt,
1137 924 1158 984 so
1179 924 1271 984 haben

297 987 327 1047 am
364 984 430 1044 7ten
452 982 539 1042 dieses
565 978 611 1038 des
632 977 792 1037 Morgens
813 975 843 1035 um
880 975 890 1035 3
911 975 972 1035 Uhr
993 974 1044 1034 auf
1060 972 1106 1032 dem
1138 972 1276 1032 Schlosse

300 1030 505 1090 Sorgenfrey
533 1024 619 1084 Ihro
641 1022 776 1082 Durchl.
787 1020 846 1080 Fr.
857 1019 992 1079 Sophia
1014 1016 1165 1076 Carolina
1187 1016 1284 1076 Chri¬

306 1073 377 1133 stina
397 1073 531 1133 Henrica
555 1067 689 1127 geborne
714 1064 914 1124 Markgräfin
944 1064 996 1124 von
1025 1064 1284 1124 Brandenburg¬

305 1123 495 1183 Culmbach,
511 1112 717 1172 verwittwete
733 1112 853 1172 Fürstin
879 1109 934 1169 von
959 1109 1196 1169 Ostfriesland,
1211 1106 1281 1166 geb.

298 1170 348 1230 den
378 1169 469 1229 31ten
498 1166 600 1226 März
617 1157 725 1217 1707.
743 1157 829 1217 Jhro
858 1157 948 1217 Maj.
972 1157 1017 1217 der
1041 1157 1177 1217 Königin
1201 1154 1274 1214 Frau

301 1217 434 1277 Mutter
463 1213 596 1273 jüngere
626 1209 707 1269 Frau
736 1204 938 1264 Schwester,
963 1204 1020 1264 das
1050 1204 1200 1264 Zeitliche
1223 1204 1286 1264 mit

298 1267 348 1327 dem
393 1264 520 1324 Ewigen
549 1256 760 1316 verwechselt.

558 1309 717 1369 Paris,
746 1306 798 1366 den
838 1303 895 1363 30.
924 1303 1032 1363 May.

352 1360 422 1420 Sr.
435 1360 529 1420 Maj.
542 1358 636 1418 haben
660 1354 707 1414 den
731 1354 891 1414 Cardinal
910 1351 962 1411 von
986 1351 1110 1411 Bernis
1129 1351 1182 1411 zum
1218 1345 1282 1405 Erz=

300 1410 413 1470 bischof
435 1408 489 1468 von
516 1407 597 1467 Alby
625 1404 776 1464 ernennt.
798 1401 1069 1461 Höchstdieselben
1097 1401 1194 1461 haben
1221 1399 1275 1459 das

299 1458 473 1518 ehemalige
490 1452 786 1512 Jesuitercollegium
824 1449 855 1509 zu
882 1448 908 1508 la
924 1448 1046 1508 Fleche,
1062 1448 1146 1508 einer
1168 1446 1188 1506 in
1216 1446 1262 1506 dem

298 1506 572 1566 Gouvernement
588 1500 636 1560 von
661 1499 759 1559 Anjou
784 1497 813 1557 an
834 1497 882 1557 der
897 1496 980 1556 Loire
996 1494 1142 1554 gelegnen
1162 1494 1284 1554 Stadt,

298 1562 325 1622 zu
358 1554 444 1614 einer
472 1548 728 1608 Militairschule
756 1545 804 1605 für
826 1542 891 1602 500
924 1544 1016 1604 junge
1044 1543 1207 1603 Edelleute
1235 1540 1283 1600 be¬

302 1602 432 1662 stimmt.
469 1597 539 1657 Die
565 1595 671 1655 unterm
712 1590 777 1650 7ten
809 1590 914 1650 Aprill
935 1590 1097 1650 deswegen
1123 1589 1284 1649 ergangne

307 1646 522 1706 Verordnung
549 1640 583 1700 ist
604 1639 659 1699 nun
690 1637 714 1697 im
750 1637 851 1697 Druck
877 1634 1068 1694 erschienen,
1083 1631 1138 1691 und
1164 1632 1289 1692 enthält

304 1696 343 1756 44
368 1691 501 1751 Artikel,
516 1682 658 1742 vermöge
683 1682 831 1742 derselben
856 1676 914 1736 200
944 1676 1057 1736 adliche
1077 1676 1195 1736 Kinder
1220 1675 1293 1735 zwi¬

307 1738 382 1798 schen
404 1735 414 1795 8
437 1731 496 1791 und
518 1730 550 1790 11
578 1726 697 1786 Jahren
724 1721 881 1781 beständig
909 1719 930 1779 in
958 1720 1114 1780 gedachtem
1148 1718 1283 1778 Collegio

310 1784 368 1844 auf
390 1780 431 1840 die
448 1778 505 1838 Art
522 1773 579 1833 wie
596 1769 616 1829 in
648 1768 695 1828 der
712 1766 802 1826 Ecole
823 1766 976 1826 militaire
998 1766 1124 1826 erzogen
1151 1764 1288 1824 werden.

327 1828 400 1888 Doch
425 1825 535 1885 können
561 1817 689 1877 Waysen
715 1817 757 1877 bis
776 1817 825 1877 ins
850 1814 917 1874 13te
936 1817 1022 1877 Jahr
1041 1817 1090 1877 zur
1109 1816 1287 1876 Aufnahme

311 1876 481 1936 gelangen.
510 1867 576 1927 Die
593 1867 647 1927 250
676 1868 797 1928 Platze,
809 1864 914 1924 welche
937 1867 958 1927 in
986 1867 1035 1927 der
1053 1865 1141 1925 Ecole
1158 1864 1290 1924 militai¬

304 1927 336 1987 re
348 1927 420 1987 noch
437 1924 464 1984 zu
493 1921 614 1981 besetzen
637 1920 715 1980 sind,
732 1918 820 1978 sollen
849 1916 965 1976 forthin
994 1917 1076 1977 nicht
1094 1915 1210 1975 anders
1238 1914 1282 1974 als

310 1978 391 2038 durch
415 1973 502 2033 solche
526 1972 619 2032 junge
638 1968 794 2028 Edelleute
819 1963 923 2023 besetzt
941 1963 1087 2023 werden,
1105 1965 1151 2025 die
1170 1961 1285 2021 vorher

319 2025 391 2085 schon
420 2023 448 2083 in
476 2020 521 2080 dem
561 2017 701 2077 Collegio
724 2017 751 2077 zu
780 2014 808 2074 la
831 2014 932 2074 Fleche
955 2011 1112 2071 gewesen,
1135 2013 1190 2073 und
1225 2011 1281 2071 das

311 2075 387 2135 14te
410 2072 498 2132 Jahr
526 2066 741 2126 zurückgelegt
758 2061 873 2121 haben.
924 2058 995 2118 Die
1018 2058 1210 2118 Ernennung
1239 2061 1293 2121 sol¬

316 2121 373 2181 cher
397 2119 518 2179 Kinder
542 2115 645 2175 behalt
669 2112 715 2172 sich
738 2111 790 2171 der
814 2107 917 2167 König
947 2103 1015 2163 vor.

522 2159 769 2219 Warschau,
800 2156 852 2216 den
894 2155 958 2215 11.
989 2157 1082 2217 Jun.

362 2212 408 2272 Am
445 2208 568 2268 vorigen
600 2204 755 2264 Mitwoch
787 2199 833 2259 als
859 2199 911 2259 den
942 2204 1009 2264 7ten
1041 2202 1138 2262 dieses
1171 2199 1299 2259 verord¬

320 2258 384 2318 nete
405 2255 475 2315 man
501 2249 681 2309 überhaupt
702 2245 751 2305 für
777 2245 832 2305 alle
852 2245 1003 2305 Stadte,
1023 2249 1073 2309 daß
1104 2249 1184 2309 wenn
1214 2249 1284 2309 auch

318 2303 481 2363 Edelleute
502 2297 560 2357 und
587 2293 754 2353 Geistliche
776 2293 923 2353 darinnen
960 2297 1023 2357 was
1055 2297 1212 2357 besäßen,
1234 2299 1291 2359 sol¬

321 2354 385 2414 ches
407 2347 499 2407 ihnem
526 2342 590 2402 nie,
612 2341 666 2401 wie
688 2339 796 2399 bisher
818 2341 969 2401 gewesen,
986 2347 1050 2407 eine
1067 2346 1293 2406 Gerichtsbar¬

319 2402 377 2462 keit
396 2399 472 2459 über
496 2394 543 2454 den
573 2389 690 2449 Grund
715 2387 891 2447 verschaffen
921 2393 1050 2453 könnte,
1074 2396 1144 2456 noch
1169 2396 1215 2456 die
1234 2393 1292 2453 Er=

320 2450 449 2510 laubniß
480 2443 536 2503 zum
580 2437 759 2497 Nachtheil
784 2435 833 2495 der
858 2439 1092 2499 Burgerlichen
1125 2443 1291 2503 allerhand

317 2500 433 2560 Leute,
458 2493 482 2553 so
514 2491 599 2551 ihrer
624 2482 783 2542 Nahrung
821 2485 986 2545 hinderlich
1018 2491 1152 2551 wären,
1171 2491 1287 2551 darauf

321 2544 379 2604 frey
410 2545 457 2605 ihr
475 2537 640 2597 Gewerbe
659 2533 777 2593 treiben
807 2530 836 2590 zu
860 2532 972 2592 laßen,
997 2536 1067 2596 oder
1098 2537 1186 2597 selbst
1204 2539 1298 2599 Nah=

317 2595 398 2655 rung
424 2593 455 2653 z.
468 2588 511 2648 E.
531 2588 594 2648 mit
613 2585 706 2645 Bier=
726 2581 795 2641 oder
821 2583 1147 2643 Brandtweinschank
1167 2587 1198 2647 zu
1224 2587 1298 2647 trei¬

316 2641 393 2701 ben.
443 2638 527 2698 Man
555 2637 616 2697 fing
644 2634 710 2694 auch
745 2626 850 2686 hiebey
885 2624 945 2684 an,
973 2629 1023 2689 daß
1063 2633 1145 2693 keine
1175 2632 1302 2692 Ankau¬

323 2688 392 2748 fung
415 2684 484 2744 oder
508 2682 744 2742 Verschenkung
773 2676 819 2736 bey
849 2670 894 2730 den
918 2674 1096 2734 Geistlichen
1120 2679 1206 2739 mehr
1224 2679 1293 2739 statt

320 2735 411 2795 haben
443 2730 548 2790 sollte,
573 2730 635 2790 und
660 2727 715 2787 hob
741 2723 789 2783 die
809 2721 857 2781 den
890 2718 963 2778 schon
1000 2726 1130 2786 deshalb
1155 2727 1297 2787 vorhan=

323 2784 412 2844 denen
443 2778 581 2838 Gesetzen
612 2775 744 2835 zuwider
775 2770 955 2830 geschehene
975 2773 1203 2833 Ankaufungen
1233 2775 1287 2835 und

321 2827 598 2887 Verschenkungen
627 2823 695 2883 auf.
741 2820 887 2880 Darauf
905 2820 1029 2880 außerte
1053 2820 1097 2880 der
1115 2823 1290 2883 Großkanz

319 2880 363 2940 ler
398 2879 448 2939 von
483 2874 635 2934 Lithauen
670 2873 765 2933 Fürst
789 2867 992 2927 Chatoryski
1016 2867 1100 2927 seine
1123 2870 1287 2930 Gedanken

1317 356 1393 416 über
1415 354 1464 414 die
1479 357 1703 417 Unbilligkeit,
1725 357 1774 417 daß
1803 356 1908 416 bisher
1937 354 1957 414 in
1993 354 2042 414 den
2064 357 2198 417 Königl.
2219 359 2296 419 Hof=

1313 402 1463 462 gerichten
1499 401 1543 461 die
1575 404 1730 464 Beysitzer
1761 404 1847 464 keine
1883 401 2114 461 entscheidende
2140 404 2290 464 Stimme

1315 449 1445 509 gehabt,
1462 449 1586 509 sondern
1615 450 1690 510 alles
1712 453 1848 513 lediglich
1876 454 1930 514 auf
1952 452 2000 512 des
2029 449 2186 509 Kanzlers
2214 449 2300 509 Wil¬

1307 497 1346 557 len
1377 497 1599 557 angekommen
1629 497 1733 557 ware,
1748 502 1802 562 daß
1833 503 1896 563 man
1926 499 1971 559 die
1991 497 2218 557 Wirksamkeit
2239 499 2287 559 den

1318 545 1492 605 Beysitzern
1524 545 1577 605 von
1604 545 1661 605 nun
1694 546 1725 606 an
1752 549 1931 609 zugestehen
1964 548 2016 608 und
2043 545 2212 605 verordnen
2234 545 2302 605 soll=

1313 592 1359 652 te,
1375 592 1426 652 daß
1452 592 1529 652 alles
1550 592 1622 652 nach
1649 592 1700 652 der
1721 595 1891 655 Mehrheit
1912 595 1958 655 der
1984 592 2154 652 Stimmen
2191 593 2299 653 darin¬

1307 640 1360 700 nen
1389 640 1509 700 gehen,
1534 641 1601 701 auch
1635 640 1722 700 keine
1751 643 2002 703 Appellationes
2031 643 2142 703 weiter
2166 643 2219 703 von
2258 640 2286 700 da

1315 688 1438 748 erlaubt
1463 688 1522 748 seyn
1552 688 1651 748 sollten
1681 688 1779 748 weder
1804 691 1833 751 an
1863 691 1917 751 das
1938 691 2209 751 Reichstribunal
2229 690 2293 750 noch

1314 735 1348 795 an
1378 735 1427 795 des
1452 736 1599 796 Koniges
1624 737 1953 797 Relationsgerichte.
2013 739 2101 799 Man
2131 739 2224 799 erhob
2249 738 2298 798 die

1313 784 1513 844 patriotische
1535 784 1762 844 Gesinnungen
1795 786 1887 846 dieses
1920 786 2006 846 selbst
2039 786 2147 846 bisher
2174 786 2201 846 in
2234 785 2287 845 den

1313 828 1420 888 Besitz
1442 828 1539 888 dieses
1571 831 1735 891 wichtigen
1772 831 1942 891 Vorrechts
1979 834 2148 894 gewesenen
2185 832 2298 892 Groß¬

1311 879 1452 939 kanzlers
1479 878 1534 938 und
1560 876 1615 936 soll
1637 879 1676 939 ein
1702 879 1844 939 Schluß,
1865 881 1910 941 der
1936 880 1987 940 dem
2028 879 2185 939 gedachten
2217 879 2307 939 Vor¬

1315 927 1402 987 trage
1423 924 1511 984 völlig
1537 925 1681 985 ähnlich,
1708 927 1872 987 erfolgen,
1899 928 1961 988 und
1987 930 2017 990 da
2044 930 2069 990 in
2096 930 2142 990 der
2168 928 2302 988 bekann¬

1313 970 1357 1030 ten
1393 969 1589 1029 Streitsache
1615 969 1755 1029 zwischen
1786 971 1836 1031 dem
1887 972 1957 1032 seel.
1977 975 2199 1035 Großkanzler
2219 975 2299 1035 Ma¬

1318 1016 1488 1076 lachowski
1504 1016 1559 1076 und
1579 1016 1630 1076 dem
1665 1016 1781 1076 jetzigen
1807 1020 2124 1080 Kronhofmarschall
2139 1022 2290 1082 Mniszech

1314 1061 1381 1121 eben
1414 1060 1513 1120 wegen
1541 1061 1636 1121 dieses
1664 1061 1836 1121 Vorrechts
1868 1061 1913 1121 die
1936 1063 2045 1123 Sache
2073 1067 2104 1127 an
2145 1069 2199 1129 das
2227 1070 2299 1130 Tri¬

1319 1106 1416 1166 bunal
1436 1106 1566 1166 gezogen
1594 1106 1711 1166 worden
1739 1106 1832 1166 war,
1861 1109 1888 1169 so
1917 1109 2023 1169 wurde
2043 1111 2131 1171 gleich
2159 1112 2210 1172 bey
2239 1115 2299 1175 die¬

1319 1153 1358 1213 ser
1384 1154 1600 1214 Gelegenheit
1621 1154 1671 1214 das
1696 1154 1766 1214 beym
1812 1155 1978 1215 Tribunal
1994 1157 2154 1217 hierinnen
2190 1160 2300 1220 ergan¬

1321 1202 1395 1262 gene
1416 1199 1559 1259 Decret,
1586 1199 1660 1259 weil
1676 1201 1797 1261 dorthin
1831 1203 1872 1263 die
1894 1203 2005 1263 Sache
2026 1204 2106 1264 nicht
2133 1204 2159 1264 zu
2191 1205 2291 1265 ziehen

1318 1249 1407 1309 war,
1434 1249 1487 1309 für
1509 1249 1620 1309 nichtig
1642 1249 1795 1309 erkläret.
1854 1249 1975 1309 Zuletzt
2002 1252 2103 1312 fingen
2140 1252 2182 1312 die
2209 1255 2304 1315 Land¬

1321 1297 1403 1357 boten
1435 1297 1646 1357 insgesammt
1667 1300 1729 1360 an,
1755 1300 1801 1360 die
1823 1300 1982 1360 Republik
2009 1301 2215 1361 anzutreten,
2241 1303 2293 1363 daß

1318 1348 1384 1408 man
1416 1348 1446 1408 an
1479 1348 1525 1408 den
1562 1348 1670 1408 Pabst
1686 1346 1732 1406 sich
1769 1348 1924 1408 wenden,
1956 1351 2018 1411 und
2050 1351 2101 1411 das
2132 1350 2282 1410 Bißthum

1319 1399 1428 1459 Wilda
1462 1399 1495 1459 zu
1524 1399 1606 1459 einem
1651 1397 1844 1457 Erzbißthum
1889 1399 2016 1459 erheben
2050 1399 2138 1459 laßen
2172 1402 2304 1462 möchte.

1328 1444 1387 1504 Sie
1408 1448 1534 1508 wüßten
1564 1446 1665 1506 nicht,
1691 1446 1801 1506 warum
1837 1446 1877 1506 sie
1897 1446 1978 1506 nicht
1999 1446 2063 1506 eben
2089 1449 2139 1509 den
2170 1449 2295 1509 Vorzug

1323 1495 1381 1555 und
1408 1495 1455 1555 die
1477 1494 1752 1554 Bequemlichkeit
1773 1494 1874 1554 wegen
1906 1495 1953 1555 der
1975 1495 2144 1555 geistlichen
2171 1497 2308 1557 Rechts¬

1325 1545 1418 1605 sachen
1451 1542 1551 1602 haben
1585 1542 1712 1602 könnten
1751 1539 1811 1599 wie
1839 1539 1955 1599 Groß=
1978 1545 2038 1605 und
2072 1545 2304 1605 Kleinpohlen,

1323 1590 1430 1650 welche
1457 1587 1637 1647 Provinzen
1664 1587 1730 1647 jede
1746 1587 1834 1647 ihren
1860 1589 2055 1649 Erzbischof,
2082 1590 2128 1650 als
2154 1590 2220 1650 jene
2242 1590 2293 1650 den

1329 1631 1536 1691 Gnesenschen
1566 1631 1625 1691 und
1650 1631 1728 1691 diese
1749 1631 1797 1691 den
1827 1631 2068 1691 Lembergischen
2098 1634 2201 1694 hätte.
2232 1634 2305 1694 Sie

1323 1676 1487 1736 bestunden
1524 1673 1642 1733 darauf
1674 1673 1730 1733 mit
1757 1673 1869 1733 solcher
1901 1676 2102 1736 Heftigkeit,
2139 1678 2190 1738 daß
2226 1679 2293 1739 man

1323 1721 1416 1781 ihnen
1451 1720 1494 1780 die
1525 1718 1622 1778 vielen
1647 1718 1947 1778 Inconvenienzien
1982 1721 2084 1781 wegen
2120 1724 2168 1784 der
2198 1724 2306 1784 bishe¬

1325 1770 1404 1830 rigen
1438 1766 1681 1826 Einrichtungen
1716 1766 1766 1826 der
1790 1766 1970 1826 Diöcesen,
2005 1769 2106 1829 wegen
2141 1770 2191 1830 der
2220 1775 2293 1835 über

1331 1819 1378 1879 den
1408 1817 1537 1877 Bischof
1556 1817 1609 1877 von
1639 1817 1745 1877 Wilda
1769 1817 1911 1877 sitzenden
1941 1817 2089 1877 Bischöfe
2113 1818 2148 1878 u.
2166 1819 2189 1879 s.
2207 1821 2248 1881 w.
2267 1825 2295 1885 zu

1329 1870 1489 1930 Gemüthe
1512 1867 1539 1927 zu
1567 1867 1673 1927 führen
1701 1864 1873 1924 vergeblich
1896 1865 2068 1925 arbeitete,
2102 1867 2163 1927 und
2197 1867 2229 1927 da
2263 1870 2301 1930 sie

1330 1921 1374 1981 sich
1402 1918 1484 1978 sogar
1514 1917 1702 1977 ausließen,
1730 1915 1780 1975 den
1808 1915 1980 1975 Reichstag
2003 1915 2064 1975 mit
2086 1915 2302 1975 Widerspruch

1329 1971 1353 2031 zu
1384 1966 1554 2026 verlaßen,
1580 1963 1665 2023 wenn
1696 1963 1766 2023 man
1797 1966 1958 2026 hierinnen
1994 1965 2074 2025 nicht
2099 1963 2159 2023 mit
2185 1966 2305 2026 beytre=

1326 2014 1369 2074 ten
1402 2011 1528 2071 wollte,
1550 2011 1576 2071 so
1604 2011 1708 2071 wurde
1730 2012 1778 2072 die
1801 2013 1931 2073 Session
1965 2014 2008 2074 bis
2036 2013 2090 2073 auf
2118 2014 2166 2074 den
2194 2014 2319 2074 folgen=

1326 2062 1374 2122 den
1407 2061 1613 2121 Donnerstag
1641 2059 1781 2119 verlegt,
1804 2058 1857 2118 von
1896 2061 1944 2121 der
1967 2061 2036 2121 man
2069 2064 2118 2124 den
2146 2064 2302 2124 Ausgang

1323 2109 1413 2169 dieser
1444 2108 1556 2168 Sache
1587 2104 1748 2164 erwartet.
1805 2106 1881 2166 Von
1917 2109 2007 2169 denen
2044 2111 2134 2171 gegen
2171 2112 2221 2172 die
2247 2114 2297 2174 bey

1325 2157 1372 2217 dem
1410 2154 1558 2214 Castellan
1580 2151 1633 2211 von
1660 2152 1771 2212 Cracau
1804 2151 1856 2211 und
1878 2157 2213 2217 Krongroßfeldherrn
2235 2163 2298 2223 noch

1330 2204 1527 2264 befindlichen
1556 2199 1731 2259 Truppen,
1748 2199 1963 2259 abgeschickten
1992 2208 2223 2268 Detachement
2252 2211 2302 2271 der

1331 2251 1515 2311 Republik,
1539 2245 1596 2305 sind
1626 2243 1689 2303 auch
1719 2243 1764 2303 die
1788 2246 1915 2306 daselbst
1939 2249 2106 2309 gewesenen
2136 2254 2222 2314 Hrn.
2240 2252 2308 2312 Po=

1330 2296 1539 2356 nigtowskier
1557 2293 1667 2353 allhier
1696 2292 1921 2352 eingetrossen,
1944 2295 2005 2355 und
2028 2297 2094 2357 man
2127 2299 2215 2359 will,
2243 2300 2298 2360 daß

1330 2345 1375 2405 ein
1404 2343 1567 2403 Vergleich
1596 2339 1624 2399 im
1670 2340 1766 2400 Werk
1795 2345 1867 2405 sey;
1896 2342 1952 2402 und
1987 2342 2043 2402 daß
2078 2345 2128 2405 der
2151 2350 2297 2410 Castellan

1329 2394 1386 2454 von
1416 2392 1531 2452 Cracau
1560 2388 1606 2448 sich
1630 2387 1710 2447 schon
1740 2392 1797 2452 mit
1815 2393 1907 2453 seinen
1937 2393 2040 2453 Leuten
2070 2395 2104 2455 an
2134 2396 2185 2456 der
2203 2399 2306 2459 Unga=

1330 2443 1436 2503 rischen
1467 2437 1598 2497 Granze
1624 2437 1761 2497 befinde.

1339 2504 1653 2564 Wechsel-Cours
1685 2500 1694 2560 &
1746 2511 1898 2571 Species
1919 2509 1959 2569 d.
1980 2512 2040 2572 21.
2062 2515 2162 2575 Jun.
2184 2518 2305 2578 1764.

1331 2559 1512 2619 Amsterdam
1547 2557 1587 2617 41
1605 2557 1690 2617 Tago
1713 2560 1770 2620 295
1799 2563 1849 2623 gr.

1903 2559 1942 2619 71
1965 2563 2049 2623 Tage
2073 2566 2133 2626 293
2157 2569 2213 2629 gr.

1332 2605 1505 2665 Hamburg
1532 2602 1615 2662 3W.
1635 2605 1692 2665 130
1719 2610 1756 2670 gr

1895 2607 1908 2667 6
1936 2606 1991 2666 W.
2005 2610 2059 2670 129
2095 2616 2142 2676 gr.

1333 2649 1440 2709 Berlin

1790 2652 1943 2712 Dantzig

1333 2700 1473 2760 Ducaten
1494 2696 1567 2756 neue
1589 2696 1601 2756 9
1622 2699 1655 2759 fl.
1669 2704 1769 2764 12gr.

1873 2701 2005 2761 Alberts
2022 2703 2115 2763 Taler
2133 2706 2187 2766 130
2209 2703 2264 2763 gr.

1794 2746 1843 2806 Alt
1860 2750 1993 2810 Polnisch
2021 2751 2087 2811 Geld
2115 2751 2142 2811 16
2171 2751 2220 2811 pr.
2232 2751 2303 2811 Cto.

1337 2750 1443 2810 Rubel
1466 2745 1472 2805 3
1494 2745 1529 2805 fl.
1537 2747 1572 2807 24
1594 2748 1643 2808 gr.

1339 2810 1427 2870 Diese
1441 2802 1575 2862 Gelehrte
1595 2803 1653 2863 und
1673 2805 1826 2865 Politische
1846 2805 1967 2865 Zeitung
1994 2806 2063 2866 wird
2090 2805 2134 2865 des
2161 2808 2307 2868 Montag=

1437 2847 1488 2907 und
1521 2847 1661 2907 Freytags
1684 2847 1703 2907 in
1732 2847 1773 2907 dem
1811 2847 1998 2907 Kanterschen
2031 2847 2198 2907 Buchladen

1713 2885 1922 2945 ausgegeben.
