2034 2755
208 181 1054 267 selben Tag wurde dem Sprecher aufgetragen ein Cir¬
202 251 1053 307 culairschreiben nach Äylesbury auszufertigen, damit
202 294 1053 347 man daselbst zur Wahl seines Nachfolgers schreiten
205 339 1061 387 könnte. Herr Bacon, ein berühmter Kaufmann hie¬
214 381 1056 436 siger Stadt hat diese Stelle erhalten. Den 20 wur¬
202 416 1053 468 de ein Expresser nach Paris abgefertigt, um dem Hn.
211 461 1053 513 Wilkes den Inhalt der wider ihn ergangenen Urthei=
211 506 1061 547 le zu überbringen. Eben denselben Tag wurde von
208 546 1053 598 Robert Wood, Philipp Carteret Webb, Mitgliedern
207 585 1062 641 des Unterhauses, und den Herrn Blackmore, Watson
214 627 1062 682 und Money, Staatsboten, eine Klage über den Ein¬
211 671 1062 723 griff in die Privilegien des Unterhauses, dessen man
217 709 1053 767 sich durch unrechtmäßige Bemächtigung der Persor
208 751 1062 803 und der Papiere des Johann Wilkes schuldig gemacht
217 793 1060 853 hatte, eingegeben und das Unterhaus setzte die Unter¬
217 844 1066 899 suchung daruber bis zum 22sten aus. Den 23sten
220 873 1056 933 geschah im Ober=Parlement die erste Lesung einer
220 926 1063 974 Bil, welche die Naturalisation des Erbprinzen von
210 953 1062 1025 Braunschweig=Lüneburg betraf, und ist hierauf durch
214 1003 1063 1051 beyde Häuser gegangen. Die Gemeinden haben die
223 1040 1068 1093 Untersuchung des ihren Privilegien bey Gelegenheit
214 1087 1060 1127 der Aufhebung des Johann Wilkes und seiner
223 1125 1065 1173 Schriften geschehenen Eingriffes, bis zum 13ten Fe¬
214 1163 1072 1219 bruar. aufgeschoben. Den 24ten wurde in der Be¬
220 1207 1072 1260 rathschlagung wegen des Versuchs über das
220 1249 1068 1297 Frauenzimmer 2c. entschieden, daß Johann Wil¬
217 1290 1074 1343 kes Verfasser und Herausgeber dieser Schrift mit
220 1331 1075 1385 Anmerkungen wäre, und einer andern, die Umschrei¬
217 1383 1072 1431 bung des Veni Creator betittelt ist, und daß er we¬
223 1404 1073 1474 gen dieser Vergehung, von dem Thürhüter mit dem
223 1456 1075 1516 schwarzen Stabe sollte in Verwahrung gebracht wer¬
220 1492 1074 1550 den. Es fielen hierüber lange Wortwechsel vor, wel¬
223 1535 1073 1592 che gleichwol die Entscheidung dieser Sache nicht hin¬
226 1577 1068 1636 derten, ohne daß die Stimmen gesammelt werden durf¬
223 1621 1068 1672 ten. Man trug darauf einer Committen auf, binnen 14
220 1661 1074 1710 Tagen Beyspiele in Ansehung der Strafe, die man
223 1703 1074 1759 in ahnlichen Fallen aufgelegt hätte, aufzusuchen. Den
225 1741 1065 1798 25ten dieses ließ das Ober=Haus dem Herrn Philipp
232 1787 1066 1842 Carteret Webb die Schriften zurück geben, welche ei
220 1828 1068 1890 Befehl hatte den Gemeinden wieder zuzustellen. An
220 1868 1075 1921 eben dem Tage wurde von den Directeurs der Bank
955 1905 1068 1962 Für die
220 1917 934 1962 eine allgemeine Zusammenkunft gehalten.
223 1947 1077 2006 erhaltene Erneurung ihres Privilegii auf 21 Jahre
223 1988 1065 2044 vom Monat August 1765 hat sich selbige anheischi=
226 2034 1074 2097 ge nacht 110000. Pf Sterl. der Regierung zu bezah¬
223 2079 1075 2130 len, und eine Million, die 1766. wieder bezahlt wer¬
223 2116 1078 2170 den soll, Anlehnsweise zu 3 pro Cent auf Exchequier¬
220 2155 1072 2209 billets vorzuschüßen. Man ist gegenwärtig mit An¬
232 2200 1074 2253 fertigung von Planen beschäftigt, welche man dem
235 2236 1077 2299 Parlement übergeben wird, um viele Ländereyen, wel¬
229 2281 1086 2333 che der Krone gehören, zu verzäunen, und die Ein¬
226 2323 1077 2385 künfte davon zur Tilgung der Nationalschulden an
232 2361 1073 2426 züwenden. Weil die Last derselben immer unertrag
1086 181 1941 276 licher wird, so denkt man auch auf andere Mittel sel¬
1083 252 1387 323 bige zu erleichtern.
1301 268 1717 337 Paris, den 23. Jan.
1122 315 1937 386 Unser Erzbischof begab sich den (ten dieses nach
1080 371 1941 421 Versailles und wurde vom Könige sehr frostig em¬
1074 416 1949 464 pfangen. Den 18ten meldete ihm der Staatssecre¬
1080 459 1944 510 tair Graf von St. Florentin im Namen des Köni¬
1083 497 1938 551 ges an, daß er sich zu seinem Bruder ins Schloß de
1083 538 1935 588 la Roque oder nach irgend einen andern Ort bege¬
1083 583 1944 627 ben sollte, wenn es nur 40 Meilen von Paris wäre.
1083 621 1940 672 Anfanglich sagt man, entschloß sich der Erzbischof sich
1089 668 1947 717 nach der Abtey Sept=Fons zu begeben, er hat aber
1086 709 1947 757 nachher die beruhmte Abtey de la Trappe vorgezo¬
1092 756 1948 804 gen, und der König hat seine Einwilligung dazu ge¬
1092 792 1948 844 geben. Er reisete also den 20 dahin ab, weil ihm
1089 832 1945 881 der König nicht mehr als 12 Stunden zu Einrichtung
1095 872 1947 925 seiner hauslichen Angelegenheiten erlaubte. Er hat
1089 913 1950 968 den Bischof von Sidon zu seinem Groß=Vicaire, ihm
1086 958 1947 1005 4 Domherren U. L. F. und 4 Pfarrer zu Paris zur
1092 996 1937 1044 Seite gesetzt, und einen Verwalter seiner Einkünfte
1092 1041 1948 1086 ernannt, der selbige den Armen austheilen soll.
1095 1084 1947 1128 Man glaubt, daß er nicht der einzige Verfaßer des
1092 1124 1956 1181 Mandements sey, und man hat den meisten Verdacht
1092 1165 1705 1223 auf den Bischof Herzog von Langres.
1337 1203 1705 1265 Rom, vom 9. Jan.
1143 1224 1956 1302 Der Herr Johann Baptista Rezzonico wird in
1095 1276 1950 1339 Sr. Päbstl. Heiligkeit Namen zu der bevorstehenden
1095 1330 1952 1400 Römischen Königswahl und Crönung nach Frankfurt
1101 1374 1247 1424 abgehen.
1358 1449 1689 1519 AVERTISSEMENT.
1137 1482 1952 1552 Bey dem Verleger dieser Zeitung ist zu haben: Over¬
1098 1544 1960 1613 beecke Restes de l’ancienne Rome fol. form. Atlant.
1107 1590 1952 1646 3 Vol. 175 fl. Oeuvres du Theatre de Saintfoix, nouv.
1098 1630 1956 1683 Ed. 4 Vol. 12, Paris 762, 10 fl. Der Frau von Go=
1101 1672 1962 1729 mez angenehme und lehrreiche Erzählungen in ver¬
1110 1720 1961 1769 gnugten Tagen, 2 Theile, gr. 8, Berl. 701, 12 fl. 15 gr.
1101 1758 1964 1814 Kupfer zu Chr. F. Gellerts Fabeln und Erzählungen,
1101 1801 1962 1840 2 Theile, 25 Stück, groß 8, 5 fl. Des Herrn Mar¬
1107 1840 1957 1885 quis d' Argens jüdische Briefe, 1ter Theil, 8, 2 fl.
1104 1881 1961 1942 15 gr. Treuherziges Schreiben eines Layenbruders
1107 1927 1950 1976 im Reich, an den Magum in Norden, 8, 762, 6 gr.
1105 1970 1959 2020 Hamburgische Nachricht, Göttingsche Anzeige, Ber¬
1107 2008 1952 2056 linsche Beurtheilung der Kreuzzuge des Philologen,
1104 2047 1960 2107 8, Mitau 763, 21 gr. Die Wurkung der Natur, ein
1107 2089 1925 2142 musicalisch Lustspiel, ital. und deutsch, 8, Berl. 1fl.
1143 2158 1965 2210 Diese Zeitungen werden Montags und Freytags um
1104 2203 1961 2261 10 Uhr Vormittags im Kanterschen Buchladen ausge=
1119 2244 1961 2293 geben, allwo auch noch von den hiesigen resp. Liebhabern
1112 2282 1956 2334 die Pranumeration angenommen wird, Auswärtige
1113 2322 1961 2380 aber belieben sich deshalb bey dem Postamt ihres Ort=
1112 2369 1292 2432 zu melden.
