2479 3508
160 384 295 444 Passiv.
345 383 416 443 Die
438 380 557 440 Türken
590 374 688 434 haben
722 372 775 432 nur
809 373 912 433 zwey
940 372 1146 432 Conjugatio=

165 431 253 491 nen,
276 434 320 494 die
349 428 403 488 auf
426 422 509 482 meck
543 421 609 481 oder
643 417 726 477 mack
766 418 787 478 im
838 419 999 479 Jufinitiv
1033 419 1149 479 ausge=

160 478 241 538 hen.
296 476 361 536 Zum
411 467 666 527 Hülfswort
688 466 775 526 dient
803 467 851 527 ihr
884 467 1047 527 Olmack,
1069 467 1139 527 oder

167 522 275 582 seyn.
324 521 394 581 Der
417 515 568 575 Infinitiv
596 512 633 572 ist
650 514 769 574 biegsam
802 515 861 575 wie
884 515 921 575 ein
949 512 1143 572 Nennwort,

169 572 224 632 und
250 569 320 629 seine
341 563 522 623 Biegungen
553 560 644 620 geben
670 563 851 623 Gerundien
877 563 932 623 und
953 563 1145 623 Supinum,

165 617 286 677 Zusätze
319 612 371 672 von
409 607 530 667 Silben
562 608 620 668 das
647 610 890 670 Participium.
933 607 1144 667 Zeitwörter,

164 661 216 721 die
245 661 326 721 einen
355 655 575 715 Selbstlauter
604 652 661 712 vor
690 654 775 714 meck
805 654 876 714 oder
905 653 991 713 mack
1025 655 1144 715 haben,

165 706 285 766 machen
316 703 360 763 die
381 703 521 763 leidende
542 702 602 762 Art
617 702 702 762 nicht
718 702 778 762 mit
799 701 833 761 il,
849 700 969 760 sondern
1000 703 1034 763 n.
1050 703 1075 763 z.
1095 702 1140 762 E.

163 751 306 811 dimeck,
321 751 439 811 sagen
469 748 631 808 dinmeck,
652 749 800 809 gesagt
820 748 1002 808 werden.

216 792 287 852 Der
309 795 401 855 vierte
427 795 607 855 Abschnitt:
639 795 700 855 1);
706 798 762 858 von
793 795 844 855 den
876 795 1138 855 Adverbien.

159 840 229 900 Die
255 843 376 903 Türken
402 843 549 903 brauchen
580 843 671 903 dafür
697 843 742 903 die
758 843 935 903 Adjectiva,
956 843 1026 903 oder
1047 842 1133 902 setzen

165 891 271 951 hinten
303 889 334 949 zu
367 891 611 951 Substantiven
638 891 802 951 Endsilben
835 891 952 951 hinzu,
974 892 999 952 z.
1021 891 1058 951 E.
1085 887 1137 947 das

164 936 305 996 persische
330 939 461 999 aneh,
487 941 537 1001 bey
562 939 688 999 Namen
725 938 775 998 der
800 939 916 999 Länder
937 938 997 998 und
1023 936 1138 996 Völker

164 984 269 1044 dsche
296 985 370 1045 oder
392 990 502 1050 tsche,
519 990 550 1050 z.
566 989 608 1049 E.
624 984 814 1044 Nemtsche,
832 986 873 1046 ein
900 984 1143 1044 Deutscher,

164 1031 437 1091 nemtschedsche,
458 1035 638 1095 deutsch,
665 1031 737 1091 léh,
763 1033 804 1093 ein
836 1032 969 1092 Pole,
986 1031 1140 1091 lehtsche,

160 1082 365 1142 polnisch.
388 1082 474 1142 Ewet
496 1084 528 1144 ist
550 1082 604 1142 ja,
621 1082 669 1142 iok
697 1079 735 1139 ist
751 1079 865 1139 nein.
887 1079 930 1139 2)
952 1079 1017 1139 Von
1044 1079 1141 1139 Fúr¬

162 1127 363 1187 wörtern.
409 1130 510 1190 Diese
530 1130 590 1190 sind
616 1129 672 1189 alle
697 1125 747 1185 bey
783 1127 833 1187 den
864 1127 985 1187 Türken
1016 1127 1141 1187 Nach¬

163 1175 339 1235 wörter,
364 1173 648 1233 (Postpositiones)
673 1174 736 1234 mit
762 1175 810 1235 dem
850 1175 996 1235 Nomin.
1012 1175 1134 1235 Dativ.

165 1222 312 1282 Ablativ.
339 1221 381 1281 3)
398 1216 465 1276 Von
498 1219 861 1279 Bindewörtern.
883 1222 925 1282 4)
941 1221 1009 1281 Von
1036 1222 1136 1282 Aus¬

160 1264 578 1324 rufungswörtern,
609 1266 639 1326 z.
665 1264 714 1324 E.
741 1264 806 1324 ba,
831 1264 877 1324 o!
903 1264 1008 1324 meded
1044 1267 1144 1327 allah,

159 1312 173 1372 o
197 1310 302 1370 Gott!
327 1309 399 1369 hai,
418 1308 490 1368 ach!
514 1306 591 1366 waj,
606 1307 696 1367 weh!
721 1306 802 1366 poh,
817 1306 898 1366 poh,
917 1309 984 1369 gut.

206 1353 280 1413 Der
316 1352 422 1412 fünfte
453 1351 618 1411 Abschnitt
644 1351 705 1411 von
750 1349 800 1409 der
837 1351 1128 1411 Wortfügung

166 1399 348 1459 (Syntar).
397 1393 469 1453 Die
498 1393 622 1453 Turken
657 1393 815 1453 dutzen,
844 1395 887 1455 die
922 1393 1142 1453 Complimen¬

160 1443 298 1503 tensucht
318 1440 371 1500 hat
392 1437 519 1497 indessen
549 1440 613 1500 auch
643 1437 692 1497 den
718 1437 884 1497 Gebrauch
910 1438 958 1498 des
978 1437 1131 1497 Pluralis

167 1491 236 1551 oder
257 1491 307 1551 der
333 1488 438 1548 dritten
469 1485 584 1545 Person
610 1485 634 1545 im
676 1485 821 1545 Singul.
842 1485 897 1545 wie
922 1485 987 1545 auch
1013 1485 1138 1545 Ehren¬

164 1539 229 1599 titel
251 1536 452 1596 eingeführt.
491 1533 697 1593 Gewöhnlich
725 1534 806 1594 steht
822 1536 876 1596 das
905 1534 1061 1594 Zeitwort
1084 1533 1132 1593 vor

159 1590 206 1650 dem
255 1587 403 1647 regierten
436 1586 703 1646 Biegungsfall,
724 1585 798 1645 weil
826 1585 873 1645 die
901 1584 1023 1644 Türken
1061 1584 1135 1644 aber

159 1638 206 1698 den
233 1637 435 1697 perjodischen
473 1634 552 1694 Stil
579 1634 707 1694 lieben,
729 1631 776 1691 oft
798 1633 834 1693 am
872 1634 962 1694 Ende
989 1633 1042 1693 der
1074 1634 1138 1694 Re¬

159 1688 308 1748 densart.
367 1685 435 1745 Die
463 1685 622 1745 Adjectiva
660 1684 718 1744 sind
746 1685 980 1745 indeclinabel,
1008 1686 1034 1746 so
1066 1685 1135 1745 auch

167 1739 386 1799 Participien,
410 1739 492 1799 Für=
510 1736 563 1796 und
594 1733 806 1793 Zahlwörter.
854 1737 924 1797 Sie
942 1737 1037 1797 stehen
1067 1735 1137 1795 stets

413 1886 604 1946 Berlin,
631 1885 684 1945 den
722 1885 759 1945 5.
786 1885 887 1945 May.

215 1940 342 2000 Achmet
364 1936 507 1996 Effendi,
523 1933 571 1993 der
593 1930 751 1990 Türkische
768 1930 985 1990 Abgesandte,
1001 1930 1065 1990 trat
1081 1930 1134 1990 den

165 1987 230 2047 2ten
265 1985 361 2045 dieses
387 1979 593 2039 Vormittags
624 1977 705 2037 seine
726 1976 891 2036 Rückreise
923 1975 998 2035 über
1024 1975 1139 2035 Frank¬

161 2034 228 2094 furt
244 2031 279 2091 an
311 2031 357 2091 der
384 2028 488 2088 Oder,
514 2025 602 2085 durch
628 2023 789 2083 Schlesien
816 2023 883 2083 nach
910 2020 1138 2080 Constantino¬

165 2077 212 2137 pel
229 2079 286 2139 an.
335 2070 451 2130 Wenig
478 2072 563 2132 Tage
590 2070 642 2130 vor
670 2071 764 2131 seiner
791 2070 918 2130 Abreise
945 2067 1040 2127 haben
1068 2067 1141 2127 Se.

171 2125 266 2185 Maj.
282 2122 330 2182 der
357 2121 483 2181 König,
510 2121 679 2181 demselben
711 2118 727 2178 2
754 2120 817 2180 mit
833 2118 971 2178 Steinen
1009 2115 1135 2175 besetzte,

163 2174 224 2234 und
251 2172 307 2232 mit
329 2169 431 2229 maßiv
453 2170 535 2230 Gold
561 2169 742 2229 ausgelegte
758 2169 871 2229 Flinten
898 2166 954 2226 wie
970 2163 1032 2223 auch
1053 2163 1130 2223 zwey

169 2220 255 2280 Paar
278 2220 419 2280 Pistolen
447 2220 501 2280 von
529 2220 653 2280 gleicher
676 2217 805 2277 Arbeit,
828 2217 882 2277 für
904 2214 952 2274 den
980 2211 1143 2271 Großsul¬

164 2271 211 2331 tan
249 2270 296 2330 als
328 2269 365 2329 ein
403 2267 561 2327 Geschenk
588 2264 794 2324 einhändigen
832 2261 942 2321 laßen.
991 2260 1038 2320 An
1065 2258 1128 2318 eben

169 2319 215 2379 dem
262 2318 349 2378 Tage
365 2315 592 2375 Nachmittags
618 2312 710 2372 trafen
737 2312 803 2372 Se.
820 2311 953 2371 Königl.
969 2308 1056 2368 Maj.
1078 2303 1129 2363 von

164 2365 310 2425 Potsdam
355 2366 409 2426 auf
426 2363 692 2423 Charlottenburg
709 2360 774 2420 ein,
791 2360 812 2420 in
839 2358 1040 2418 Gesellschaft
1052 2351 1133 2411 Ihro

165 2414 211 2474 K.
232 2416 278 2476 H.
304 2416 355 2476 der
387 2411 494 2471 beyden
526 2408 659 2468 Prinzen
701 2405 752 2465 von
784 2405 958 2465 Preussen,
980 2401 1036 2461 und
1062 2399 1134 2459 Sr.

162 2459 308 2519 Durchl.
330 2458 383 2518 des
411 2455 605 2515 Erbprinzen
643 2452 697 2512 von
724 2455 999 2515 Braunschweig,
1022 2447 1129 2507 welche

169 2509 198 2569 am
244 2506 405 2566 Montage
435 2505 496 2565 aus
521 2500 767 2560 Braunschweig
803 2500 833 2560 zu
859 2500 1005 2560 Potsdam
1045 2494 1140 2554 ange¬

164 2554 295 2614 kommen
326 2551 448 2611 waren.
494 2548 727 2608 Donnerstags
753 2548 798 2608 des
824 2548 986 2608 Morgens
1017 2543 1128 2603 hielten

170 2601 239 2661 Sr.
262 2599 359 2659 Maj.
376 2599 451 2659 über
474 2596 522 2656 die
544 2595 929 2655 Infanterieregimenter
951 2593 1000 2653 von
1027 2589 1140 2649 Forca¬

165 2648 223 2708 de,
255 2646 312 2706 von
345 2643 465 2703 Bülo,
498 2642 550 2702 von
587 2641 703 2701 Ramin
741 2642 798 2702 und
831 2645 888 2705 von
926 2641 1062 2701 Linden,
1089 2637 1115 2697 im

169 2694 402 2754 Thiergarten,
428 2688 485 2748 und
511 2688 567 2748 vor
594 2688 645 2748 der
667 2692 1133 2752 Oranienburger=Landwehr

164 2745 234 2805 über
262 2742 311 2802 das
338 2736 517 2796 Regiment
540 2734 631 2794 Gens
648 2736 795 2796 d'Armes
822 2740 882 2800 und
910 2735 1137 2795 Husarenregi¬

165 2795 254 2855 ment
278 2792 328 2852 von
357 2784 475 2844 Ziethen
499 2784 543 2844 die
567 2784 696 2844 Revüe.
725 2784 872 2844 Hierauf
895 2787 1036 2847 geruhten
1065 2780 1132 2840 Se.

165 2844 303 2904 Majest.
322 2841 345 2901 in
376 2835 569 2895 Begleitung
606 2832 655 2892 des
680 2835 872 2895 Erbprinzen
910 2839 964 2899 von
1001 2833 1139 2893 Braun¬

1177 370 1231 430 vor
1258 371 1306 431 dem
1350 369 1560 429 Substantiv.
1588 369 1663 429 Das
1686 374 1885 434 Participium
1929 376 2042 436 regiert
2059 375 2150 435 einer=

1176 416 1218 476 ley
1245 416 1345 476 Casum
1383 416 1441 476 mit
1463 416 1510 476 dem
1553 416 1675 476 Verbo.
1707 419 1781 479 Von
1808 422 1887 482 zwey
1914 422 1956 482 sich
1983 425 2142 485 folgenden

1176 465 1408 525 Substantiven
1440 464 1554 524 kömmt
1576 464 1637 524 eins
1664 464 1689 524 im
1726 469 1881 529 Genitiv.
1908 470 1980 530 Bey
2001 470 2141 530 Zahlung

1176 512 1227 572 der
1243 514 1371 574 Grössen
1398 512 1459 572 sind
1480 509 1578 569 davon
1604 512 1831 572 Ausnahmen.
1857 515 1955 575 Wenn
1986 518 2042 578 wir
2059 518 2135 578 sagen

1176 557 1216 617 ein
1248 560 1341 620 Löffel
1367 560 1433 620 von
1471 557 1615 617 Silber,
1636 558 1661 618 so
1688 560 1755 620 sagt
1776 562 1827 622 der
1853 563 1956 623 Türke
1983 566 2153 626 Silber¬

1178 605 1326 665 Löffel.
1353 605 1411 665 Ki,
1427 605 1506 665 daß,
1523 604 1639 664 regiert
1661 604 1708 664 den
1735 608 1925 668 Indicativ.
1974 608 2047 668 Die
2064 611 2148 671 Zeit¬

1175 652 1308 712 wörter,
1323 653 1431 713 welche
1452 652 1505 712 von
1525 650 1693 710 arabischen
1718 652 1915 712 Participien
1940 658 2151 718 abstammen,

1172 700 1307 760 regieren
1338 699 1388 759 den
1413 699 1589 759 Gebefall;
1605 699 1711 759 welche
1732 700 1852 760 Furcht,
1863 697 1948 757 Eckel
1963 703 2018 763 und
2044 706 2144 766 dergl.

1172 748 1340 808 anzeigen,
1357 746 1404 806 den
1436 746 1583 806 Ablativ.
1631 748 1699 808 Auf
1721 748 1836 808 gewisse
1858 746 1973 806 Fragen
2006 750 2053 810 der
2074 751 2148 811 Zei¬

1172 792 1215 852 ten
1244 794 1301 854 und
1326 793 1437 853 Oerter
1461 792 1629 852 antwortet
1648 795 1716 855 man
1745 794 1807 854 mit
1832 794 1879 854 den
1914 797 2153 857 Biegungsfäl=

1172 840 1210 900 len
1244 840 1291 900 der
1311 840 1555 900 Nennwörter,
1579 845 1608 905 z.
1627 843 1675 903 B.
1694 843 1847 903 Kanden?
1877 840 1933 900 von
1963 843 2039 903 wo?
2073 843 2144 903 Bet-

1175 886 1320 946 scheden,
1337 888 1390 948 von
1418 889 1530 949 Wien.
1558 891 1725 951 (Ablativ)
1742 891 1914 951 Katschia?
1936 891 1989 951 wie
2006 891 2141 951 theuer?

1167 933 1242 993 dört
1258 933 1406 993 Ghroza,
1422 934 1487 994 vier
1514 936 1636 996 Thaler
1662 939 1824 999 (Dativ).

1220 981 1293 1041 Der
1315 984 1415 1044 sechste
1437 985 1601 1045 Abschnitt
1618 984 1738 1044 enthält
1761 987 1802 1047 ein
1829 987 1940 1047 kleines
1967 987 2152 1047 Wörter¬

1169 1029 1251 1089 buch
1283 1030 1344 1090 und
1376 1030 1427 1090 die
1454 1034 1624 1094 nöthigsten
1656 1036 1951 1096 Redensarten
1983 1037 2008 1097 im
2050 1037 2148 1097 tägli¬

1171 1076 1229 1136 chen
1261 1076 1383 1136 Leben;
1411 1080 1464 1140 der
1486 1082 1624 1142 siebende
1646 1084 1784 1144 zwanzig
1811 1086 2040 1146 Gespräche
2073 1085 2147 1145 über

1171 1125 1314 1185 ähnliche
1341 1127 1505 1187 Vorfalle.

1220 1172 1286 1232 Die
1308 1175 1499 1235 Aussprache
1515 1178 1686 1238 verändert
1697 1175 1743 1235 oft
1759 1176 1800 1236 die
1821 1178 2054 1238 Weichheit
2075 1178 2147 1238 oder

1170 1219 1307 1279 Härte
1338 1219 1386 1279 der
1411 1222 1539 1282 Selbst=
1554 1222 1613 1282 und
1638 1222 1814 1282 Mitlauter
1845 1222 2002 1282 genauer,
2027 1222 2076 1282 als
2111 1222 2140 1282 es

1170 1264 1213 1324 sich
1242 1264 1299 1324 mit
1315 1264 1507 1324 Buchstaben
1541 1265 1680 1325 anzeigen
1709 1264 1791 1324 läßt,
1810 1265 1867 1325 und
1893 1267 2051 1327 bestimmt
2071 1267 2137 1327 auch

1169 1307 1220 1367 den
1249 1307 1314 1367 Ton
1347 1309 1411 1369 oder
1435 1309 1547 1369 Accent
1571 1307 1621 1367 der
1636 1309 1776 1369 Silben.
1828 1310 1916 1370 Dies
1940 1309 1981 1369 sey
2005 1312 2135 1372 indessen

1173 1348 1211 1408 ein
1240 1349 1350 1409 kleiner
1375 1349 1475 1409 Anbiß
1504 1350 1556 1410 für
1586 1351 1672 1411 einen
1697 1351 1889 1411 Liebhaber,
1913 1354 1965 1414 der
1985 1354 2090 1414 weiter
2115 1357 2138 1417 in

1167 1393 1216 1453 die
1241 1392 1363 1452 Schule
1384 1395 1477 1455 gehen
1507 1396 1585 1456 will,
1596 1396 1654 1456 und
1679 1399 1728 1459 für
1748 1399 1959 1459 Neugierige,
1980 1402 2024 1462 die
2044 1404 2137 1464 etwas

1166 1435 1222 1495 von
1250 1437 1330 1497 einer
1358 1439 1502 1499 Sprache
1536 1440 1633 1500 wissen
1662 1443 1796 1503 mögen,
1826 1445 1886 1505 mit
1909 1445 2040 1505 welcher
2068 1449 2138 1509 man

1168 1485 1291 1545 einmal
1313 1485 1374 1545 noch
1406 1488 1494 1548 mehr
1520 1491 1748 1551 Freundschaft
1764 1491 1883 1551 machen
1915 1494 2033 1554 dürfte.
2070 1497 2142 1557 Wir

1171 1533 1287 1593 merken
1314 1536 1382 1596 noch
1409 1535 1445 1595 ein
1477 1538 1566 1598 Paar
1588 1539 1715 1599 Wörter
1737 1541 1799 1601 an,
1816 1539 1889 1599 Sofa
1911 1542 2000 1602 heißt
2016 1544 2042 1604 im
2080 1544 2148 1604 tür¬

1163 1584 1271 1644 kischen
1310 1584 1353 1644 ein
1392 1587 1534 1647 Saal,
1562 1587 1687 1647 Tatar,
1715 1588 1758 1648 ein
1796 1587 2004 1647 Tartar.:
2048 1594 2134 1654 Man

1168 1634 1297 1694 schreibt
1331 1634 1389 1694 also
1423 1634 1481 1694 mit
1515 1637 1633 1697 einigen
1666 1640 1936 1700 Erdbeschreibern
1980 1640 2066 1700 nicht
2093 1643 2147 1703 un¬

1168 1684 1273 1744 recht:
1305 1685 1352 1745 die
1384 1688 1573 1748 Tatarn,
1605 1689 1762 1749 gleichfals
1800 1691 2057 1751 Stammwörter
2089 1693 2141 1753 der

1174 1734 1315 1794 Turken,
1332 1736 1392 1796 und
1414 1736 1502 1796 ihrer
1524 1739 1687 1799 Sprache.

1172 1885 1291 1945 schweig
1319 1888 1461 1948 Durchl.
1478 1888 1527 1948 die
1544 1891 1657 1951 hiesige
1686 1896 2019 1956 Prorcellainfabrike
2036 1897 2063 1957 in
2091 1897 2155 1957 Au¬

1177 1930 1322 1990 genschein
1353 1930 1383 1990 zu
1409 1933 1560 1993 nehmen,
1586 1937 1646 1997 und
1672 1939 1772 1999 hatten
1803 1942 1944 2002 Mittags
1975 1940 2065 2000 große
2091 1942 2151 2002 Ta¬

1168 1978 1207 2038 fel
1228 1977 1252 2037 zu
1282 1978 1572 2038 Charlottenburg.
1612 1984 1745 2044 Gestern
1775 1983 1824 2043 des
1854 1984 2016 2044 Morgens
2042 1987 2149 2047 passir¬

1173 2023 1217 2083 ten
1252 2022 1296 2082 die
1327 2020 1454 2080 übrigen
1484 2025 1895 2085 Infanterieregimenter,
1920 2029 2023 2089 Prinz
2049 2031 2156 2091 Fried¬

1173 2067 1227 2127 rich
1257 2065 1305 2125 von
1335 2065 1609 2125 Braunschweig,
1634 2069 1688 2129 von
1718 2071 1854 2131 Zeunert
1884 2071 1938 2131 und
1968 2071 2055 2131 Graf
2081 2075 2134 2135 von

1175 2115 1274 2175 Lottum
1319 2112 1402 2172 nebst
1423 2112 1471 2172 dem
1511 2115 1664 2175 Escadron
1694 2117 1743 2177 der
1764 2118 1877 2178 Garde
1902 2118 1936 2178 du
1961 2118 2064 2178 Corps
2095 2120 2143 2180 die

1175 2160 1435 2220 Specialrevüe,
1458 2160 1585 2220 worauf
1614 2163 1657 2223 sich
1686 2168 1774 2228 Ihro
1808 2168 1902 2228 Maj.
1930 2169 1996 2229 nach
2030 2169 2146 2229 Span¬

1175 2209 1228 2269 dau
1266 2205 1433 2265 begaben,
1471 2209 1552 2269 über
1580 2211 1633 2271 das
1672 2215 1800 2275 daselbst
1823 2216 1850 2276 in
1883 2217 2060 2277 Besatzung
2093 2219 2146 2279 ste¬

1172 2256 1263 2316 hende
1302 2256 1659 2316 Infanterieregiment
1692 2264 1768 2324 Sr.
1795 2267 1844 2327 K.
1866 2267 1914 2327 H.
1948 2267 2001 2327 des
2040 2267 2147 2327 Prin¬

1172 2305 1214 2365 zen
1257 2301 1426 2361 Heinrichs
1458 2308 1612 2368 ebenfalls
1650 2315 1888 2375 Specialrevüe
1921 2318 2064 2378 hielten,
2086 2318 2138 2378 das

1174 2349 1415 2409 Mittagsmahl
1442 2352 1493 2412 bey
1524 2358 1591 2418 Sr.
1612 2363 1658 2423 K.
1679 2363 1725 2423 H.
1751 2366 1936 2426 einnahmen
1978 2366 2034 2426 und
2071 2364 2137 2424 nach

1178 2396 1321 2456 Potsdam
1364 2402 1615 2462 zurückkehrten.
1663 2411 1806 2471 Vorigen
1844 2414 2049 2474 Donnerstag
2081 2413 2142 2473 war

1171 2444 1235 2504 nach
1269 2443 1317 2503 den
1355 2449 1544 2509 Osterserien
1583 2457 1740 2517 wiederum
1795 2460 1837 2520 die
1870 2458 1940 2518 erste
1968 2458 2141 2518 öffentliche

1177 2493 1423 2553 Versammlung
1449 2498 1497 2558 der
1516 2503 1658 2563 Königl.
1677 2509 1837 2569 Academie
1862 2503 1911 2563 der
1931 2506 2152 2566 Wissenschaf=

1170 2542 1246 2602 ten,
1271 2541 1329 2601 und
1359 2545 1447 2605 Herr
1478 2547 1577 2607 Prof.
1602 2556 1726 2616 Meckel
1756 2554 1862 2614 verlas
1892 2554 1915 2614 in
1951 2554 2139 2614 lateinischer

1182 2588 1325 2648 Sprache
1362 2593 1579 2653 verschiedene
1621 2601 1832 2661 anatomische
1869 2602 2133 2662 Beobachtungen

1177 2637 1248 2697 über
1285 2638 1345 2698 das
1376 2640 1508 2700 Gehirn
1551 2649 1611 2709 und
1642 2649 1689 2709 die
1714 2646 1920 2706 Eingeweide
1950 2647 2149 2707 wahnsinni¬

1168 2686 1220 2746 ger
1247 2685 1395 2745 Manns=
1422 2691 1480 2751 und
1507 2696 1834 2756 Frauenspersonen,
1856 2694 1940 2754 deren
1978 2694 2120 2754 Leichnam

1172 2733 1199 2793 er
1216 2733 1362 2793 geöfnet;
1390 2739 1521 2799 worauf
1548 2742 1629 2802 Herr
1652 2739 1875 2799 Premontval
1897 2739 1989 2799 seinen
2028 2741 2136 2801 dritten

1171 2781 1303 2841 Versuch
1334 2784 1406 2844 über
1431 2787 1473 2847 die
1498 2790 1672 2850 Erziehung
1703 2787 1909 2847 überreichte,
1934 2784 2055 2844 welcher
2079 2784 2133 2844 von

1168 2832 1222 2892 der
1254 2835 1389 2895 Uebung
1427 2838 1481 2898 des
1519 2841 1759 2901 Gedächtnisses
1797 2838 1949 2898 handelt,
1988 2832 2048 2892 und
2092 2832 2134 2892 die

2019 2882 2136 2942 wahre
