2479 3508
266 352 378 412 gefehr
402 352 425 412 in
456 349 549 409 dieser
574 351 680 411 Stadt
705 350 798 410 sind,
829 353 917 413 litten
948 351 1030 411 schon
1066 351 1148 411 zwey
1178 352 1272 412 Drit¬

266 401 361 461 theile
387 401 432 461 die
453 398 564 458 größte
579 398 837 458 Hungersnoth.
878 399 953 459 Der
979 401 1065 461 arme
1081 401 1262 461 Landmann

266 449 375 509 mußte
396 446 474 506 schon
506 446 562 506 seit
584 446 703 506 einigen
735 446 864 506 Wochen
892 449 1005 509 Brodt
1027 450 1084 510 aus
1105 449 1182 509 Reis
1209 452 1266 512 und

263 495 407 555 Bohnen
439 495 594 555 machen,
625 494 759 554 welches
791 495 847 555 vom
895 499 1039 559 Regen,
1065 498 1117 558 der
1148 503 1267 563 bereits

271 548 359 608 lange
382 545 605 605 angehalten,
634 545 767 605 ohnedem
813 547 986 607 verdorben
1014 549 1103 609 war.

517 616 739 676 Venedig,
769 619 822 679 den
852 619 898 679 6.
922 619 1038 679 April.

321 663 392 723 Der
421 663 515 723 Graf
532 664 587 724 von
621 664 943 724 Kaunitz=Rittberg,
972 670 1144 730 ernannter
1177 670 1277 730 Kais.

265 712 357 772 Kön.
380 718 613 778 Ambassadeur
635 718 667 778 am
706 718 1010 778 Neapolitanischen
1049 718 1135 778 Hofe
1158 718 1190 778 ist
1212 718 1271 778 un=

268 766 377 826 längst
406 763 499 823 ahier
533 763 726 823 angelangt,
749 763 809 823 und
849 766 903 826 hat
938 768 1020 828 seine
1054 766 1147 826 Reise
1170 766 1263 826 gleich

275 812 377 872 weiter
402 811 474 871 nach
499 810 662 870 Neapolis
687 813 875 873 fortgesetzt.
925 814 997 874 Die
1022 814 1191 874 Republik
1216 815 1276 875 hat

264 861 447 921 beschlossen
475 861 542 921 eine
565 861 782 921 Ritterstatue
816 863 871 923 des
905 864 1056 924 Herzogs
1090 864 1145 924 von
1179 861 1267 921 York

270 912 355 972 gegen
393 909 445 969 den
478 911 707 971 Marcusplatz
729 912 803 972 über
825 912 856 972 zu
884 912 1054 972 errichten,
1081 912 1129 972 die
1151 912 1198 972 als
1220 912 1262 972 ein

275 957 400 1017 Zeichen
426 957 476 1017 der
502 960 728 1020 Dankbarkeit
753 960 853 1020 dienen
886 957 954 1017 soll,
980 960 1029 1020 daß
1061 960 1149 1020 dieser
1169 960 1275 1020 Prinz

278 1005 325 1065 die
350 1006 458 1066 Stadt
483 1006 542 1066 mit
561 1004 657 1064 seiner
682 1007 892 1067 Gegenwart
911 1007 1018 1067 beehrt
1037 1007 1109 1067 hat.

485 1076 731 1136 Warschau,
770 1076 824 1136 vom
874 1076 939 1136 12.
966 1076 1075 1136 April.

327 1121 406 1181 Wir
427 1124 574 1184 erwarten
606 1124 722 1184 ehstens
754 1124 816 1184 hier
838 1124 890 1184 den
917 1121 1016 1181 Herrn
1054 1124 1274 1184 Groß=Gene¬

270 1172 342 1232 ral,
363 1174 445 1234 seine
467 1171 916 1231 Janitscharen=Compagnie
938 1172 973 1232 ist
995 1172 1113 1232 bereits
1134 1172 1185 1232 bey
1207 1172 1268 1232 uns

270 1222 498 1282 eingetroffen.
546 1219 721 1279 Warschau
748 1219 880 1279 scheinet
902 1219 971 1279 jetzt
988 1220 1088 1280 wegen
1115 1219 1157 1279 der
1179 1219 1279 1279 Men¬

267 1268 309 1328 ge
332 1273 385 1333 der
407 1270 596 1330 Uniformen
630 1270 694 1330 eine
716 1270 862 1330 neutrale
890 1270 1002 1330 Stadt
1031 1270 1057 1330 zu
1090 1270 1181 1330 seyn,
1215 1268 1252 1328 um

275 1323 390 1383 welche
411 1322 466 1382 her
492 1321 531 1381 ein
562 1321 643 1381 paar
664 1321 820 1381 Armeen,
835 1321 900 1381 jede
921 1321 971 1381 von
1002 1321 1138 1381 100000
1164 1321 1264 1381 Mann

274 1372 370 1432 stark,
393 1372 490 1432 liegen
525 1372 638 1432 müste.
684 1369 826 1429 Bisher
850 1372 889 1432 ist
907 1372 980 1432 alles
1010 1372 1105 1432 stille,
1129 1372 1191 1432 und
1215 1372 1265 1432 bey

275 1419 360 1479 einer
385 1419 628 1479 einbrechenden
658 1420 834 1480 Theurung
861 1420 906 1480 der
926 1422 1158 1482 Lebensmittel
1174 1419 1274 1479 dürfte

270 1467 355 1527 mehr
377 1468 408 1528 zu
441 1467 584 1527 besorgen
617 1467 702 1527 seyn.
751 1468 825 1528 Vor
852 1470 969 1530 einigen
997 1470 1098 1530 Tagen
1125 1473 1183 1533 hat
1205 1470 1274 1530 eine

276 1518 366 1578 ganze
397 1518 605 1578 Compagnie
631 1518 803 1578 Uhlanen,
829 1518 939 1578 welche
971 1518 1026 1578 von
1062 1518 1117 1578 dem
1158 1518 1264 1578 Herrn

269 1564 422 1624 General
442 1566 680 1626 Poniatowski
701 1566 913 1626 angeworben
943 1566 1092 1626 worden,
1117 1567 1269 1627 Reißaus

273 1613 485 1673 genommen,
510 1616 569 1676 und
604 1613 678 1673 ging
708 1613 776 1673 nach
811 1616 988 1676 Prangue,
1014 1616 1102 1676 einem
1147 1616 1181 1676 an
1221 1613 1274 1673 der

269 1661 388 1721 andern
420 1658 524 1718 Seite
551 1661 602 1721 der
629 1658 791 1718 Weichsel
817 1658 989 1718 gelegenem
1037 1659 1167 1719 Dorfe.

274 1706 382 1766 kostete
408 1706 472 1766 viel
487 1706 615 1766 Mühe,
640 1703 679 1763 sie
700 1703 818 1763 wieder
838 1703 892 1763 zum
933 1703 1051 1763 Dienst
1076 1705 1100 1765 zu
1130 1703 1278 1763 bereden,

278 1751 341 1811 und
372 1751 425 1811 der
455 1748 543 1808 Herr
578 1748 730 1808 General
760 1748 858 1808 muste
889 1748 1080 1808 einwilligen
1120 1748 1159 1808 1)
1184 1748 1272 1808 ihren

285 1796 376 1856 Sold
404 1799 430 1859 zu
463 1796 674 1856 vermehren,
696 1796 739 1856 2)
761 1796 853 1856 ihnen
881 1796 945 1856 ihre
968 1799 1092 1859 Pferde
1114 1799 1141 1859 zu
1168 1799 1281 1859 vergü¬

274 1845 349 1905 ten,
372 1846 458 1906 wenn
491 1845 523 1905 sie
546 1846 692 1906 dieselben
725 1846 746 1906 im
790 1846 909 1906 Dienst
932 1849 1094 1909 verloren,
1116 1852 1160 1912 3)
1177 1849 1263 1909 einem

280 1896 387 1956 jeden,
409 1894 460 1954 der
486 1897 692 1957 verwundet,
713 1900 786 1960 oder
807 1900 899 1960 außer
926 1901 1039 1961 Stand
1060 1903 1183 1963 gesetzet
1194 1900 1261 1960 wür

278 1945 309 2005 de
347 1947 473 2007 weitere
506 1949 644 2009 Dienste
676 1951 708 2011 zu
747 1952 847 2012 thun,
886 1953 955 2013 eine
981 1954 1126 2014 Pension
1159 1954 1183 2014 zu
1215 1952 1278 2012 ver¬

277 1996 414 2056 sichern.

543 2046 720 2106 Wilua,
743 2046 795 2106 den
830 2049 869 2109 4.
893 2049 1001 2109 May.

330 2093 401 2153 Die
429 2097 578 2157 geistliche
613 2096 673 2156 und
701 2097 856 2157 weltliche
885 2097 1045 2157 Stände,
1078 2096 1200 2156 sowohl
1228 2095 1272 2155 die

279 2145 576 2205 Durchlauchtigste
603 2145 816 2205 Senatoren,
838 2145 1020 2205 Minister,
1057 2145 1104 2205 als
1136 2145 1208 2205 auch
1235 2145 1281 2205 die

278 2193 407 2253 Ritter,
437 2193 501 2253 und
532 2190 650 2250 andere
681 2190 889 2250 Einwohner
920 2192 973 2252 der
999 2196 1187 2256 Provinzen
1227 2195 1276 2255 des

280 2237 527 2297 Herzogthums
548 2237 726 2297 Lithauen,
752 2236 812 2296 aus
838 2239 1066 2299 verschiedenen
1102 2242 1284 2302 Woywod¬

285 2282 409 2342 schaften
440 2282 497 2342 und
524 2282 710 2342 Vogteyen,
737 2282 799 2342 sind
830 2282 850 2342 in
888 2288 970 2348 einer
992 2294 1183 2354 zahlreichen
1210 2289 1287 2349 Ver=

283 2333 462 2393 sammlung
488 2327 551 2387 hier
571 2327 596 2387 in
636 2327 745 2387 Wilna
777 2335 970 2395 erschienen,
996 2342 1053 2402 und
1086 2342 1181 2402 haben
1221 2339 1271 2399 sich

277 2384 304 2444 in
347 2381 401 2441 der
437 2378 652 2438 Pfarrkirche
687 2381 909 2441 versammlet,
958 2390 1020 2450 und
1063 2390 1138 2450 nach
1188 2390 1277 2450 geen¬

285 2434 380 2494 digtem
425 2429 669 2489 Gottesdienste
695 2426 778 2486 veste
798 2433 996 2493 beschlossen,
1022 2440 1093 2500 eine
1119 2440 1285 2500 allgemei=

282 2482 319 2542 ne
339 2479 596 2539 Conföderation
622 2476 653 2536 zu
685 2475 936 2535 unternehmen.
981 2486 1056 2546 Sie
1088 2488 1188 2548 haben
1220 2488 1269 2548 sich

281 2532 462 2592 zusammen
488 2527 720 2587 verschworen,
746 2523 809 2583 und
834 2530 1048 2590 eigenhändig
1074 2536 1280 2596 unterschrie=

279 2578 356 2638 ben.
389 2578 434 2638 Jn
461 2580 558 2640 dieser
579 2575 833 2635 Versammlung
860 2574 957 2634 haben
984 2580 1015 2640 sie
1042 2583 1113 2643 auch
1134 2587 1263 2647 zugleich

283 2626 334 2686 des
364 2626 467 2686 Herrn
503 2627 746 2687 Stallmeisters
781 2623 803 2683 im
845 2629 1180 2689 Groß=Herzogthum
1227 2635 1278 2695 Li¬

283 2674 418 2734 thauen,
447 2673 537 2733 Graf
561 2673 611 2733 von
646 2670 878 2730 Brzostowsky
901 2671 974 2731 Exc.
1003 2676 1053 2736 zum
1100 2682 1280 2742 Marschall

275 2724 328 2784 der
360 2724 567 2784 allgemeinen
605 2724 859 2784 Conföderation
892 2723 1067 2783 erwählet,
1094 2729 1157 2789 und
1189 2731 1279 2791 auto¬

275 2774 399 2834 risiret.
445 2769 495 2829 Es
519 2772 615 2832 haben
644 2774 705 2834 also
734 2772 813 2832 Sr.
837 2772 921 2832 Exc.
950 2772 995 2832 als
1024 2778 1205 2838 Marschall
1223 2781 1273 2841 der

274 2825 484 2885 allgemeinen
513 2824 787 2884 Conföderation,
817 2826 863 2886 die
882 2823 1079 2883 Deputixten
1109 2829 1155 2889 der
1179 2832 1283 2892 Woy=

1307 354 1534 414 wodschaften,
1558 357 1585 417 so
1615 359 1705 419 wohl
1729 360 1779 420 zur
1814 357 2122 417 Unterschreibung,
2157 357 2207 417 als
2231 360 2298 420 auch

1304 407 1355 467 zur
1381 404 1546 464 Ablegung
1578 406 1629 466 des
1656 405 1754 465 Eides
1780 407 2034 467 angenommen,
2065 404 2199 464 zugleich
2231 406 2303 466 aber

1305 454 1377 514 auch
1403 452 1490 512 durch
1517 455 1557 515 ein
1594 455 1791 515 öffentliches
1822 456 1998 516 Schreiben
2040 452 2086 512 die
2123 452 2292 512 Patrioten

1306 501 1363 561 der
1385 503 1511 563 übrigen
1554 505 1855 565 Woywodschaften
1897 506 1928 566 zu
1966 503 2050 563 einer
2088 503 2293 563 allgemeinen

1309 551 1561 611 Conföderation
1587 553 1844 613 aufgemuntert.

1919 554 1963 614 Es
1997 551 2098 611 haben
2138 551 2211 611 Se.
2228 551 2306 611 Exc.

1307 600 1428 660 sogleich
1457 601 1523 661 nach
1552 598 1601 658 der
1624 600 1746 660 Wahl,
1763 604 1852 664 Dero
1875 601 2130 661 Marschallamt
2153 598 2309 658 angefan=

1307 647 1382 707 gen,
1405 649 1464 709 und
1492 649 1665 709 verwalten
1693 649 1807 709 solches
1835 652 1889 712 zum
1928 652 2047 712 grösten
2080 649 2232 709 Beispiel
2255 648 2303 708 der

1311 697 1432 757 Nation
1465 697 1491 757 in
1518 697 1598 757 einer
1625 699 1826 759 bestandigen
1848 700 2102 760 Gerechtigkeit.
2151 699 2230 759 Das
2252 697 2315 757 An=

1307 746 1389 806 sehen
1421 748 1472 808 des
1494 747 1613 807 ganzen
1650 747 1775 807 Landes
1806 749 1947 809 sowohl,
1973 750 2019 810 als
2041 748 2113 808 auch
2140 747 2311 807 insbeson¬

1312 795 1375 855 dere
1397 794 1449 854 des
1466 795 1566 855 Herrn
1593 795 1783 855 Marschalls
1805 795 1879 855 wird
1901 796 2028 856 dadurch
2050 796 2160 856 immer
2182 795 2309 855 gröͤßer,

1301 843 1357 903 daß
1384 843 1409 903 in
1442 843 1530 903 unser
1562 844 1676 904 Stadt
1708 844 1765 904 und
1797 846 1891 906 denen
1928 846 2210 906 herumliegenden
2242 843 2309 903 Ge¬

1311 891 1425 951 genden
1468 891 1521 951 der
1552 894 1745 954 erwünschte
1776 894 1890 954 Friede
1921 894 1980 954 und
2011 897 2174 957 Einigkeit
2193 896 2307 956 blühet

1310 941 1369 1001 und
1393 942 1511 1002 immer
1535 942 1735 1002 fortdauret.

1561 1001 1732 1061 Mitau,
1768 1001 1826 1061 vom
1880 999 1921 1059 8.
1951 998 2057 1058 May.

1361 1041 1429 1101 Die
1453 1049 1580 1109 Abreise
1604 1052 1650 1112 der
1673 1049 1847 1109 Rußischen
1876 1043 2021 1103 Kaiserin
2050 1050 2149 1110 Maj.
2161 1052 2212 1112 von
2242 1050 2305 1110 Pe=

1307 1094 1476 1154 tersburg,
1493 1097 1527 1157 ist
1545 1097 1601 1157 auf
1624 1097 1674 1157 den
1710 1097 1799 1157 18ten
1828 1092 1924 1152 dieses
1948 1094 2151 1154 vestgesetzet.
2208 1099 2298 1159 Man

1309 1142 1452 1202 erwartet
1474 1142 1511 1202 sie
1533 1143 1601 1203 auch
1629 1145 1719 1205 hier,
1741 1144 1799 1204 und
1826 1142 1932 1202 macht
1948 1139 2044 1199 große
2071 1142 2235 1202 Anstalten
2268 1148 2294 1208 zu

1310 1189 1398 1249 ihrem
1434 1190 1641 1250 Empfange,
1665 1194 1724 1254 wie
1743 1196 1813 1256 denn
1849 1193 1967 1253 bereits
1991 1193 2056 1253 eine
2086 1193 2304 1253 Ehrenpforte

1315 1240 1518 1300 aufgerichtet
1538 1240 1636 1300 wird.

1619 1390 2008 1450 AVERTISSEMENT.

1362 1437 1431 1497 Bey
1463 1440 1513 1500 dem
1564 1442 1722 1502 Verleger
1748 1441 1849 1501 dieser
1875 1443 2007 1503 Zeitung
2039 1440 2076 1500 ist
2109 1440 2140 1500 zu
2179 1438 2310 1498 haben:

1316 1489 1490 1549 Geschichte
1523 1490 1571 1550 der
1605 1488 1828 1548 Amazonen,
1861 1491 1926 1551 mit
1948 1491 2100 1551 Kupfer,
2133 1491 2182 1551 8,
2204 1488 2312 1548 Berl.

1328 1539 1399 1599 163,
1422 1541 1438 1601 1
1467 1539 1505 1599 fl.
1528 1541 1561 1601 24
1589 1541 1645 1601 gr.
1695 1539 2034 1599 Denkwürdigkeiten
2069 1539 2118 1599 der
2147 1539 2313 1599 Siftskir¬

1313 1587 1356 1647 che
1379 1587 1406 1647 zu
1434 1587 1501 1647 St.
1512 1586 1611 1646 Peter
1634 1586 1656 1646 in
1684 1587 1933 1647 Westmünster,
1950 1584 2039 1644 nebst
2056 1587 2178 1647 einigen
2206 1587 2311 1647 Nach¬

1312 1631 1423 1691 richten
1450 1632 1509 1692 von
1547 1631 1594 1691 dem
1643 1631 1732 1691 Leben
1770 1631 1935 1691 englischer
1962 1634 2111 1694 Dichter,
2133 1634 2170 1694 8,
2197 1634 2308 1694 Lübeck

1313 1671 1401 1731 763,
1424 1674 1438 1734 3
1467 1674 1503 1734 fl.
1551 1673 1699 1733 Oeuvres
1719 1673 1751 1733 de
1775 1676 1915 1736 Theatre
1934 1676 1966 1736 de
1989 1676 2059 1736 Mr.
2078 1676 2110 1736 de
2130 1679 2288 1739 Saintfoix

1317 1717 1327 1777 2
1354 1715 1433 1775 Vol.
1449 1715 1459 1775 à
1486 1715 1512 1775 la
1534 1718 1623 1778 Haye
1645 1718 1729 1778 763,
1746 1718 1761 1778 5
1788 1720 1824 1780 fl.
1841 1721 1877 1781 15
1899 1721 1956 1781 gr.
2005 1720 2237 1780 Dissertation,
2253 1724 2306 1784 qui

1312 1766 1327 1826 a
1358 1766 1523 1826 remporté
1555 1766 1580 1826 le
1607 1766 1674 1826 prix
1706 1766 1840 1826 proposé
1866 1766 1918 1826 par
1944 1766 2141 1826 l'academie
2167 1769 2239 1829 roy.
2255 1769 2306 1829 des

1313 1817 1456 1877 sciences
1479 1817 1506 1877 de
1529 1817 1633 1877 Berlin
1657 1817 1706 1877 sur
1723 1817 1750 1877 la
1779 1817 1916 1877 nature,
1945 1817 1995 1877 les
2023 1817 2172 1877 especes,
2200 1818 2216 1878 &
2261 1820 2305 1880 les

1317 1867 1426 1927 degrez
1449 1867 1482 1927 de
1504 1870 1698 1930 l'evidence,
1721 1867 1792 1927 ayec
1815 1868 1858 1928 les
1876 1870 1997 1930 pieces,
2020 1867 2080 1927 qui
2092 1869 2147 1929 ont
2164 1870 2307 1930 concou-

1307 1919 1360 1979 ru,
1385 1921 1420 1981 4,
1444 1918 1533 1978 Berl.
1552 1921 1634 1981 764,
1659 1921 1676 1981 3
1701 1918 1742 1978 fl.
1796 1919 1938 1979 Sacks,
1969 1918 2064 1978 Aug.
2088 1918 2201 1978 Wilh.
2225 1918 2308 1978 Pre=

1309 1969 1444 2029 digten,
1475 1969 1575 2029 davon
1616 1969 1667 2029 die
1693 1966 1864 2026 mehresten
1905 1966 1954 2026 bey
1991 1966 2298 2026 außerordentlichen

1313 2019 1561 2079 Gelegenheiten
1590 2017 1728 2077 gehalten
1758 2017 1908 2077 worden,
1927 2017 1989 2077 6ter
2013 2017 2128 2077 Theil,
2141 2017 2180 2077 8,
2204 2014 2307 2074 Berl.

1311 2063 1399 2123 764,
1424 2067 1441 2127 1
1465 2067 1500 2127 fl.
1513 2067 1524 2127 6
1554 2064 1606 2124 gr.
1655 2064 1856 2124 Bertlings,
1874 2065 1968 2125 Ernst
1987 2064 2069 2124 Aug.
2093 2064 2234 2124 biblische
2247 2058 2305 2118 Er=

1311 2115 1483 2175 klarungen
1511 2112 1583 2172 über
1612 2109 1656 2169 die
1673 2110 1834 2170 Episteln,
1851 2115 1884 2175 4,
1902 2115 1995 2175 Kön.
2012 2113 2096 2173 761,
2113 2115 2123 2175 9
2152 2115 2191 2175 fl.
2213 2115 2313 2175 Gen¬

1313 2163 1437 2223 sickens,
1459 2162 1551 2222 Joh.
1568 2158 1675 2218 Ernst,
1698 2160 1897 2220 vornehmste
1914 2163 2054 2223 Quellen
2088 2163 2141 2223 der
2169 2163 2304 2223 mensch¬

1308 2211 1397 2271 lichen
1430 2210 1578 2270 Unruhe,
1598 2207 1642 2267 8,
1662 2205 1797 2265 Dresd.
1817 2208 1900 2268 764,
1927 2208 1946 2268 1
1972 2208 2004 2268 fl.
2030 2208 2042 2268 6
2075 2209 2133 2269 gr.
2185 2209 2300 2269 Droga

1311 2255 1634 2315 Pielgrzymuiącego
1658 2252 1906 2312 Chrzesčianina
1936 2249 1970 2309 do
1999 2252 2207 2312 Wiecznośći
2225 2255 2299 2315 Blo-

1309 2306 1558 2366 goslawioney,
1586 2300 1731 2360 okazana
1764 2300 1850 2360 przez
1883 2300 1915 2360 J.
1938 2300 2056 2360 Bunian
2089 2300 2224 2360 dopioro
2257 2302 2294 2362 do

1312 2354 1411 2414 druku
1440 2352 1579 2412 poddani
1602 2348 1690 2408 przez
1719 2349 1763 2409 X.
1780 2351 1824 2411 D.
1841 2351 1963 2411 Behra,
1986 2348 2030 2408 8,
2053 2348 2069 2408 w
2114 2347 2191 2407 Krol
2225 2353 2314 2413 764,

1583 2399 1756 2459 Muzells,
1786 2402 1832 2462 F.
1856 2400 1902 2460 H.
1925 2399 1966 2459 L.
1995 2396 2210 2456 medicinische
2239 2402 2297 2462 und

1348 2403 1395 2463 fl.
1423 2402 1436 2462 6
1478 2402 1538 2462 gr.

1310 2449 1520 2509 chirurgische
1549 2449 1897 2509 Wahrnehmungen,
1931 2446 1982 2506 2te
2005 2449 2244 2509 Sammlung,
2273 2454 2312 2514 8,

1312 2500 1417 2560 Berl.
1434 2498 1522 2558 764,
1544 2497 1583 2557 24
1611 2497 1660 2557 gr.
1705 2500 1893 2560 Geschichte
1916 2497 1965 2557 des
1988 2497 2181 2557 ehemaligen
2209 2500 2308 2560 Non=

1313 2548 1505 2608 nenklosters
1540 2545 1568 2605 zu
1603 2545 1847 2605 Pillenreuth,
1882 2547 2000 2607 Mariä
2041 2548 2228 2608 Schiedung
2263 2550 2313 2610 ge=

1306 2598 1430 2658 nannt,
1447 2596 1474 2656 in
1512 2593 1560 2653 dem
1604 2599 1880 2659 Nürnbergischen
1913 2596 2076 2656 Gebiete,
2104 2602 2157 2662 von
2196 2599 2303 2659 Andr.

1315 2646 1463 2706 Würfel,
1478 2643 1512 2703 8,
1527 2643 1618 2703 Altd.
1634 2645 1718 2705 764,
1747 2649 1760 2709 1
1790 2649 1825 2709 fl.
1847 2649 1853 2709 9
1889 2648 1924 2708 gr.

1316 2751 1408 2811 Diese
1420 2748 1559 2808 Gelehrte
1577 2747 1634 2807 und
1658 2751 1814 2811 Politische
1832 2753 1959 2813 Zeitung
1983 2752 2051 2812 wird
2081 2751 2127 2811 des
2151 2748 2278 2808 Montag

1409 2796 1468 2856 und
1498 2793 1640 2853 Freytags
1664 2792 1682 2852 in
1713 2793 1753 2853 dem
1796 2795 1986 2855 Kanterschen
2016 2796 2193 2856 Buchladen

1698 2838 1916 2898 ausgegeben.
