2479 3508
1220 315 1336 375 Sollte
1363 318 1388 378 ja
1421 318 1472 378 die
1499 315 1595 375 Welt
1622 317 1699 377 mich
1732 321 1835 381 singen
1868 318 1958 378 hören

190 330 308 390 Meine
341 330 452 390 Brust
478 327 515 387 ist
541 326 571 386 zu
609 324 841 384 empfindend,
866 323 940 383 fasse

1268 389 1462 449 Freundin!
1498 386 1526 446 so
1557 386 1621 446 bist
1645 386 1679 446 du

235 401 303 461 Ich
342 401 398 461 erst
424 398 531 458 deinen
570 392 664 452 Ton,

1221 461 1348 521 Meine
1376 461 1606 521 Schöpferin,
1634 460 1700 520 und
1735 464 1836 524 deinen
1878 464 1985 524 Lehren

188 474 246 534 So
274 474 431 534 betäubt,
459 467 663 527 entflammt,
690 468 742 528 zum
789 470 993 530 Uebermaße

1257 534 1403 594 Kommt
1431 533 1498 593 dies
1532 531 1684 591 Wunder
1718 533 1773 593 zu.

240 545 338 605 Mich
368 542 417 602 der
447 539 575 599 Anfang
611 539 717 599 schon.

1219 631 1285 691 Und
1322 631 1389 691 drey
1426 631 1571 691 Freunde
1603 628 1724 688 wünsch
1755 629 1798 689 ich
1829 631 1883 691 für
1914 631 1981 691 dies
2012 631 2133 691 Leben,

190 640 338 700 Trunken
376 637 432 697 von
463 634 600 694 Gefühl
625 637 761 697 entsinkt
786 637 842 697 dem
886 635 997 695 Blicke

1270 703 1342 763 Und
1375 703 1487 763 behalt
1514 700 1554 760 ich
1588 700 1633 760 die

232 706 344 766 Dann
382 706 444 766 dein
482 706 601 766 göttlich
639 706 738 766 Blatt

1217 777 1321 837 Dann
1358 775 1437 835 fehlt
1469 774 1555 834 mir,
1586 775 1665 835 mein
1703 776 1807 836 Glück
1832 775 1918 835 recht
1943 775 2010 835 hoch
2048 775 2078 835 zu
2115 775 2207 835 heben

188 782 253 842 Und
286 781 358 841 doch
391 781 529 841 wünscht
563 784 641 844 mein
675 785 759 845 Herz
793 785 825 845 es
859 784 924 844 bald
958 782 1088 842 zurücke

1262 849 1341 909 Nur
1378 846 1451 906 noch
1487 848 1552 908 dein
1590 849 1720 909 Genie.

228 853 370 913 Deiner
402 855 544 915 niemals
575 856 651 916 satt.

447 1016 640 1076 Berlin,
670 1016 728 1076 vom
776 1014 816 1074 7.
840 1016 933 1076 Jun.

232 1061 370 1121 Vorigen
408 1066 622 1126 Donnerstag
654 1064 878 1124 versammlete
906 1063 953 1123 sich
986 1061 1038 1121 die
1066 1061 1188 1121 Acade¬

175 1114 281 1174 demie
303 1112 356 1172 der
378 1112 656 1172 Wissenschaften,
683 1114 741 1174 und
769 1112 875 1172 krönte
903 1112 945 1172 die
967 1109 1185 1169 Preisschrift

186 1163 248 1223 mit
267 1163 320 1223 der
344 1160 488 1220 Devise:
512 1160 728 1220 Pacatumque
753 1160 838 1220 reget
863 1160 973 1220 patriis
1007 1157 1179 1217 virtutibus

179 1207 315 1267 orbem.
346 1206 448 1266 Virg.
505 1204 580 1264 Bey
621 1202 794 1262 Eröfnung
825 1207 875 1267 des
912 1207 1023 1267 andern
1065 1207 1181 1267 Zettels

187 1255 262 1315 fand
287 1255 352 1315 man
383 1252 433 1312 den
464 1252 589 1312 Namen
620 1250 720 1310 Franz
746 1252 977 1312 Sabbathier,
1008 1249 1178 1309 Professor

183 1300 237 1360 des
267 1299 405 1359 Collegii
426 1297 450 1357 in
480 1297 628 1357 Chalons
658 1297 707 1357 sur
732 1297 875 1357 Marne.
920 1297 1068 1357 Darauf
1098 1294 1172 1354 lasen

178 1347 250 1407 noch
279 1344 323 1404 die
347 1342 468 1402 Herren
497 1342 734 1402 Francheville,
764 1342 990 1402 Premontval
1010 1342 1073 1402 und
1097 1339 1184 1399 Cha¬

182 1391 270 1451 tillon
296 1387 364 1447 ihre
385 1387 645 1447 Abhandlungen
671 1388 743 1448 vor.
797 1387 869 1447 Se.
890 1387 1030 1447 Königl.
1042 1384 1181 1444 Majest.

182 1438 280 1498 haben
312 1437 540 1497 allergnädigst
571 1437 721 1497 geruhet,
743 1434 815 1494 nach
841 1433 1012 1493 Absterben
1039 1431 1085 1491 des
1117 1428 1168 1488 von

179 1485 503 1545 Höchstdenenselben
540 1482 901 1542 generalprivilegirten
943 1482 1099 1542 Director
1131 1479 1178 1539 der

185 1539 340 1599 deutschen
380 1536 624 1596 Schauspiele,
663 1533 774 1593 Herrn
814 1533 1002 1593 Franciscus
1037 1530 1181 1590 Schuch,

187 1590 242 1650 das
267 1587 444 1647 accordirte
469 1584 808 1644 Generalprivilegium
854 1584 929 1644 über
955 1584 1010 1644 alle
1035 1581 1186 1641 Preußi¬

179 1642 244 1702 sche
266 1640 407 1700 Länder,
430 1639 527 1699 seinem
566 1637 685 1697 ältesten
718 1634 837 1694 Sohne
860 1634 990 1694 gleiches
1012 1634 1186 1694 Namens,

184 1691 326 1751 ebenfals
355 1691 383 1751 zu
412 1688 600 1748 bestätigen.
646 1688 719 1748 Die
743 1685 948 1745 Schuchische
977 1683 1182 1743 Gesellschaft

189 1741 243 1801 kam
284 1742 354 1802 auch
385 1739 480 1799 dieser
506 1739 611 1799 Tagen
647 1736 703 1796 aus
728 1736 874 1796 Breslau
904 1736 1005 1796 alhier
1026 1736 1086 1796 an,
1116 1736 1176 1796 und

184 1789 264 1849 wird
291 1791 316 1851 in
347 1790 469 1850 Kurzen
500 1787 586 1847 ihren
617 1784 821 1844 Schauplatz
837 1781 984 1841 eröfnen.

433 1831 632 1891 Leipzig,
671 1828 725 1888 den
758 1828 800 1888 4.
829 1825 920 1885 Jun.

182 1933 244 1993 nes
270 1932 410 1992 Glücks,
436 1927 493 1987 das
514 1924 560 1984 ihr
581 1921 607 1981 in
638 1921 727 1981 mehr
748 1918 794 1978 als
821 1918 882 1978 200
914 1918 1038 1978 Jahren
1075 1915 1131 1975 auf
1152 1915 1178 1975 so

193 1981 393 2041 vorzügliche
416 1972 521 2032 Weise
544 1969 628 2029 nicht
645 1966 873 2026 wiederfahren
907 1966 956 2026 ist.
1008 1963 1052 2023 Es
1080 1963 1179 2023 haben

185 2025 310 2085 nemlich
354 2023 403 2083 die
437 2020 507 2080 drey
546 2017 682 2077 Brüder
716 2014 791 2074 Sr.
819 2014 1027 2074 Churfürstl.
1044 2011 1185 2071 Durchl.

184 2073 232 2133 die
254 2070 397 2130 Prinzen
430 2066 509 2126 Carl
526 2064 766 2124 Maximilian,
788 2064 894 2124 Anton
932 2061 990 2121 und
1023 2058 1188 2118 Maximi¬

193 2119 275 2179 lian,
292 2115 381 2175 Dero
409 2115 542 2175 höchsten
570 2116 691 2176 Namen
725 2115 769 2175 der
798 2115 925 2175 hiesigen
953 2108 1174 2168 academischen

187 2169 363 2229 Matricul
385 2166 635 2226 einzuverleiben
668 2165 817 2225 geruhet.

465 2215 617 2275 Bern,
639 2214 698 2274 vom
742 2217 779 2277 4.
807 2214 915 2274 May.

242 2267 311 2327 Der
335 2267 485 2327 Aufruhr
509 2267 543 2327 zu
567 2264 676 2324 Lucern
706 2264 740 2324 ist
758 2264 896 2324 glücklich
920 2258 1105 2318 gedämpft,
1118 2252 1175 2312 und

187 2318 232 2378 die
263 2316 374 2376 beyden
416 2314 634 2374 vornehmsten
670 2309 817 2369 Urheber
843 2309 1020 2369 desselben,
1052 2302 1178 2362 nemlich

192 2366 274 2426 zwey
306 2366 352 2426 der
378 2363 610 2423 angesehensten
642 2360 811 2420 Kaufleute
838 2360 920 2420 nebst
941 2356 1023 2416 ihren
1045 2351 1189 2411 Frauen,

192 2414 239 2474 als
266 2414 493 2474 Mitschuldige
520 2411 567 2471 des
600 2408 864 2468 Hochverraths,
885 2406 1017 2466 wurden
1049 2401 1075 2461 in
1102 2396 1186 2456 Ver¬

192 2461 267 2521 haft
282 2458 494 2518 genommen,
520 2458 575 2518 und
601 2455 671 2515 nach
697 2455 782 2515 einem
828 2455 933 2515 kurzen
970 2449 1095 2509 Verhör
1126 2446 1186 2506 mit

192 2506 243 2566 dem
295 2506 429 2566 Strang
466 2506 522 2566 vom
564 2503 656 2563 Leben
693 2501 749 2561 zum
796 2503 884 2563 Tode
905 2500 1069 2560 gebracht.
1116 2494 1183 2554 Die

192 2554 392 2614 Aufwiegler
424 2553 527 2613 waren
558 2551 619 2611 mit
646 2550 764 2610 einigen
806 2551 1068 2611 Rathspersonen
1105 2545 1187 2605 nicht

187 2605 368 2665 zufrieden,
396 2601 453 2661 und
481 2601 689 2661 verlangten,
721 2598 780 2658 daß
807 2600 844 2660 sie
860 2602 951 2662 ihres
973 2599 1068 2659 Amts
1095 2593 1191 2653 entse¬

193 2652 248 2712 tzet
265 2652 387 2712 werden
415 2646 536 2706 solten;
565 2646 609 2706 die
632 2648 820 2708 Regierung
843 2649 875 2709 zu
903 2649 1009 2709 Lucern
1042 2643 1108 2703 sahe
1131 2643 1180 2703 sich

188 2706 285 2766 daher
307 2699 491 2759 genöthigt,
514 2694 622 2754 unsern
656 2694 839 2754 Magistrat
868 2700 954 2760 durch
993 2695 1074 2755 einen
1102 2691 1188 2751 Cou¬

189 2754 254 2814 rier
278 2753 313 2813 um
356 2747 528 2807 Beystand
558 2745 759 2805 anzurufen.
807 2748 955 2808 Worauf
986 2745 1015 2805 im
1063 2743 1175 2803 großen

193 2805 279 2865 Rath
312 2797 420 2857 12000
453 2796 583 2856 Mann,
611 2796 703 2856 nebst
736 2795 774 2855 25
807 2799 959 2859 Canonen
998 2793 1187 2853 verwilliget

186 2852 341 2912 wurden,
365 2849 474 2909 welche
497 2847 584 2907 unter
614 2847 659 2907 dem
700 2847 844 2907 General
868 2849 948 2909 Mey
972 2847 1104 2907 abgehen
1128 2844 1185 2904 sol=
1221 2846 1376 2906 worden,
1406 2848 1445 2908 um
1492 2851 1561 2911 nach
1591 2852 1642 2912 den
1678 2849 1821 2909 Gesetzen
1862 2849 1995 2909 bestraft
2013 2849 2041 2909 zu
2071 2850 2209 2910 werden.

1213 1010 1285 1070 ten,
1310 1010 1370 1070 auf
1389 1012 1437 1072 die
1456 1012 1571 1072 letztere
1590 1011 1766 1071 Nachricht
1791 1010 1864 1070 aber
1889 1010 1973 1070 einen
1999 1009 2223 1069 Gegenbefehl

1224 1059 1363 1119 erhalten
1397 1058 1519 1118 haben.

1477 1109 1642 1169 Paris,
1673 1109 1725 1169 den
1762 1109 1826 1169 21.
1850 1108 1956 1168 May.

1263 1157 1352 1217 Man
1382 1157 1460 1217 sieht
1478 1157 1501 1217 im
1544 1157 1681 1217 Publico
1712 1157 1794 1217 einen
1826 1154 1926 1214 Brief
1945 1154 1998 1214 des
2023 1154 2124 1214 Herrn
2154 1153 2219 1213 Jo=

1221 1205 1305 1265 hann
1338 1206 1422 1266 Jac.
1449 1201 1628 1261 Rousseau,
1660 1204 1834 1264 ehmaligen
1872 1200 2030 1260 Bürgers
2051 1199 2082 1259 zu
2110 1200 2220 1260 Genf,

1220 1250 1386 1310 worinnen
1422 1249 1554 1309 derselbe
1579 1246 1623 1306 die
1648 1246 1804 1306 Pastoral
1830 1243 2036 1303 Instruction
2066 1243 2114 1303 des
2140 1241 2217 1301 Erz¬

1218 1294 1348 1354 bischofs
1375 1294 1405 1354 zu
1435 1294 1500 1354 Aux
1526 1291 1552 1351 zu
1583 1291 1739 1351 bestreiten
1770 1291 1870 1351 sucht.
1917 1289 1962 1349 Er
1988 1289 2134 1349 beweiset
2150 1291 2220 1351 dar¬

1220 1339 1337 1399 innen,
1362 1336 1421 1396 wie
1441 1337 1607 1397 ungerecht
1627 1336 1656 1396 es
1681 1338 1745 1398 sey,
1770 1337 1818 1397 dem
1858 1336 2058 1396 Parlament
2079 1339 2103 1399 zu
2128 1339 2210 1399 weh¬

1218 1382 1292 1442 ren,
1318 1382 1368 1442 die
1388 1382 1478 1442 Hand
1514 1384 1549 1444 an
1584 1384 1639 1444 das
1670 1384 1926 1444 Weyrauchsfaß
1951 1385 1981 1445 zu
2012 1387 2117 1447 legen,
2142 1387 2202 1447 und

1216 1431 1371 1491 bekennet
1392 1431 1543 1491 zugleich,
1569 1430 1620 1490 daß
1652 1431 1698 1491 die
1719 1433 1994 1493 Beschimpfung,
2021 1434 2134 1494 womit
2155 1434 2217 1494 die¬

1218 1479 1244 1539 se
1266 1479 1439 1539 vornehme
1466 1479 1708 1539 Versammlung
1741 1482 1793 1542 sein
1825 1482 1909 1542 Buch
1936 1479 1988 1539 von
2026 1482 2073 1542 der
2100 1482 2215 1542 Erzie¬

1217 1529 1324 1589 hung,
1362 1530 1487 1590 beleget
1518 1530 1620 1590 habe,
1656 1531 1739 1591 billig

1774 1531 1844 1591 sey,
1878 1530 1953 1590 weil
1981 1530 2116 1590 dasselbe
2150 1533 2198 1593 den

1222 1581 1470 1641 Reichsgesetzen
1504 1581 1647 1641 entgegen
1680 1581 1740 1641 und
1774 1583 1945 1643 gefährlich
1973 1581 2022 1641 für
2056 1581 2099 1641 die
2122 1584 2215 1644 Reli¬

1211 1633 1287 1693 gion
1320 1633 1373 1693 und
1401 1631 1488 1691 guten
1521 1633 1629 1693 Sitten
1663 1629 1722 1689 sey.
1771 1629 1820 1689 Er
1842 1631 2015 1691 behauptet
2038 1634 2124 1694 auch,
2152 1634 2205 1694 daß

1222 1682 1277 1742 das
1305 1682 1504 1742 Parlament
1521 1682 1542 1742 in
1571 1682 1692 1742 Absicht
1715 1682 1769 1742 auf
1792 1682 1836 1742 die
1858 1685 2024 1745 Jesuiten,
2058 1683 2140 1743 nicht
2157 1683 2217 1743 an¬

1224 1734 1290 1794 ders
1318 1733 1451 1793 handeln
1479 1733 1590 1793 können
1618 1733 1678 1793 und
1701 1733 1834 1793 müssen,
1862 1734 1906 1794 als
1929 1733 1962 1793 es
1984 1736 2095 1796 gethan
2123 1736 2217 1796 habe.

1400 1781 1724 1841 Portsmouth,
1754 1785 1806 1845 den
1841 1782 1904 1842 16.
1934 1786 2038 1846 May.

1266 1828 1319 1888 In
1343 1825 1395 1885 den
1426 1825 1555 1885 hiesigen
1579 1828 1744 1888 Arsenälen
1774 1828 1833 1888 und
1851 1834 2110 1894 Zimmerplätzen
2135 1834 2205 1894 wird

232 1882 308 1942 Die
328 1882 443 1942 hiesige
463 1876 661 1936 Universität
681 1873 814 1933 erfreuet
834 1873 885 1933 sich
912 1872 969 1932 seit
989 1870 1091 1930 kurzem
1136 1870 1180 1930 ei=
1219 1870 1436 1930 gegenwärtig
1463 1873 1532 1933 eine
1552 1873 1847 1933 außerordentliche
1867 1879 1962 1939 große
1989 1882 2122 1942 Anzahl
2149 1880 2206 1940 von

1217 1915 1466 1975 Zimmerleuten
1500 1918 1561 1978 und
1591 1919 1705 1979 andern
1735 1921 1897 1981 Arbeitern
1931 1926 2127 1986 gebraucht,
2156 1927 2189 1987 um

1216 1963 1412 2023 verschiedne
1428 1960 1650 2020 Kriegsschiffe
1666 1969 1884 2029 auszubessern
1909 1971 1969 2031 und
1985 1972 2212 2032 auszurüsten.

1217 2011 1266 2071 Es
1306 2010 1344 2070 ist
1375 2010 1438 2070 auch
1468 2008 1625 2068 denselben
1660 2011 1846 2071 anbefohlen
1881 2017 2029 2077 worden,
2054 2020 2137 2080 nicht
2162 2023 2211 2083 die

1217 2058 1374 2118 geringste
1397 2055 1467 2115 Zeit
1489 2057 1582 2117 dabey
1609 2055 1636 2115 zu
1664 2059 1870 2119 versäumen.

1428 2104 1681 2164 Edinburg,
1706 2107 1754 2167 den
1791 2110 1851 2170 12.
1882 2112 1991 2172 May.

1258 2151 1329 2211 Der
1360 2149 1472 2209 Pöbel
1497 2154 1526 2214 zu
1563 2158 1717 2218 Glasgow
1765 2159 1818 2219 hat
1843 2163 1979 2223 daselbst
2004 2163 2039 2223 am
2081 2163 2194 2223 dritten

1219 2202 1382 2262 Ostertage
1406 2202 1502 2262 große
1530 2208 1836 2268 Ausschweifungen
1870 2215 2056 2275 begangen.
2102 2217 2152 2277 Er
2170 2217 2209 2277 ist

1216 2252 1242 2312 in
1269 2252 1322 2312 den
1349 2249 1444 2309 neuen
1476 2257 1682 2317 Concertsaal
1709 2264 1953 2324 eingebrochen,
1980 2265 2037 2325 und
2075 2265 2127 2325 hat
2155 2265 2212 2325 sol¬

1216 2300 1282 2360 chen
1308 2297 1494 2357 angesteckt,
1515 2306 1623 2366 wobey
1655 2309 1701 2369 die
1727 2314 1881 2374 darinnen
1918 2318 2078 2378 befindlich
2115 2318 2212 2378 gewe¬

1216 2349 1300 2409 senen
1332 2348 1438 2408 Güter
1454 2352 1512 2412 und
1534 2360 1767 2420 Kostbarkeiten
1794 2363 1883 2423 theils
1905 2366 2095 2426 verbrannt,
2112 2366 2201 2426 theils

1218 2397 1298 2457 sonst
1324 2398 1495 2458 verderbet
1526 2408 1587 2468 und
1623 2411 1719 2471 theils
1755 2414 1937 2474 entwendet
1968 2412 2089 2472 worden
2130 2416 2210 2476 sind.

1210 2444 1287 2504 Der
1313 2446 1416 2506 gröste
1443 2451 1539 2511 Theil
1559 2458 1655 2518 dieser
1681 2461 1862 2521 Aufrührer
1889 2459 1940 2519 hat
1966 2461 1991 2521 in
2030 2461 2210 2521 Presbyte¬

1213 2494 1342 2554 rianern
1369 2500 1555 2560 bestanden,
1582 2509 1696 2569 welche
1717 2510 1768 2570 zum
1811 2509 1997 2569 Vorwande
2029 2509 2122 2569 dieses
2148 2512 2215 2572 Un¬

1219 2545 1422 2605 ternehmens
1458 2554 1638 2614 behauptet
1667 2560 1786 2620 haben,
1826 2559 1888 2619 daß
1928 2560 1968 2620 ein
2008 2561 2194 2621 dergleichen

1222 2595 1414 2655 Spielhaus
1438 2599 1488 2659 der
1512 2608 1738 2668 Gottesfurcht
1761 2606 1818 2666 und
1841 2608 1891 2668 der
1909 2608 2039 2668 Tugend
2056 2610 2214 2670 nachthei=

1217 2641 1257 2701 lig
1287 2643 1390 2703 wäre.
1437 2646 1483 2706 Es
1513 2651 1570 2711 hat
1588 2655 1657 2715 aber
1681 2655 1727 2715 die
1745 2655 1913 2715 Obrigkeit
1937 2657 1971 2717 zu
2000 2658 2203 2718 Entdeckung

1218 2691 1268 2751 der
1291 2694 1439 2754 Urheber
1457 2697 1524 2757 eine
1548 2706 1747 2766 Belohnung
1770 2703 1827 2763 von
1856 2703 1912 2763 100
1947 2703 2009 2763 Pf.
2033 2706 2146 2766 Sterl.
2158 2706 2214 2766 an=

1218 2744 1342 2804 gelobt,
1370 2744 1428 2804 und
1456 2751 1574 2811 darauf
1597 2756 1650 2816 sind
1678 2751 1888 2811 verschiedene
1915 2751 1969 2811 von
2007 2751 2099 2811 diesen
2132 2753 2207 2813 Auf=

1216 2793 1365 2853 wieglern
1397 2799 1535 2859 entdeckt
1557 2804 1615 2864 und
1643 2801 1711 2861 nach
1738 2799 1786 2859 den
1813 2799 2041 2859 Gefängnissen
2063 2802 2207 2862 gebracht

2114 2900 2207 2960 Die
