2479 3508
593 1220 718 1280 30tes
764 1219 928 1279 Stück.
989 1219 1213 1279 Montag,
1251 1217 1309 1277 den
1362 1216 1444 1276 14.
1483 1215 1586 1275 May
1632 1216 1788 1276 1764.

571 1291 766 1351 Bexlin.

188 1350 480 1410 Dithyramben,
497 1345 558 1405 mit
581 1342 630 1402 dem
675 1342 812 1402 Motto:
840 1336 901 1396 quo
935 1336 1006 1396 me,
1029 1333 1167 1393 Bacche,

171 1393 362 1453 rapis
382 1390 433 1450 tui
447 1390 606 1450 plenum?
639 1381 700 1441 bei
724 1382 760 1442 F.
784 1381 835 1441 W.
865 1378 1032 1438 Birnstiel,
1056 1378 1070 1438 5
1098 1374 1168 1434 Bo=

174 1448 232 1508 gen
270 1442 295 1502 in
328 1440 364 1500 8.
413 1434 486 1494 Der
519 1433 609 1493 Herr
641 1428 752 1488 Prof.
774 1425 1097 1485 Willamovius
1135 1417 1161 1477 in

179 1493 287 1553 Thorn
313 1486 473 1546 übergiebt
489 1482 551 1542 hier
578 1479 763 1539 ungenannt
785 1476 826 1536 der
847 1476 929 1536 Welt
945 1471 1007 1531 eine
1028 1470 1167 1530 Samm=

174 1545 243 1605 lung
270 1542 322 1602 von
355 1539 424 1599 zehn
456 1532 658 1592 Gedichten,
685 1527 733 1587 die
754 1527 818 1587 viel
834 1524 988 1584 Schönes
1021 1523 1079 1583 und
1111 1520 1169 1580 un=

180 1594 228 1654 ter
250 1593 298 1653 den
331 1589 498 1649 Deutschen
531 1583 660 1643 wirklich
688 1578 893 1638 Besonderes
915 1572 1044 1632 liefern.
1104 1574 1158 1634 In

179 1646 268 1706 einer
290 1637 605 1697 Bogenlangen
637 1629 780 1689 Vorrede
801 1626 880 1686 zeigt
901 1627 932 1687 er
954 1625 1011 1685 uns
1038 1623 1085 1683 die
1107 1621 1169 1681 Zu¬

181 1696 307 1756 schnitte
324 1693 351 1753 zu
380 1688 518 1748 seinen
547 1682 817 1742 Dithyramben;
846 1677 917 1737 aber
940 1676 984 1736 die
1007 1673 1172 1733 Umkreis¬

169 1745 248 1805 linie
268 1744 371 1804 seines
392 1738 520 1798 Planes
550 1736 658 1796 deucht
683 1730 772 1790 uns,
807 1727 890 1787 ohne
920 1726 974 1786 daß
1009 1724 1068 1784 wir
1098 1724 1157 1784 uns

175 1793 254 1853 über
286 1790 334 1850 die
361 1784 620 1844 Zulänglichkeit
647 1776 742 1836 seiner
779 1775 991 1835 angeführten
1024 1774 1160 1834 Quellen

176 1834 228 1894 von
258 1831 310 1891 den
340 1828 652 1888 Griechischen,
673 1820 836 1880 einlaßen,
865 1819 917 1879 hin
952 1819 1009 1879 und
1043 1819 1163 1879 wieder

169 1882 278 1942 Lücken
316 1877 378 1937 und
399 1873 650 1933 Krümmungen
687 1865 718 1925 zu
750 1864 874 1924 haben.
902 1861 912 1921 —
980 1859 1058 1919 Der
1090 1864 1178 1924 Cha¬

174 1933 279 1993 rakter
304 1924 354 1984 des
380 1923 460 1983 alten
485 1915 727 1975 Dithyramben
763 1911 832 1971 war
858 1907 983 1967 freylich
1019 1909 1084 1969 eine
1115 1908 1164 1968 ra¬

174 1981 259 2041 sende
291 1969 519 2029 Begeisterung
555 1963 605 2023 der
631 1958 864 2018 Bacchanten,
890 1954 935 2014 die
966 1954 1022 2014 vom
1063 1954 1164 2014 Blitz=

172 2028 272 2088 strahl
300 2019 350 2079 des
378 2015 494 2075 Weins
528 2011 712 2071 getroffen,
735 2007 784 2067 die
813 2005 946 2065 Geburt
980 2002 1035 2062 und
1069 2002 1163 2062 Tha¬

180 2079 226 2139 ten
278 2069 370 2129 seines
391 2065 556 2125 Erfinders
577 2059 633 2119 mit
654 2056 844 2116 brausendem
881 2052 1004 2112 Munde
1031 2049 1164 2109 sangen.

176 2124 267 2184 Doch
295 2121 381 2181 wenn
409 2118 457 2178 der
479 2115 560 2175 Herr
577 2112 680 2172 Prof.
696 2106 826 2166 nachher
849 2103 945 2163 diesen
968 2097 1162 2157 Enthusias=

177 2178 251 2238 mus
275 2174 367 2234 durch
391 2169 408 2229 "
432 2168 483 2228 die
502 2163 686 2223 erhabenste
710 2157 831 2217 lyrische
855 2152 988 2212 Poesie,
1006 2148 1052 2208 die
1075 2148 1150 2208 kühn

184 2228 238 2288 an
266 2223 492 2283 Metaphern,
521 2216 586 2276 voll
615 2211 647 2271 an
676 2208 836 2268 Worten,
859 2199 1096 2259 ungewöhnlich
1124 2195 1151 2255 in

201 2278 257 2338 der
275 2273 439 2333 Ordnung
463 2267 519 2327 ist"
554 2259 741 2319 bestimmt:
770 2255 798 2315 so
821 2255 934 2315 scheint
958 2249 1031 2309 alles
1066 2243 1162 2303 dieses

181 2333 234 2393 den
262 2322 499 2382 Dithyramben
527 2313 596 2373 noch
630 2307 656 2367 so
690 2307 786 2367 wenig
819 2306 873 2366 von
911 2300 960 2360 dem
1003 2293 1154 2353 Lyrischen

179 2383 210 2443 zu
237 2372 485 2432 unterscheiden,
507 2363 564 2423 daß
591 2355 744 2415 vielmehr
771 2356 844 2416 viele
866 2346 1166 2406 Pindarische,

175 2431 208 2491 ja
231 2426 286 2486 gar
309 2422 437 2482 manche
460 2409 705 2469 Horazische
728 2405 816 2465 Oden
840 2404 889 2464 sich
912 2400 934 2460 in
957 2396 1046 2456 diesen
1074 2393 1162 2453 Kreis

179 2471 334 2531 einfinden
365 2462 515 2522 würden.
566 2458 631 2518 Und
661 2454 717 2514 wie
737 2452 807 2512 groß
838 2450 908 2510 muß
933 2447 1014 2507 nicht
1034 2444 1084 2504 der
1105 2439 1169 2499 Un¬

174 2519 320 2579 terscheid
348 2514 477 2574 gewesen
506 2508 587 2568 seyn,
598 2506 630 2566 da
652 2501 831 2561 Aristoteles
865 2497 1070 2557 ausdrücklich
1098 2491 1157 2551 eine

175 2569 230 2629 von
261 2568 311 2628 den
337 2560 540 2620 Hauptarten
571 2554 616 2614 der
636 2548 748 2608 Poesie
764 2551 880 2611 daraus
906 2546 1022 2606 macht,
1038 2542 1113 2602 weil
1129 2539 1159 2599 er

176 2620 254 2680 diese
272 2615 300 2675 in
330 2611 375 2671 die
392 2605 535 2665 Epische,
547 2599 791 2659 Dramatische,
803 2599 951 2659 Lyrische,
963 2595 1020 2655 und
1044 2588 1162 2648 Dithy¬

180 2664 355 2724 rambische
379 2653 553 2713 eintheilt:
577 2649 611 2709 da
639 2647 747 2707 ferner
764 2646 831 2706 noch
860 2646 967 2706 Cicero
996 2641 1041 2701 die
1059 2638 1154 2698 letzten

176 2718 287 2778 beyden
316 2703 567 2763 unterscheidet,
590 2695 640 2755 so,
663 2696 713 2756 daß
742 2694 808 2754 ihre
831 2697 926 2757 ganze
949 2689 1166 2749 Aehnlichkeit

175 2767 332 2827 vielleicht
355 2758 419 2818 blos
442 2754 468 2814 in
496 2749 545 2809 der
573 2747 692 2807 Musick
715 2745 899 2805 bestanden.
949 2742 1025 2802 Das
1058 2736 1166 2796 wahre

179 2816 468 2876 Dithyrambische
488 2800 567 2860 sinkt
588 2796 757 2856 vielleicht,
772 2796 804 2856 um
851 2796 935 2856 seine
956 2792 1048 2852 Höhe
1068 2789 1100 2849 zu
1127 2785 1172 2845 er=

245 2897 255 2957 *
467 2900 528 2960 λIο
651 2897 751 2957 nennt
774 2897 801 2957 es
830 2896 945 2956 Plato.

1203 1288 1361 1348 reichen,
1399 1288 1494 1348 unter
1526 1285 1599 1345 allen
1642 1285 1775 1345 Poesien
1812 1284 1849 1344 am
1897 1280 2013 1340 tiefsten
2050 1282 2082 1342 zu
2119 1279 2166 1339 dem

1204 1332 1672 1392 Sinnlichthierischen
1714 1327 1894 1387 herunter;
1941 1327 1976 1387 es
2013 1324 2095 1384 redet
2126 1327 2182 1387 fast

1202 1375 1290 1435 allein
1325 1375 1383 1435 vor
1414 1375 1531 1435 Auge,
1556 1375 1625 1435 Ohr
1660 1375 1718 1435 und
1748 1372 1964 1432 Geschmack,
1989 1375 2107 1435 immer
2127 1374 2181 1434 vor

1203 1422 1249 1482 die
1270 1422 1429 1482 Affekten,
1456 1422 1554 1482 wenig
1585 1422 1636 1482 vor
1663 1422 1709 1482 den
1736 1419 1895 1479 Verstand
1922 1419 1978 1479 und
2005 1419 2107 1479 nichts
2134 1420 2185 1480 vor

1203 1470 1251 1530 die
1272 1470 1458 1530 Vernunft.
1506 1470 1564 1530 Da
1591 1470 1617 1530 es
1644 1470 1776 1530 überdem
1819 1468 1887 1528 nach
1915 1465 1962 1525 des
1994 1469 2185 1529 Proklus

1199 1521 1342 1581 Zeugniß
1381 1521 1464 1581 einen
1514 1521 1730 1581 wütenden
1775 1518 1886 1578 Tanz
1920 1517 2180 1577 ausdrücken

1208 1575 1277 1635 soll,
1307 1572 1329 1632 so
1359 1572 1486 1632 verhält
1504 1574 1532 1634 es
1562 1572 1614 1632 sich
1643 1571 1799 1631 vielleicht
1829 1569 1857 1629 zu
1893 1566 1968 1626 allen
2003 1569 2090 1629 jenen
2125 1568 2183 1628 von

1205 1623 1255 1683 dem
1295 1625 1397 1685 Autor
1421 1622 1631 1682 angeführten
1660 1619 1916 1679 einseitigen
1945 1616 2098 1676 Zeichen,
2133 1618 2189 1678 wie

1200 1676 1335 1736 Sache
1362 1673 1386 1733 zu
1417 1676 1547 1736 Bild,
1573 1673 1634 1733 und
1660 1670 1827 1730 Körper
1852 1667 1883 1727 zu
1915 1670 2070 1730 Fläche.
2114 1667 2194 1727 Be¬

1204 1727 1301 1787 merkt
1328 1727 1355 1787 er
1383 1727 1458 1787 aber
1486 1724 1556 1784 dies
1584 1721 1979 1781 Handlungsvolle
2007 1719 2061 1779 der
2088 1721 2180 1781 Alten

1207 1775 1309 1835 nicht:
1337 1778 1363 1838 so
1391 1775 1547 1835 vermisset
1570 1775 1634 1835 man
1662 1774 1732 1834 auch
1754 1772 1781 1832 in
1809 1771 1889 1831 jedem
1933 1770 2062 1830 Ganzen
2090 1769 2187 1829 seiner

1204 1820 1349 1880 Gesänge
1376 1822 1428 1882 den
1449 1822 1574 1882 Faden,
1590 1821 1642 1881 den
1669 1822 1820 1882 innerlich
1847 1821 1898 1881 der
1925 1817 2065 1877 Wein,
2082 1820 2196 1880 äußer¬

1201 1864 1254 1924 lich
1281 1867 1328 1927 der
1350 1867 1466 1927 Tanz
1488 1867 1573 1927 webt
1595 1870 1652 1930 und
1679 1867 1780 1927 leitet.
1828 1867 1913 1927 Man
1946 1868 2019 1928 sieht
2042 1867 2120 1927 nicht
2137 1867 2189 1927 das

1207 1909 1467 1969 Melodische
1490 1914 1728 1974 Gemälde,
1750 1915 1847 1975 worin
1880 1912 1923 1972 die
1945 1915 2189 1975 wechselsweise

1203 1957 1571 2017 Zusammenstimmung
1605 1960 1653 2020 der
1682 1960 1773 2020 Töne
1802 1960 1858 2020 nur
1888 1959 1955 2019 eine
1979 1961 2194 2021 Symmetrie

1201 2006 1250 2066 der
1276 2005 1402 2065 Linien,
1418 2005 1473 2065 und
1504 2005 1548 2065 die
1569 2005 1710 2065 einzelne
1726 2005 1907 2065 Harmonie
1928 2005 1988 2065 nur
2014 2008 2054 2068 ein
2080 2008 2190 2068 Punkt

1198 2052 1251 2112 der
1274 2049 1464 2109 Schönheit
1486 2048 1518 2108 ist

1686 2046 1759 2106 Den
1798 2049 1934 2109 Pindar
1964 2052 2036 2112 will
2057 2052 2090 2112 er
2120 2052 2183 2112 uns

1196 2101 1281 2161 zwar
1304 2099 1383 2159 nicht
1406 2097 1582 2157 ergänzen;
1611 2094 1661 2154 sich
1690 2094 1753 2154 doch
1782 2097 1855 2157 aber
1879 2097 1940 2157 mit
1964 2100 2009 2160 ihm
2060 2103 2190 2163 messen,

1200 2149 1254 2209 und
1279 2147 1334 2207 das
1360 2147 1390 2207 an
1421 2148 1593 2208 Horazens
1619 2145 1846 2205 Maasstabe:

1291 2193 1344 2253 Seu
1378 2193 1436 2253 per
1461 2196 1601 2256 audaces
1631 2196 1713 2256 noua
1747 2199 1990 2259 Dithyrambos

1298 2243 1388 2303 verba
1424 2246 1590 2306 devoluit,
1611 2249 1824 2309 numerisque
1855 2249 1955 2309 fertur

1744 2296 1814 2356 lege
1844 2300 1983 2360 solutis:

1206 2342 1301 2402 Allein
1330 2342 1392 2402 eine
1415 2346 1768 2406 Nacheiferungsode,
1797 2348 1853 2408 wie
1876 2351 1921 2411 die
1957 2351 2194 2411 gegenwärtige

1202 2393 1245 2453 des
1274 2393 1441 2453 Horaz,
1469 2396 1552 2456 mißt
1570 2397 1620 2457 die
1643 2399 1731 2459 wohl
1748 2401 1949 2461 Pindarn
1983 2399 2116 2459 anders,
2139 2401 2188 2461 als

1205 2440 1239 2500 an
1268 2440 1314 2500 der
1338 2443 1453 2503 Kluft,
1471 2446 1518 2506 die
1541 2446 1587 2506 die
1605 2449 1871 2509 Griechische
1895 2449 2191 2509 Dithyrambe

1206 2491 1265 2551 und
1296 2492 1513 2552 Römische
1538 2496 1628 2556 Ode
1653 2500 1803 2560 trennte?
1846 2494 1942 2554 Wird
1980 2494 2015 2554 sie
2046 2495 2112 2555 also
2142 2494 2190 2554 die

1202 2541 1330 2601 ganze
1359 2545 1616 2605 Dithyrambe,
1645 2550 1779 2610 genau,
1815 2547 1884 2607 oder
1914 2545 2106 2605 wenigstens
2142 2542 2193 2602 für

1199 2588 1360 2648 Deutsche
1384 2596 1558 2656 zulanglich
1587 2599 1802 2659 bestimmen,
1832 2593 1918 2653 deren
1959 2594 2098 2654 lyrischer
2122 2591 2202 2651 Ori=

1202 2641 1456 2701 ginalcharakter
1479 2643 1578 2703 gewiß
1607 2646 1683 2706 nicht
1707 2643 1750 2703 die
1779 2641 2000 2701 Römische
2028 2641 2117 2701 Ode
2145 2639 2194 2699 ist.

1210 2688 1271 2748 Und
1292 2689 1431 2749 freylich,
1448 2694 1535 2754 wenn
1562 2694 1623 2754 man
1649 2693 1685 2753 ein
1712 2691 1872 2751 verlornes
1893 2688 2187 2748 unnachahmliches

1205 2737 1368 2797 Gemalde
1397 2743 1459 2803 aus
1488 2745 1572 2805 einem
1623 2742 1759 2802 freyen
1799 2741 1957 2801 Portrait
1986 2738 2070 2798 frey
2105 2733 2194 2793 nach¬

1202 2790 1362 2850 zeichnet:
1386 2793 1415 2853 so
1445 2795 1522 2855 sieht
1553 2796 1617 2856 dies
1642 2793 1724 2853 Bild
1755 2792 1855 2852 gewiß
1892 2788 1938 2848 den
1981 2784 2087 2844 Eltern
2117 2778 2199 2838 ähn¬

2095 2832 2197 2892 licher
