2479 3508
256 377 310 437 den
333 377 382 437 ist.
434 374 510 434 Wir
533 374 644 434 wollen
672 374 744 434 aber
767 374 861 434 lieber
884 374 933 434 den
962 374 1111 434 Mangel
1129 374 1256 434 unserer

257 425 504 485 Erinnerungen
535 423 592 483 aus
618 422 700 482 einem
752 425 916 485 englischen
948 423 1185 483 Schriftsteller
1211 423 1257 483 er¬

262 476 405 536 gänzen,
433 472 483 532 der
517 470 577 530 das
606 473 866 533 Gefühldes
900 473 1155 533 Erhabenen
1189 473 1249 533 aus

261 523 314 583 den
342 519 526 579 Trieben
565 520 613 580 der
647 521 1032 581 Selbsterhaltung
1070 522 1130 582 und
1163 521 1249 581 durch

263 572 326 632 eine
353 569 654 629 Anstrengung
687 572 739 632 der
766 572 919 632 Fibern
957 572 1094 632 erklärt,
1121 572 1168 632 die
1195 570 1258 630 mit

261 620 343 680 jedem
390 619 591 679 Schmerz
617 619 798 679 verbunden
834 619 891 679 ist.
938 619 1061 679 Daher
1093 619 1154 679 sind
1186 619 1232 679 dem

261 667 395 727 Gefühl
412 667 465 727 des
488 668 655 728 Erhabnen
688 667 887 727 unabsehbar
909 670 1028 730 große,
1050 668 1255 728 unregelmä¬

264 718 358 778 ßige,
380 718 506 778 rauhe,
539 718 750 778 nachläßige,
782 715 941 775 maßive,
978 718 1115 778 dunkle,
1153 716 1247 776 gerad

270 766 506 826 fortschießende
527 766 599 826 oder
615 766 692 826 stark
713 763 908 823 abstechende
924 766 1151 826 Gegenstäͤnde
1167 763 1259 823 ange¬

265 813 391 873 messen.
442 816 530 876 Nach
559 815 631 875 eben
653 814 747 874 dieser
776 813 914 873 Theorie
937 813 986 873 hat
1009 816 1064 876 das
1092 813 1258 873 Gefühl

261 864 323 924 des
355 861 548 921 Schönen
585 864 652 924 eine
678 861 798 921 genaue
825 864 1096 924 Verwandschaft
1117 863 1174 923 mit
1201 860 1252 920 den

264 912 448 972 Trieben
498 912 551 972 der
584 912 915 972 Geselligkeit,
960 911 1019 971 und
1058 911 1106 971 der
1145 911 1258 971 Britte

269 963 379 1023 glaubt
402 960 457 1020 bey
485 960 534 1020 dem
580 960 702 1020 Genuß
730 959 818 1019 jeder
847 960 935 1020 Lust
958 957 1025 1017 eine
1053 958 1264 1018 Erschlaf¬

259 1008 357 1068 fung
394 1010 450 1070 der
487 1007 643 1067 Fibern
690 1007 746 1067 und
794 1004 980 1064 vermehrte
1012 1007 1255 1067 Ausdünstung

264 1057 548 1117 wahrgenommen
574 1055 598 1115 zu
629 1055 745 1115 haben.
787 1049 858 1109 Die
884 1052 1112 1112 Gegenstände
1133 1052 1183 1112 für
1204 1052 1259 1112 das

270 1103 399 1163 Gefühl
420 1103 466 1163 des
487 1103 637 1163 Schoͤnen
668 1100 896 1160 unterscheiden
928 1100 974 1160 sich
1000 1101 1145 1161 demnach
1171 1100 1253 1160 durch

266 1154 334 1214 eine
356 1151 737 1211 vergleichungsmäßige
765 1148 955 1208 Kleinheit,
982 1148 1162 1208 (gleichwie
1189 1148 1268 1208 Di¬

266 1201 478 1261 minutiva
510 1197 846 1257 Liebkosungswörter
873 1195 934 1255 sind
971 1196 1027 1256 und
1064 1196 1266 1256 Martial

269 1250 358 1310 sagt:
386 1249 444 1309 qui
460 1246 566 1306 bellus
582 1246 682 1306 homo
715 1245 772 1305 est,
789 1244 900 1304 Cotta,
922 1243 1054 1303 pusillus
1075 1243 1176 1303 homo
1203 1240 1266 1300 est)

262 1300 352 1360 durch
386 1297 448 1357 eine
477 1300 572 1360 glatte
601 1296 793 1356 geschliffene
816 1297 1031 1357 Oberfläche,
1054 1294 1132 1354 helle
1156 1294 1262 1354 durch¬

263 1348 384 1408 sichtige
407 1351 584 1411 Klarheit,
602 1348 824 1408 schlängelnde
846 1348 1179 1408 Wellenbewegung,
1196 1347 1256 1407 und

261 1399 495 1459 schmelzende,
523 1399 713 1459 welkende,
735 1396 969 1456 schmachtende
1008 1396 1264 1456 Weichlichkeit.

268 1446 363 1506 Unter
384 1443 500 1503 andern
536 1446 672 1506 urtheilt
698 1445 763 1505 auch
799 1443 849 1503 der
880 1443 1031 1503 englische
1052 1446 1254 1506 Beobachter

266 1496 546 1556 zuruͤckhaltender
568 1494 626 1554 und
654 1494 849 1554 vorsichtiger
876 1491 950 1551 üͤber
983 1494 1030 1554 den
1062 1495 1257 1555 Unterscheid

263 1545 316 1605 des
348 1545 554 1605 Eindrucks,
581 1543 639 1603 den
671 1542 739 1602 eine
767 1542 856 1602 Höhe
888 1542 962 1602 oder
989 1542 1084 1602 Tiefe
1116 1544 1174 1604 auf
1201 1544 1253 1604 das

262 1590 389 1650 Gefühl
419 1592 474 1652 des
502 1590 675 1650 Erhabnen
710 1592 833 1652 macht.
878 1590 990 1650 Wenn
1024 1592 1051 1652 er
1079 1590 1130 1650 sich
1169 1590 1252 1650 einen

266 1640 419 1700 Abgrund
446 1637 646 1697 schrecklicher
673 1637 836 1697 vorstellt,
863 1634 889 1694 so
921 1635 1032 1695 beruft
1053 1637 1084 1697 er
1122 1634 1169 1694 sich
1201 1636 1259 1696 auf

263 1685 342 1745 keine
377 1685 559 1745 eigentliche
584 1682 746 1742 Versuche
777 1680 825 1740 des
861 1679 1008 1739 Gefühls
1038 1679 1171 1739 sondern
1201 1678 1259 1738 auf

263 1730 332 1790 eine
362 1730 454 1790 bloße
480 1729 646 1789 Ahndung
681 1725 735 1785 des
766 1724 912 1784 Urtheils
952 1724 1011 1784 und
1051 1723 1104 1783 der
1134 1724 1266 1784 Einbil¬

265 1778 476 1838 dungskraft.
521 1775 576 1835 In
605 1772 699 1832 dieser
722 1772 990 1832 philosophischen
1018 1772 1257 1832 Untersuchung

270 1825 343 1885 über
372 1825 423 1885 den
458 1822 627 1882 Ursprung
656 1822 786 1882 unserer
810 1822 962 1882 Begriffe
986 1822 1042 1882 vom
1082 1822 1257 1882 Erhabnen

270 1874 330 1934 und
364 1873 519 1933 Schönen
553 1873 658 1933 finden
703 1873 763 1933 wir
808 1873 880 1933 noch
920 1875 952 1935 in
992 1876 1169 1936 Ansehung
1208 1876 1263 1936 der

262 1925 412 1985 Pracht
435 1925 501 1985 eine
524 1924 696 1984 dringende
719 1924 886 1984 Warnung
914 1926 964 1986 für
987 1924 1103 1984 selbige
1121 1925 1148 1985 in
1171 1926 1265 1986 Wer¬

264 1975 316 2035 ken
343 1977 390 2037 der
417 1978 544 2038 Kunst;
571 1975 645 2035 weil
672 1973 740 2033 eine
762 1975 1042 2035 Verschwendung
1074 1975 1264 2035 ausgesuch¬

261 2024 309 2084 ter
336 2025 558 2085 Schönheiten
596 2024 650 2084 gar
683 2023 709 2083 zu
748 2023 867 2083 kostbar
894 2025 953 2085 ist,
986 2025 1040 2085 dem
1084 2023 1251 2083 nützlichen

261 2075 451 2135 Gebrauche
473 2073 565 2133 loicht
582 2073 772 2133 nachtheilig
794 2073 903 2133 wird,
947 2073 1006 2133 und
1034 2073 1082 2133 das
1110 2070 1262 2130 Mißver¬

264 2126 387 2186 gnügen
415 2124 490 2184 über
512 2123 772 2183 Unordnung
800 2121 885 2181 durch
913 2121 978 2181 eine
1000 2121 1183 2181 Aussicht
1205 2120 1253 2180 ins

260 2172 513 2232 Unendliche
540 2172 640 2232 ersetzt
657 2169 778 2229 werden
810 2169 910 2229 muß:
937 2168 989 2228 daß
1016 2169 1137 2229 folglich
1164 2169 1253 2229 unter

258 2221 325 2281 sehr
351 2217 497 2277 wenigen
534 2217 783 2277 Gegenständen
815 2214 862 2274 ein
899 2217 1153 2277 Feuerwerk
1180 2219 1252 2279 noch

256 2264 291 2324 am
349 2263 477 2323 meisten
531 2263 618 2323 einer
659 2261 845 2321 künstlichen
887 2264 1015 2324 Pracht
1056 2267 1149 2327 fähig
1197 2267 1254 2327 sey.

266 2313 343 2373 (S.
362 2312 379 2372 A
435 2308 681 2368 philosophical
707 2306 845 2366 Enquiry
882 2312 948 2372 into
978 2312 1033 2372 the
1063 2315 1184 2375 Origin
1221 2315 1262 2375 of

260 2360 350 2420 Ideas
377 2357 408 2417 of
430 2357 477 2417 the
499 2354 647 2414 Sublime
669 2354 726 2414 and
748 2357 923 2417 Beautiful.
950 2363 1029 2423 Part
1051 2363 1093 2423 II.
1104 2363 1183 2423 sect.
1204 2363 1262 2423 15.

265 2411 368 2471 Lond.
386 2409 496 2469 1757.
514 2408 572 2468 8.)
613 2402 688 2462 Von
729 2403 775 2463 des
810 2408 914 2468 Herrn
944 2413 1124 2473 Magisters
1147 2411 1262 2471 Beob=

262 2461 434 2521 achtungen
464 2455 538 2515 über
568 2450 614 2510 die
637 2449 845 2509 verschiedene
869 2461 1094 2521 Gegenstäͤnde
1123 2461 1175 2521 des
1198 2461 1256 2521 Er¬

265 2509 386 2569 habnen
420 2506 473 2566 und
502 2500 657 2560 Schönen
685 2499 738 2559 hat
760 2499 820 2559 uns
841 2504 982 2564 folgende
1010 2511 1186 2571 vorzüglich
1214 2509 1260 2569 ge=

266 2557 381 2617 fallen:
408 2548 503 2608 "Ein
523 2551 657 2611 Arsenal
677 2548 753 2608 kann
781 2548 844 2608 edel
864 2551 921 2611 und
948 2556 1114 2616 einfältig,
1127 2558 1165 2618 ein
1192 2557 1261 2617 Re¬

263 2605 483 2665 "sidenzschloß
510 2605 648 2665 prächtig
674 2599 736 2659 und
763 2596 800 2656 ein
826 2599 1008 2659 Lustpallast
1028 2604 1109 2664 schön
1135 2605 1191 2665 und
1211 2609 1261 2669 ge=

264 2649 365 2709 "ziert
377 2651 518 2711 seyn."—
558 2650 636 2710 Der
660 2647 812 2707 zweyte
836 2644 999 2704 Abschnitt
1011 2652 1140 2712 handelt
1163 2652 1241 2712 ”von

266 2695 337 2755 "den
368 2697 603 2757 Eigenschaften
640 2699 694 2759 des
719 2694 888 2754 Erhabnen
925 2695 984 2755 und
1009 2700 1160 2760 Schönen
1196 2703 1232 2763 am

256 2751 453 2811 „Menschen
477 2748 697 2808 überhaupt,"
732 2745 795 2805 und
813 2743 906 2803 fängt
918 2742 964 2802 sich
988 2744 1039 2804 also
1058 2749 1121 2809 an:
1139 2751 1254 2811 "Ver=

254 2796 362 2856 "stand
393 2800 428 2860 ist
447 2796 604 2856 erhaben,
623 2796 706 2856 Witz
725 2796 767 2856 ist
786 2793 888 2853 schön.
937 2796 1112 2856 Kühnheit
1143 2799 1178 2859 ist
1203 2800 1233 2860 er

256 2844 374 2904 "haben
404 2849 465 2909 und
489 2848 585 2908 groß,
602 2847 659 2907 List
676 2845 710 2905 ist
733 2846 806 2906 klein
841 2844 909 2904 aber
932 2844 1034 2904 schön.
1091 2847 1164 2907 Die
1182 2847 1249 2907 Be¬

254 2900 487 2960 hutsamkeit,
500 2900 579 2960 sagte
599 2900 833 2960 Cromwell,
846 2900 876 2960 ist
895 2897 956 2957 eine
975 2894 1252 2954 Bürgermeister=

1298 370 1436 430 "tugend
1460 371 1488 431 u.
1500 372 1523 432 s.
1541 373 1580 433 w.
1610 375 1835 435 Ohngeachtet
1847 374 1922 434 diese
1940 374 2211 434 Beobachtungen
2241 378 2292 438 den

1295 419 1435 479 Bildern
1464 419 1520 479 gar
1543 422 1570 482 zu
1599 425 1723 485 aͤhnlich
1746 427 1836 487 sind,
1859 425 1971 485 welche
1989 426 2078 486 durch
2107 427 2174 487 eine
2197 428 2298 488 magi¬

1304 470 1357 530 sche
1380 467 1510 527 Laterne
1532 469 1564 529 an
1597 469 1651 529 der
1673 473 1781 533 Wand
1809 476 1949 536 spielen;
1978 476 2004 536 so
2037 476 2139 536 findet
2162 476 2232 536 man
2265 477 2292 537 in

1300 518 1346 578 der
1377 518 1480 578 Folge
1507 518 1635 578 manche
1662 524 1765 584 artige
1791 524 2039 584 Anmerkungen
2076 524 2153 584 über
2190 524 2293 584 einige

1300 567 1537 627 Eigenschaften
1566 569 1614 629 der
1641 572 1787 632 Gestalt,
1810 574 1863 634 des
1891 575 2020 635 Alters,
2047 575 2096 635 der
2118 575 2301 635 Kleidung,

1299 616 1350 676 der
1381 616 1530 676 Bühne,
1567 617 1618 677 der
1639 620 1917 680 Herenmährchen
1954 622 2009 682 und
2041 620 2211 680 besonders
2242 623 2293 683 der

1299 664 1572 724 Temperamente
1593 667 1633 727 rc.
1660 670 1752 730 Weil
1768 670 1840 730 aber
1866 670 1917 730 des
1938 670 2041 730 Verf.
2057 670 2216 730 Entwurf
2237 673 2293 733 nur

1300 715 1353 775 das
1386 715 1527 775 sinnliche
1549 712 1679 772 Gefühl
1701 718 1858 778 berühren
1885 718 1988 778 sollte,
2010 721 2134 781 ahnden
2162 721 2221 781 wir
2244 723 2302 783 mit

1299 763 1420 823 einigem
1468 763 1632 823 Grunde,
1653 766 1706 826 daß
1743 766 1769 826 in
1802 769 1896 829 diesem
1939 769 2118 829 Abschnitte
2151 770 2197 830 die
2224 770 2298 830 fünf

1298 810 1393 870 Sine
1415 810 1461 870 des
1488 812 1651 872 Menschen
1679 813 1811 873 gänzlich
1832 816 2032 876 übergangen
2054 819 2201 879 worden.
2223 819 2296 879 Der

1300 858 1385 918 hohe
1408 857 1537 917 Gusto
1576 861 1607 921 an
1641 861 1841 921 Schüsseln,
1869 861 1917 921 die
1950 864 2009 924 mit
2037 867 2112 927 T..
2123 867 2161 927 f.
2172 867 2264 927 lsdr.
2275 867 2296 927 ck

1300 909 1421 969 gesalbt
1443 906 1532 966 sind,
1559 909 1612 969 des
1639 909 1765 969 Königs
1792 911 2051 971 Demetrius
2073 915 2305 975 Poliorce¬

1298 954 1356 1014 tes
1383 954 1563 1014 Wettstreit
1580 957 1595 1017 e
1617 957 1701 1017 regia
1728 957 1903 1017 glande,
1915 957 1972 1017 das
1994 960 2217 1020 Erhabene
2244 963 2296 1023 des

1300 1001 1511 1061 Gestanks
1544 1002 1734 1062 betreffend,
1751 1004 1793 1064 (in
1814 1004 1968 1064 Baylens
1989 1004 2143 1064 kritischen
2170 1013 2302 1073 Anmer¬

1298 1048 1416 1108 kungen
1450 1049 1530 1109 über
1558 1050 1606 1110 die
1634 1052 1807 1112 Lamia)
1835 1049 1894 1109 und
1927 1050 1975 1110 der
1998 1054 2181 1114 begeisterte
2204 1058 2301 1118 Griff

1303 1094 1385 1154 eines
1411 1098 1691 1158 sicyonischen
1723 1100 1956 1160 Bacchanten,
1993 1100 2122 1160 welcher
2148 1104 2205 1164 das
2236 1107 2303 1167 Ge¬

1302 1143 1444 1203 heimnis
1472 1143 1551 1203 jeder
1578 1145 1768 1205 Schönheit
1789 1148 1842 1208 auf
1864 1147 1911 1207 der
1933 1145 2033 1205 Spur
2060 1151 2218 1211 verfolgt,
2235 1152 2292 1212 sind

1298 1190 1541 1250 ausnehmende
1562 1193 1737 1253 Beyspiele
1764 1196 1820 1256 von
1852 1196 1903 1256 den
1935 1196 2209 1256 Besonderheiten
2246 1202 2291 1262 der

1302 1240 1518 1300 menschlichen
1546 1240 1678 1300 Natur.
1726 1243 1832 1303 Wenn
1874 1243 1943 1303 aber
1970 1244 2022 1304 der
2049 1246 2112 1306 Hr.
2134 1246 2297 1306 Magister

1301 1289 1350 1349 den
1389 1291 1555 1351 Inbegrif
1583 1291 1632 1351 der
1655 1291 1788 1351 Tugend
1816 1294 1837 1354 in
1877 1294 1926 1354 dem
1971 1291 1987 1351 "
2004 1294 2142 1354 Gefühl
2165 1296 2220 1356 von
2248 1295 2297 1355 der

1300 1340 1515 1400 "Schönheit
1538 1342 1598 1402 und
1627 1345 1754 1405 Würde
1782 1345 1837 1405 der
1865 1345 2080 1405 menschlichen
2109 1348 2219 1408 Natur
2247 1345 2302 1405 zu¬

1298 1393 1563 1453 "sammenfaßt;
1614 1393 1647 1453 so
1669 1394 1707 1454 ist
1725 1396 1813 1456 leicht
1831 1396 1863 1456 zu
1892 1396 2052 1456 erachten,
2075 1399 2124 1459 daß
2153 1396 2180 1456 er
2208 1396 2296 1456 unter

1300 1440 1393 1500 dieser
1422 1443 1610 1503 Schönheit
1632 1445 1687 1505 und
1716 1446 1842 1506 Würde
1865 1446 1915 1506 der
1938 1446 2153 1506 menschlichen
2182 1446 2297 1506 Natur

1301 1491 1402 1551 nichts
1430 1494 1543 1554 anders
1565 1494 1613 1554 als
1646 1494 1694 1554 die
1716 1494 1851 1554 Tugend
1879 1496 1970 1556 selbst
1997 1497 2153 1557 versteht.
2202 1497 2288 1557 Man

1295 1540 1370 1600 wird
1404 1539 1452 1599 sich
1491 1541 1566 1601 über
1600 1542 1675 1602 diese
1703 1544 1888 1604 Gleichung
1932 1545 1986 1605 von
2019 1545 2035 1605 3
2068 1545 2285 1605 unbekannten

1300 1587 1430 1647 Größen
1456 1587 1542 1647 nicht
1563 1590 1735 1650 wundern,
1756 1592 1832 1652 weil
1858 1590 1902 1650 die
1928 1593 2060 1653 Tugend
2096 1594 2167 1654 eben
2198 1593 2222 1653 so
2248 1593 2303 1653 na¬

1300 1633 1410 1693 türlich
1436 1631 1521 1691 durch
1552 1633 1592 1693 ein
1623 1634 1753 1694 Gefühl
1774 1637 1824 1697 der
1850 1635 1980 1695 Tugend
2016 1637 2137 1697 erklärt
2168 1640 2288 1700 werden

1299 1673 1398 1733 kann,
1421 1675 1466 1735 als
1494 1675 1557 1735 man
1589 1676 1634 1736 sich
1662 1678 1734 1738 noch
1762 1679 1907 1739 erinnern
1934 1682 2034 1742 wird,
2053 1682 2102 1742 daß
2130 1684 2179 1744 der
2203 1688 2297 1748 Verf.

1302 1719 1346 1779 die
1372 1721 1497 1781 meisten
1533 1724 1804 1784 Beobachtungen
1845 1724 1920 1784 über
1956 1727 2011 1787 das
2041 1726 2177 1786 Schöne
2207 1733 2292 1793 selbst

1301 1769 1383 1829 nicht
1400 1771 1455 1831 aus
1484 1772 1533 1832 den
1567 1775 1804 1835 Eigenschaften
1833 1777 1882 1837 der
1905 1777 2037 1837 Dinge,
2060 1781 2187 1841 sondern
2226 1781 2298 1841 vor¬

1300 1822 1458 1882 nehmlich
1482 1823 1537 1883 aus
1561 1825 1611 1885 dem
1652 1826 1804 1886 innigsten
1827 1828 2042 1888 Bewußtseyn
2071 1831 2155 1891 ihrer
2173 1831 2302 1891 Schön¬

1300 1872 1368 1932 heit
1391 1876 1550 1936 herleitet.
1596 1876 1647 1936 Ob
1676 1879 1772 1939 dieses
1801 1879 1931 1939 Gefühl
1949 1879 2005 1939 von
2035 1881 2079 1941 der
2108 1881 2301 1941 Schönheit

1302 1921 1358 1981 und
1385 1924 1513 1984 Wuͤrde
1534 1924 1585 1984 der
1606 1927 1823 1987 menschlichen
1844 1929 1952 1989 Natur
1979 1927 2004 1987 im
2035 1927 2138 1987 Besitz
2159 1928 2293 1988 erkannt

1299 1971 1373 2031 oder
1395 1975 1549 2035 füglicher
1570 1972 1597 2032 im
1635 1977 1767 2037 Verlust
1795 1978 1954 2038 erworben
1991 1975 2097 2035 wird,
2119 1975 2289 2035 überlaßen

1297 2012 1381 2072 „wir
1419 2023 1471 2083 den
1514 2024 1666 2084 Kennern
1715 2025 1804 2085 jenes
1837 2025 2063 2085 eingebildeten
2112 2025 2296 2085 Kleinods,

1298 2065 1417 2125 "dessen
1457 2070 1571 2130 ganzer
1595 2070 1703 2130 Werth
1732 2073 1817 2133 darin
1846 2074 1982 2134 besteht,
2006 2075 2056 2135 daß
2085 2073 2154 2133 man
2183 2075 2211 2135 es
2240 2074 2307 2134 zer¬

1300 2116 1435 2176 „bricht,
1447 2118 1506 2178 und
1528 2118 1637 2178 wovon
1659 2120 1724 2180 man
1752 2121 1931 2181 überhaupt
1948 2124 2007 2184 viel
2030 2124 2181 2184 hämische
2198 2126 2301 2186 Zwei¬

1307 2163 1366 2223 "fel
1383 2167 1474 2227 hegt,
1491 2166 1544 2226 des
1572 2164 1819 2224 adoptirten
1857 2172 2283 2232 Tugendschimmers

1322 2211 1354 2271 zu
1382 2214 1610 2274 geschweigen.

1690 2213 1728 2273 Es
1756 2211 1788 2271 ist
1811 2214 1909 2274 daher
1926 2217 2212 2277 wahrscheinlich,
2229 2223 2283 2283 daß

1300 2264 1396 2324 dieses
1419 2264 1553 2324 Gefühl
1570 2259 1623 2319 von
1651 2258 1699 2318 der
1721 2262 1910 2322 Schönheit
1932 2263 1991 2323 und
2018 2264 2066 2324 der
2089 2267 2212 2327 Würde
2235 2267 2288 2327 der

1294 2312 1506 2372 menschlichen
1528 2309 1639 2369 Natur
1666 2311 1724 2371 mit
1740 2312 1772 2372 zu
1799 2312 1852 2372 den
1879 2312 2118 2372 unnatüͤrlichen
2150 2315 2277 2375 Dingen

1297 2363 1423 2423 gehört,
1435 2360 1461 2420 in
1483 2357 1609 2417 welchen
1637 2357 1683 2417 das
1705 2362 1874 2422 Erhabene
1885 2360 1970 2420 zwar
1986 2360 2145 2420 gemeynt,
2156 2363 2219 2423 aber
2235 2364 2293 2424 we¬

1294 2409 1342 2469 nig
1370 2411 1439 2471 oder
1462 2408 1516 2468 gar
1538 2405 1625 2465 nicht
1642 2410 1837 2470 angetroffen
1865 2408 1962 2468 wird.
2017 2409 2065 2469 Am
2109 2414 2288 2474 Beschlusse

1295 2457 1391 2517 dieses
1414 2453 1611 2513 Abschnittes
1640 2458 1799 2518 verweiset
1828 2457 1872 2517 sich
1901 2457 1952 2517 der
1975 2458 2042 2518 Hr.
2060 2461 2167 2521 Mag.
2184 2464 2285 2524 selbst,

1300 2498 1373 2558 "daß
1400 2506 1431 2566 er
1453 2502 1537 2562 nicht
1559 2505 1749 2565 vermögend
1776 2508 1908 2568 gewesen
1945 2506 2125 2566 denjenigen
2157 2512 2289 2572 Stand¬

1294 2552 1418 2612 „punct
1435 2554 1461 2614 zu
1489 2551 1640 2611 nehmen,
1657 2555 1710 2615 aus
1732 2560 1856 2620 welchem
1895 2557 1937 2617 sich
1965 2557 2013 2617 das
2035 2560 2132 2620 große
2154 2560 2289 2620 Gemäl=

1288 2592 1341 2652 „de
1368 2602 1416 2662 der
1438 2600 1550 2660 ganzen
1577 2602 1732 2662 menschl.
1754 2608 1881 2668 Natur,
1899 2608 1978 2668 trotz
1995 2608 2069 2668 allen
2097 2608 2288 2668 Abstechun¬

1292 2642 1367 2702 „gen
1395 2649 1480 2709 ihrer
1503 2649 1583 2709 edlen
1611 2650 1669 2710 und
1692 2655 1859 2715 schwachen
1886 2655 2026 2715 Seiten!
2043 2655 2069 2715 in
2097 2657 2182 2717 einer
2205 2654 2280 2714 rüh¬

1292 2698 1430 2758 "renden
1452 2694 1580 2754 Gestalt
1597 2701 1751 2761 darstellt;
1779 2703 1857 2763 weil
1874 2703 1901 2763 er
1924 2703 1973 2763 sich
1996 2706 2090 2766 gerne
2107 2703 2289 2763 bescheidet,

1289 2744 1367 2804 „daß
1396 2748 1452 2808 alle
1475 2745 1622 2805 groteske
1645 2754 1842 2814 Stellungen
1877 2753 1961 2813 (auch
1984 2753 2012 2813 in
2046 2754 2130 2814 jener
2154 2751 2283 2811 Carica¬

1286 2792 1387 2852 „tur,
1399 2796 1443 2856 wo
1472 2793 1556 2853 einer
1579 2795 1629 2855 dem
1675 2802 1792 2862 andern
1821 2802 1866 2862 ein
1900 2802 2024 2862 schiefes
2047 2801 2153 2861 Maul
2165 2799 2283 2859 macht,

1290 2840 1374 2900 „und
1402 2843 1459 2903 mit
1476 2841 1571 2901 seinem
1614 2844 1708 2904 leeren
1736 2849 1820 2909 Kopf
1842 2849 1873 2909 an
1900 2849 1953 2909 den
1974 2847 2059 2907 Kopf
2081 2847 2175 2907 seines
2197 2847 2287 2907 Bru¬

1289 2890 1384 2950 "ders
1408 2894 1509 2954 stößt)
1533 2894 1702 2954 zusammen
1737 2899 1940 2959 genommen,
1970 2900 2054 2960 einen
2083 2895 2168 2955 edeln
2197 2896 2286 2956 Aus¬

2159 2945 2273 3005 "druck
