2479 3508
621 1225 733 1285 31tes
777 1224 942 1284 Stück.
1005 1221 1223 1281 Freytag,
1259 1220 1318 1280 den
1372 1222 1450 1282 18.
1486 1219 1589 1279 May
1643 1219 1790 1279 1764.

553 1302 853 1362 Königsberg.

197 1365 323 1425 Gey
358 1358 467 1418 unserm
508 1354 664 1414 Verleger
693 1350 727 1410 ist
756 1351 836 1411 schon
867 1351 895 1411 im
942 1351 1068 1411 vorigen
1097 1350 1189 1410 Jahr
1230 1350 1322 1410 dessen
1351 1351 1565 1411 schreckhaften
1588 1348 1703 1408 Folgen
1732 1351 1917 1411 überhaupt
1935 1350 2055 1410 werden
2085 1354 2130 1414 die
2148 1357 2222 1417 vor¬

227 1402 650 1462 herausgekommen:
683 1395 808 1455 Paean,
831 1396 1013 1456 Friedrichs
1046 1395 1194 1455 Palmen,

201 1451 362 1511 geheiligt
385 1448 440 1508 von
463 1446 513 1506 Ioh
553 1443 647 1503 Frid.
659 1440 798 1500 Lauson,
826 1434 837 1494 7
871 1441 1004 1501 Bogen,
1027 1443 1099 1503 groß
1122 1440 1194 1500 4to.

198 1502 254 1562 Da
283 1498 374 1558 dieses
404 1496 546 1556 Gedicht
564 1494 632 1554 noch
661 1493 683 1553 in
718 1491 815 1551 keiner
839 1490 1016 1550 Gelehrten
1045 1491 1192 1551 Zeitung,

202 1548 228 1608 so
255 1554 318 1614 viel
335 1549 392 1609 uns
414 1548 562 1608 wissend,
584 1542 758 1602 beurtheilt
780 1540 928 1600 worden,
950 1542 1007 1602 und
1040 1542 1172 1602 vielleich

788 1596 809 1656 so
838 1593 939 1653 halten
974 1593 1029 1653 wir
1059 1593 1114 1653 es,
1149 1593 1199 1653 be=

192 1605 334 1665 draußen
367 1601 551 1661 unbekannt
573 1596 635 1656 seyn
668 1595 762 1655 mag,

203 1655 330 1715 sonders
364 1649 491 1709 unserer
525 1646 741 1706 auswartigen
781 1646 864 1706 Leser
898 1644 1009 1704 halber
1037 1643 1120 1703 nicht
1143 1643 1192 1703 für

204 1705 405 1765 überflüßig,
424 1701 492 1761 eine
516 1700 603 1760 kurze
627 1694 765 1754 Anzeige
788 1697 898 1757 allhier
922 1694 1020 1754 davon
1049 1697 1077 1757 zu
1101 1697 1176 1757 thun

202 1754 250 1814 die
282 1751 525 1811 Beurtheilung
563 1746 637 1806 aber
664 1745 717 1805 den
750 1745 897 1805 Kennern
941 1743 972 1803 zu
1004 1745 1200 1805 überlaßen.

200 1799 274 1859 Die
289 1799 616 1859 Zueignungsschrift
638 1793 678 1853 ist
693 1793 719 1853 in
747 1793 890 1853 folgende
912 1793 979 1853 vier
1000 1794 1102 1854 Zeilen
1137 1796 1198 1856 ein=
1226 1793 1403 1853 Gleichnis
1425 1795 1492 1855 an:

197 1849 382 1909 gekleidet:

294 1906 372 1966 Dem
412 1897 649 1957 Friedrich,
663 1895 715 1955 den
749 1891 827 1951 Zevs
848 1891 966 1951 stärkt,
980 1894 1085 1954 Mars
1105 1896 1203 1956 tiebt,

726 1933 891 1993 Minerva
923 1936 1005 1996 kußt

259 1993 305 2053 Jn
340 1996 432 2056 dessen
461 1987 697 2047 Lorrbeerhayn
733 1983 784 2043 des
808 1986 986 2046 Oelbaums
1010 1987 1084 2047 Keim
1131 1987 1200 2047 ent=

731 2032 863 2092 sprießt,

256 2089 302 2149 An
337 2088 384 2148 dem
432 2085 540 2145 Welt,
561 2085 696 2145 Feinde,
724 2082 825 2142 Volk,
846 2082 961 2142 Geist,
989 2080 1198 2140 Großmuth,

721 2133 830 2193 Huld,
859 2130 1037 2190 verehren,

939 2178 1020 2238 will

251 2187 398 2247 Jauchzt
428 2187 522 2247 dieser
546 2184 640 2244 Paan
676 2184 735 2244 zu;
765 2181 835 2241 kann

1107 2181 1187 2241 wird

725 2232 770 2292 Er
798 2231 849 2291 ihn
890 2228 1014 2288 hören?

277 2312 360 2372 Das
396 2309 535 2369 Gedicht
564 2305 647 2365 selbst
676 2305 816 2365 bestehet
838 2306 893 2366 aus
929 2303 1068 2363 hundert
1090 2300 1194 2360 Stro=

200 2366 314 2426 phen,
338 2363 404 2423 und
429 2360 518 2420 hebet
543 2355 584 2415 sich
615 2354 675 2414 also
699 2354 764 2414 an:

298 2421 383 2481 Zevs
412 2417 486 2477 niest
516 2414 526 2474 —
590 2413 618 2473 es
647 2411 733 2471 blitzt

806 2417 921 2477 Nacht
939 2414 1022 2474 deckt
1039 2411 1088 2471 den
1122 2411 1188 2471 Tag

249 2471 296 2531 In
335 2469 443 2529 langen
481 2461 805 2521 Wolkenkaravanen

257 2518 386 2578 Knarrt
409 2514 572 2574 dumpfigt
599 2509 746 2569 schwerer
779 2512 1023 2572 Wetterschlag,

252 2566 439 2626 Gepreßter
468 2563 546 2623 Luft
569 2562 620 2622 den
654 2557 733 2617 Weg
762 2560 795 2620 zu
830 2563 976 2623 bahnen.

248 2617 479 2677 Entathmend
509 2611 590 2671 saust
614 2611 666 2671 der
696 2610 840 2670 Stürme
871 2609 991 2669 Wuth,

253 2666 356 2726 Angst
386 2661 461 2721 bebt
490 2658 576 2718 durch
606 2658 693 2718 jeden
734 2658 872 2718 Tropfen
908 2658 1011 2718 Blut,

240 2718 398 2778 Quetscht
424 2709 493 2769 heiß
526 2706 577 2766 ihn
609 2706 703 2766 weg,
736 2709 868 2769 schlurft
895 2712 939 2772 lau
972 2712 1022 2772 ihn
1060 2703 1174 2763 wieder

246 2769 327 2829 Der
355 2759 567 2819 überraschten
605 2754 746 2814 Kreatur

251 2817 407 2877 Schaurt
439 2808 492 2868 vor
523 2808 571 2868 des
602 2807 716 2867 Todes
747 2805 850 2865 lichten
887 2809 989 2869 Spur

248 2867 476 2927 Entgeisternd
501 2861 634 2921 donnert
651 2858 762 2918 Furcht
779 2861 1046 2921 unwiderstehbar
1071 2852 1189 2912 nieder.

1269 1306 1363 1366 Nach
1391 1306 1474 1366 einer
1497 1306 1602 1366 kurzen
1636 1300 1874 1360 Beschreibung
1909 1303 1958 1363 des
1981 1309 2119 1369 Krieges
2153 1309 2213 1369 und

1217 1394 1376 1454 nehmsten
1408 1393 1599 1453 Schlachten
1631 1394 1684 1454 des
1705 1396 1817 1456 dritten
1849 1396 2056 1456 Schlesischen
2088 1403 2220 1463 Feldzu¬

1220 1442 1274 1502 ges
1307 1440 1534 1500 insbesondere
1562 1440 1773 1500 beschrieben.
1844 1443 1995 1503 Hierauf
2023 1446 2125 1506 folgen
2169 1452 2212 1512 die

1221 1490 1481 1550 Schilderungen
1514 1488 1687 1548 derjenigen
1721 1491 1861 1551 Städte,
1889 1491 1916 1551 so
1938 1491 1959 1551 in
1993 1494 2084 1554 diesem
2123 1497 2220 1557 Krie¬

1215 1544 1252 1604 ge
1279 1539 1331 1599 das
1359 1542 1464 1602 meiste
1497 1542 1656 1602 gelitten,
1684 1539 1800 1599 sodann
1838 1542 1885 1602 die
1907 1542 2125 1602 Zeichnungen
2163 1548 2215 1608 der

1226 1593 1504 1653 merkwürdigsten
1533 1593 1680 1653 Helden;
1709 1590 1885 1650 hiernachst
1914 1592 1958 1652 die
1987 1593 2044 1653 das
2073 1596 2219 1656 Preußi=

1226 1644 1283 1704 sche
1307 1643 1399 1703 Haus
1429 1643 1486 1703 und
1510 1643 1678 1703 besonders
1708 1641 1794 1701 Jhro
1824 1640 1916 1700 Maj.
1940 1642 1991 1702 den
2027 1643 2131 1703 König
2160 1645 2217 1705 an¬

1216 1697 1386 1757 gehende,
1410 1694 1558 1754 während
1587 1692 1637 1752 des
1661 1694 1797 1754 Krieges
1826 1691 1980 1751 erfolgten
2009 1694 2219 1754 Todesfälle.

1225 1745 1298 1805 Bey
1341 1745 1440 1805 diesen
1477 1745 1600 1805 letztern
1644 1745 1755 1805 bringt
1786 1745 1834 1805 der
1872 1745 2007 1805 Dichter
2045 1748 2211 1808 folgendes

1320 1882 1618 1942 Gedankenschwer
1646 1885 1803 1945 schwankt
1831 1885 1945 1945 Niobe

1272 1918 1316 1978 Im
1371 1928 1593 1988 Mittelpunkt
1619 1930 1767 1990 geliebter
1797 1933 1939 1993 Leichen,

1273 1973 1341 2033 Ihr
1374 1972 1463 2032 Auge
1496 1972 1618 2032 wittert
1645 1972 1671 2032 in
1709 1974 1756 2034 die
1783 1975 1878 2035 Höh,

1273 2020 1361 2080 Tråg
1391 2018 1485 2078 klirrt
1515 2020 1573 2080 kein
1610 2018 1721 2078 Blitz,
1745 2020 1792 2080 ihr
1822 2022 1892 2082 Leid
1922 2025 1951 2085 zu
1987 2030 2175 2090 scheuchen;

1271 2064 1578 2124 Krystallenähnlich
1616 2064 1710 2124 starrt
1732 2063 1785 2123 ihr
1817 2065 1922 2125 Blick,

1271 2115 1340 2175 Die
1368 2112 1452 2172 laute
1480 2112 1586 2172 Zähre
1614 2112 1725 2172 staunt
1747 2112 1886 2172 zurück;

1268 2162 1490 2222 Verstummte
1518 2163 1658 2223 glitschen
1697 2162 1750 2222 auf
1778 2163 1832 2223 den
1870 2166 2000 2226 Busen.

1269 2212 1351 2272 Zevs
1385 2211 1541 2271 schnarcht
1569 2211 1607 2271 sie
1635 2214 1797 2274 donnrend
1831 2217 1902 2277 an:
1936 2218 2008 2278 Sey
2047 2221 2169 2281 Stein,

1267 2254 1370 2314 Stein
1409 2258 1485 2318 wird
1519 2261 1556 2321 sie
1584 2261 1600 2321 —
1655 2264 1901 2324 Friederich
1940 2270 2032 2330 allein

1223 2309 1342 2369 Bleibt
1362 2310 1582 2370 Friedrich
1614 2318 1682 2378 auch
1715 2318 1745 2378 im
1790 2317 1903 2377 Sturm

2086 2320 2109 2380 pr
2144 2322 2208 2382 seyd

1740 2369 1798 2429 sein
1828 2369 1939 2429 Anker

2037 2369 2188 2429 Musen!

1269 2464 1366 2524 Nach
1395 2470 1520 2530 einigen
1549 2476 1724 2536 Strophen
1760 2479 1836 2539 steht
1865 2476 1942 2536 diese
1971 2479 2202 2539 Vergleichung

1219 2515 1271 2575 des
1298 2518 1424 2578 Königs
1452 2523 1510 2583 mit
1531 2527 1663 2587 Ludwig
1691 2530 1743 2590 dem
1776 2527 2014 2587 Vierzehnten.

1313 2599 1383 2659 Der
1414 2608 1560 2668 Franzen
1597 2611 1726 2671 größten
1769 2608 1915 2668 Ludewig

1272 2652 1493 2712 Schachmatt
1521 2658 1576 2718 vom
1627 2655 1853 2715 Sklavenwitz
1881 2658 2069 2718 vergöttert,

1272 2704 1512 2764 Verbollwerkt
1540 2705 1846 2765 krummgebähnter
1881 2705 1963 2765 Sieg

1275 2749 1337 2809 Zum
1389 2756 1622 2816 Ehrentempel
1651 2751 1896 2811 hingeklettert;

1275 2798 1362 2858 Sein
1392 2808 1656 2868 Donnerträger
1686 2799 1838 2859 Mazarin

1268 2852 1345 2912 Hob
1379 2855 1475 2915 seines
1509 2855 1748 2915 Reichsthrons
1782 2850 1995 2910 Baldachin;

2134 2900 2219 2960 Fein
