2479 3508
404 401 593 461 Berlin,
618 394 666 454 den
704 389 764 449 28.
795 389 905 449 April.

209 456 285 516 Sr.
312 455 452 515 Königl.
485 443 644 503 Majestät
670 437 772 497 haben
805 439 894 499 durch
926 439 1015 499 Dero
1054 435 1150 495 Lega¬

156 504 318 564 tionsrath
349 501 408 561 und
433 488 620 548 Residenten
651 485 674 545 zu
699 487 891 547 Warschau,
910 489 994 549 Hrn.
1007 487 1145 547 Benoit,

936 536 1001 596 5ten
1040 534 1138 594 dieses

162 555 207 615 ein
242 548 496 608 höchstgnädiges
531 536 786 596 Sendschreiben
832 538 888 598 vom

165 600 249 660 nebst
274 598 315 658 dem
359 590 467 650 großen
498 584 661 644 schwarzen
692 583 915 643 Adserorden,
952 583 1000 643 dem
1043 581 1152 641 Tafel¬

156 649 253 709 decker
276 640 330 700 von
363 636 548 696 Litthauen,
565 634 668 694 Herrn
696 631 821 691 Grafen
854 634 908 694 von
936 632 1148 692 Poniatows¬

159 694 212 754 ky,
228 688 425 748 überreichen
453 682 558 742 laßen.
613 679 687 739 Den
724 682 820 742 21ten
858 682 953 742 dieses
986 681 1039 741 des
1066 678 1156 738 Vor¬

160 740 294 800 mittags
328 731 490 791 ertheilten
539 727 592 787 des
631 729 771 789 Königl.
804 730 939 790 wirklich
978 732 1140 792 geheimen

163 781 463 841 Kriegs=Staats=
484 779 541 839 und
568 778 655 838 ersten
687 779 1034 839 Cabinetsministers,
1045 779 1143 839 Herrn

159 831 392 891 Reichsgrafen
419 825 477 885 von
504 826 700 886 Finkenstein
727 829 843 889 Excell.
870 828 917 888 dem
961 826 1146 886 Türkischen

159 879 344 939 Gesandten
371 876 503 936 Achmet
525 876 657 936 Effendi
674 876 721 936 die
743 876 1071 936 Abschiedsaudienz,
1088 876 1145 936 und

162 927 362 987 bewirtheten
398 927 448 987 ihn
484 927 544 987 mit
569 927 654 987 einer
686 927 851 987 herrlichen
882 927 1068 987 Collation;
1098 923 1153 983 zu¬

156 976 246 1036 gleich
277 975 403 1035 wurden
439 975 489 1035 dem
530 975 636 1035 Herrn
668 975 915 1035 Abgesandten,
946 975 1047 1035 seinen
1083 971 1158 1031 vor¬

159 1022 317 1082 nehmsten
350 1025 498 1085 Officiers
520 1025 577 1085 und
605 1025 811 1085 sämmtlichem
849 1023 992 1083 Gefolge
1013 1024 1060 1084 die
1082 1021 1156 1081 kost¬

159 1073 277 1133 barsten
310 1072 483 1132 Geschenke
506 1073 722 1133 ausgetheilt.
755 1073 798 1133 Am
842 1070 928 1130 ersten
956 1071 1155 1131 Osterfeyer¬

161 1121 232 1181 tage
254 1124 486 1184 Nachmittags
517 1124 708 1184 empfiengen
740 1121 786 1181 die
807 1121 956 1181 Gemalin
988 1121 1034 1181 des
1055 1118 1158 1178 Prin¬

157 1174 204 1234 zen
247 1172 432 1232 Ferdinand
469 1172 516 1232 K.
543 1172 596 1232 H.
633 1171 680 1231 die
713 1171 1051 1231 Glückwünschungen
1094 1169 1141 1229 des

163 1219 275 1279 ganzes
303 1219 405 1279 Hofes
432 1219 459 1279 zu
492 1213 578 1273 Dero
606 1219 745 1279 Eintritt
773 1218 799 1278 in
833 1219 886 1279 das
919 1219 1005 1279 26ste
1032 1216 1150 1276 Jahr;

149 1264 199 1324 des
236 1264 364 1324 Abends
400 1264 467 1324 war
503 1263 554 1323 bey
591 1264 642 1324 der
678 1264 822 1324 Königin
858 1265 1023 1325 Majestät
1059 1264 1156 1324 große

163 1310 248 1370 Cour
278 1312 338 1372 und
364 1308 529 1368 Souper,
555 1309 686 1369 worauf
707 1309 751 1369 sich
782 1311 827 1371 die
853 1311 928 1371 hohe
948 1310 1149 1370 Gesellschaft

160 1356 219 1416 auf
239 1356 292 1416 das
317 1352 439 1412 Schloß
469 1352 543 1412 Sr.
563 1356 607 1416 K.
627 1354 670 1414 H.
695 1351 744 1411 des
769 1353 906 1413 Prinzen
931 1354 1073 1414 Heinrich
1103 1351 1152 1411 be¬

160 1402 244 1462 gab,
272 1399 305 1459 um
356 1399 440 1459 einem
492 1396 566 1456 Bal
599 1396 865 1456 beyzuwohnen,
893 1396 944 1456 der
977 1396 1023 1456 die
1052 1396 1149 1456 ganze

162 1446 270 1506 Nacht
292 1443 379 1503 durch
405 1443 544 1503 währte.
571 1442 643 1502 Den
669 1443 757 1503 24ten
788 1441 917 1501 feyerten
944 1440 1031 1500 Jhro
1053 1440 1093 1500 K.
1104 1440 1150 1500 H.

159 1494 208 1554 der
229 1492 330 1552 Prinz
350 1491 527 1551 Ferdinand
547 1490 597 1550 das
618 1488 785 1548 Andenken
816 1488 906 1548 dieses
937 1489 987 1549 dem
1028 1488 1138 1548 ganzen

160 1543 306 1603 Königl.
323 1542 431 1602 Hause
453 1539 480 1599 so
502 1539 702 1599 erfreulichen
735 1539 838 1599 Tages
866 1539 952 1599 durch
985 1537 1023 1597 ein
1061 1536 1153 1596 über¬

159 1594 222 1654 aus
244 1593 422 1653 prächtiges
449 1590 507 1650 und
534 1590 718 1650 sinnreiches
745 1590 871 1650 Festin,
898 1590 955 1650 das
982 1590 1040 1650 mit
1061 1590 1145 1650 einer

163 1643 317 1703 Comödie
339 1643 494 1703 anfieng,
520 1640 567 1700 die
594 1637 650 1697 von
687 1640 738 1700 den
765 1640 945 1700 Hofdamen
988 1640 1044 1700 und
1071 1639 1158 1699 Hof=

161 1697 319 1757 cavaliers
336 1694 527 1754 aufgefuhrt
549 1691 674 1751 wurde,
702 1693 811 1753 welche
833 1694 964 1754 hierauf
987 1694 1052 1754 eine
1074 1691 1161 1751 Alle¬

166 1746 250 1806 gorie
272 1745 451 1805 absungen,
467 1744 498 1804 an
531 1745 578 1805 der
599 1745 668 1805 man
700 1744 742 1804 die
759 1745 948 1805 Schönheit
965 1744 1017 1804 der
1039 1742 1154 1802 Stim¬

165 1792 228 1852 men
263 1793 386 1853 sowohl
411 1793 455 1853 als
480 1793 529 1853 die
554 1793 677 1853 Musick
707 1790 765 1850 und
790 1793 903 1853 Poesie
933 1793 1158 1853 bewunderte.

165 1840 303 1900 Hierauf
323 1840 432 1900 wurde
452 1840 495 1900 ein
524 1836 711 1896 Feuerwerk
735 1837 788 1897 von
817 1835 989 1895 Tunquets
1008 1837 1070 1897 Art
1090 1840 1147 1900 auf

167 1886 216 1946 dem
261 1888 462 1948 Schauplatz
483 1881 704 1941 abgebrannt,
735 1881 793 1941 und
823 1879 892 1939 nach
918 1879 966 1939 dem
1011 1882 1153 1942 Souper

168 1936 300 1996 erfolgte
321 1935 364 1995 ein
396 1930 464 1990 Bal
486 1929 512 1989 in
544 1924 713 1984 Domino.
761 1924 856 1984 Ihro
894 1924 989 1984 Maj.
1021 1928 1068 1988 die
1095 1929 1158 1989 Kö¬

165 1984 242 2044 nigin
287 1983 345 2043 und
371 1976 460 2036 Ihro
487 1973 537 2033 K.
557 1974 608 2034 H.
635 1969 685 2029 die
712 1969 955 2029 Prinzeßinnen
988 1972 1052 2032 mit
1078 1974 1129 2034 dem

168 2030 275 2090 ganzen
306 2023 378 2083 Hof
397 2018 541 2078 wohnten
572 2017 669 2077 diesem
700 2017 783 2077 Feste
808 2020 880 2080 bey,
899 2019 959 2079 und
984 2018 1031 2078 des
1050 2019 1152 2079 Prin¬

167 2075 211 2135 zen
239 2070 382 2130 Heinrich
405 2065 449 2125 K.
460 2064 505 2124 H.
516 2064 648 2124 nahmen
677 2065 798 2125 deshalb
821 2067 942 2127 Anlaß,
960 2066 1014 2126 von
1037 2067 1153 2127 Span=

163 2119 210 2179 dau
243 2115 504 2175 herzukommen,
521 2115 622 2175 wohin
655 2115 766 2175 selbige
793 2118 841 2178 den
868 2117 1006 2177 Morgen
1034 2115 1156 2175 darauf

166 2165 280 2225 wieder
302 2162 563 2222 zurückkehrten.

394 2214 632 2274 Dresden,
656 2217 709 2277 den
738 2217 796 2277 21.
820 2217 930 2277 April.

212 2264 289 2324 Der
320 2262 434 2322 Baron
465 2264 525 2324 von
556 2264 778 2324 Zuckmantel,
803 2264 1019 2324 französischer
1038 2258 1158 2318 Pleni¬

169 2316 484 2376 potentiairminister
507 2315 539 2375 an
573 2315 683 2375 unsern
712 2315 822 2375 Hofe,
844 2314 938 2374 begab
972 2307 1021 2367 sich
1055 2306 1148 2366 dieser

170 2366 277 2426 Tagen
306 2366 362 2426 mit
391 2366 475 2426 Jhro
504 2366 549 2426 K.
567 2365 618 2425 H.
641 2363 691 2423 dem
732 2365 873 2425 Prinzen
902 2357 1049 2417 Albrecht
1078 2357 1145 2417 nach

167 2414 354 2474 Königstein
383 2414 427 2474 die
450 2414 547 2474 dasige
570 2411 705 2471 Festung
728 2414 756 2474 zu
785 2414 932 2474 besehen.
978 2408 1068 2468 Man
1097 2402 1153 2462 hat

167 2459 228 2519 mit
256 2461 495 2521 Ausbesserung
540 2461 601 2521 und
635 2461 857 2521 Meublirung
897 2461 952 2521 des
986 2455 1152 2515 Schlosses

172 2508 326 2568 Pretsch,
349 2509 398 2569 bey
432 2509 564 2569 Torgau
598 2509 747 2569 gelegen,
780 2512 896 2572 bereits
930 2509 984 2569 den
1018 2503 1139 2563 Anfang

162 2558 327 2618 gemacht,
356 2557 416 2617 und
444 2557 488 2617 die
511 2557 716 2617 verwittwete
733 2560 938 2620 Churfürstin
961 2557 972 2617 K
1011 2553 1060 2613 H.
1072 2551 1143 2611 wird

172 2608 301 2668 daselbst
323 2605 485 2665 residiren.
534 2608 603 2668 Die
626 2608 830 2668 Commißion
858 2611 890 2671 zu
912 2607 1068 2667 Meißen,
1080 2601 1155 2661 wel¬

167 2658 216 2718 che
234 2655 410 2715 ausgesetzt
433 2652 554 2712 worden
583 2653 627 2713 die
661 2655 688 2715 in
721 2655 798 2715 ganz
821 2658 954 2718 Europa
982 2652 1148 2712 berühmte

174 2707 318 2767 Porcella
343 2701 481 2761 nfabrick
500 2703 614 2763 wieder
639 2705 862 2765 herzustellen,
874 2709 929 2769 hat
941 2706 1007 2766 ihre
1026 2701 1158 2761 Sitzun¬

166 2766 220 2826 gen
249 2756 363 2816 bereits
387 2751 551 2811 geendigt.

356 2802 681 2862 Regensburg,
712 2802 765 2862 den
796 2805 838 2865 8.
863 2806 977 2866 April.

227 2858 312 2918 Ihro
343 2852 491 2912 Kayserl.
510 2852 607 2912 Maj.
627 2852 866 2912 Zufriedenheit
891 2855 941 2915 bey
966 2852 1045 2912 Dero
1070 2849 1156 2909 Reise

164 2914 258 2974 durch
283 2909 412 2969 Bayern
436 2903 489 2963 mit
507 2903 554 2963 der
572 2906 697 2966 daselbst
715 2906 910 2966 geschehenen
934 2903 1152 2963 Bewirthung

1189 386 1319 446 erhellet
1341 386 1395 446 aus
1417 383 1509 443 denen
1537 383 1558 443 zu
1586 386 1710 446 Aichach
1732 389 2009 449 zurückgelaßenen
2031 389 2182 449 Kayserl.

1196 434 1407 494 Geschenken.
1455 434 1532 494 Des
1563 434 1687 494 Grafen
1729 435 1785 495 von
1822 437 2013 497 Seinsheim
2060 437 2179 497 Excell.

1189 485 1333 545 erhielten
1375 482 1426 542 das
1463 482 1535 542 reich
1572 481 1628 541 mit
1660 485 1845 545 Brillanten
1882 485 2001 545 besetzte
2022 485 2177 545 Portrait

1196 531 1264 591 Sr.
1286 533 1434 593 Kayserl.
1457 530 1557 590 Maj.
1573 530 1700 590 worauf
1722 533 1769 593 sich
1797 533 1865 593 eine
1887 536 1945 596 mit
1962 536 2109 596 Juwelen
2137 534 2184 594 be¬

1191 581 1270 641 setzte
1302 580 1408 640 Crone
1435 580 1578 640 befand;
1616 579 1668 639 der
1701 580 1785 640 Herr
1812 581 1907 641 Graf
1934 582 1987 642 von
2025 583 2184 643 Minuzzi

1187 628 1274 688 einen
1311 628 1394 688 Ring
1431 628 1487 688 von
1529 625 1643 685 großen
1680 626 1835 686 Werth;
1877 630 1929 690 die
1955 631 2084 691 Grafen
2116 631 2172 691 von

1186 676 1291 736 Wahl
1317 679 1378 739 und
1414 676 1565 736 Lamperg
1601 676 1661 736 und
1698 675 1748 735 der
1773 676 1885 736 Baron
1926 676 1980 736 von
2022 680 2188 740 Waldkir¬

1187 726 1286 786 chen,
1307 727 1392 787 jeder
1418 727 1483 787 eine
1504 727 1634 787 goldene
1660 724 1720 784 mit
1741 724 1921 784 Brillanten
1953 724 2073 784 besetzte
2098 730 2183 790 Uhr.

1190 775 1264 835 Der
1280 775 1369 835 Graf
1391 775 1443 835 von
1465 775 1575 835 Leoni,
1592 775 2041 835 Obrist=Silber=Cämmerer
2062 775 2178 835 erhielt

1192 825 1234 885 ein
1261 822 1371 882 großes
1399 825 1546 885 silbernes
1578 822 1869 882 Tafel=Sürtout,
1891 822 1901 882 2
1928 822 2092 882 Oelnäpfe
2119 824 2176 884 und

1190 873 1205 933 4
1231 873 1324 933 große
1345 870 1490 930 Leuchter
1511 873 1567 933 von
1599 873 1728 933 gleichem
1765 870 1889 930 Metall
1910 870 1971 930 und
1999 873 2179 933 künstlicher

1193 921 1327 981 Arbeit,
1355 921 1403 981 zum
1447 921 1630 981 Geschenk;
1664 921 1712 981 die
1745 921 1761 981 4
1799 918 2005 978 Churfürstl.
2027 919 2188 979 Edelkna¬

1192 971 1272 1031 ben,
1298 971 1383 1031 jeder
1408 969 1473 1029 eine
1499 969 1630 1029 goldene
1656 969 1847 1029 Tabatiere.
1883 969 1958 1029 Der
1979 969 2064 1029 Herr
2080 969 2190 1029 Bern¬

1192 1018 1287 1078 hard,
1307 1019 1625 1079 Mundcontroleur,
1641 1019 1731 1079 bekam
1772 1017 1837 1077 eine
1863 1017 1989 1077 goldene
2010 1019 2180 1079 Tobatiere

1194 1067 1256 1127 mit
1280 1064 1343 1124 100
1382 1070 1574 1130 Cremnitzer
1603 1067 1757 1127 Ducaten
1801 1068 1887 1128 nebst
1922 1067 2003 1127 einer
2032 1070 2181 1130 goldenen

1192 1117 1285 1177 Kette
1306 1115 1362 1175 und
1394 1120 1554 1180 Medaille
1575 1118 1631 1178 von
1658 1118 1787 1178 gleichen
1813 1116 1958 1176 Werth;
1984 1118 2072 1178 Herr
2088 1118 2185 1178 Care,

1195 1167 1428 1227 Hoftapezier,
1460 1169 1539 1229 einen
1576 1168 1697 1228 schönen
1725 1167 1872 1227 silbernen
1904 1166 2184 1226 Tafel=Sürtout.

1192 1216 1236 1276 An
1272 1213 1317 1273 die
1348 1216 1545 1276 subalternen
1576 1216 1722 1276 Küchen=
1748 1214 1874 1274 Keller=
1889 1212 1950 1272 und
1976 1213 2187 1273 Conditorey¬

1190 1264 1330 1324 bediente
1355 1261 1476 1321 wurden
1509 1261 1594 1321 mehr
1618 1261 1664 1321 als
1688 1258 1768 1318 1000
1792 1260 1937 1320 Ducaten
1970 1258 2181 1318 ausgetheilt.

1193 1304 1259 1364 Die
1279 1306 1460 1366 Officieres,
1485 1304 1590 1364 welche
1614 1303 1661 1363 bey
1686 1306 1728 1366 dem
1767 1306 1915 1366 Kayserl.
1925 1303 2178 1363 Nachtquartier

1191 1349 1235 1409 die
1260 1350 1372 1410 Wache
1402 1351 1539 1411 hatten,
1564 1351 1627 1411 sind
1662 1351 1720 1411 mit
1750 1349 1852 1409 Uhren
1892 1348 1946 1408 und
1981 1350 2093 1410 Degen
2133 1352 2181 1412 be¬

1187 1393 1327 1453 schenkt,
1351 1395 1420 1455 auch
1458 1393 1524 1453 eine
1552 1393 1651 1453 starke
1675 1396 1824 1456 Summe
1857 1396 1889 1456 an
1928 1396 2044 1456 baaren
2073 1400 2176 1460 Gelde

1187 1437 1273 1497 unter
1297 1439 1341 1499 die
1365 1439 1504 1499 gemeine
1534 1440 1697 1500 Soldaten
1727 1443 1923 1503 ausgetheilt
1943 1446 2092 1506 worden.

1436 1486 1590 1546 Wien,
1624 1490 1677 1550 den
1715 1490 1779 1550 14.
1812 1491 1923 1551 April.

1234 1535 1310 1595 Den
1342 1536 1414 1596 7ten
1446 1536 1481 1596 d.
1503 1538 1611 1598 langte
1643 1539 1771 1599 Abends
1803 1539 1854 1599 der
1880 1539 1963 1599 Herr
1984 1544 2175 1604 Gundacker

1190 1585 1241 1645 von
1272 1587 1438 1647 Colloredo
1459 1587 1499 1647 rc.
1526 1589 1577 1649 des
1609 1588 1712 1648 Herrn
1748 1590 2084 1650 Reichsvicecanzlers
2111 1593 2172 1653 und

1187 1637 1365 1697 nunmehro
1393 1637 1440 1697 des
1468 1637 1516 1697 H.
1533 1637 1586 1697 R.
1603 1638 1651 1698 R.
1668 1637 1797 1697 Fürsten
1825 1639 1878 1699 von
1911 1640 2078 1700 Colloredo
2100 1643 2175 1703 álte¬

1189 1685 1241 1745 ster
1268 1688 1390 1748 Sohn,
1417 1688 1475 1748 mit
1502 1690 1549 1750 der
1571 1688 1751 1748 Nachricht
1779 1688 1831 1748 von
1869 1688 1917 1748 der
1944 1694 2097 1754 Crönung
2124 1694 2177 1754 des

1192 1739 1296 1799 Röm.
1313 1739 1434 1799 Königs
1462 1742 1556 1802 Maj.
1578 1741 1633 1801 vor
1656 1741 1705 1801 der
1733 1742 1859 1802 hiesigen
1893 1744 2003 1804 Stadt
2025 1745 2080 1805 an,
2114 1745 2174 1805 und

1187 1787 1245 1847 ließ
1272 1787 1350 1847 seine
1372 1790 1520 1850 Ankunft
1542 1790 1594 1850 bey
1616 1790 1705 1850 Hofe
1722 1793 1864 1853 melden.
1913 1790 2007 1850 Weil
2029 1794 2097 1854 aber
2124 1794 2187 1854 des¬

1189 1834 1284 1894 selben
1314 1834 1450 1894 Eintritt
1471 1834 1496 1894 in
1532 1836 1576 1896 die
1602 1837 1713 1897 Stadt
1734 1840 1789 1900 erst
1809 1839 1859 1899 bey
1880 1839 1930 1899 der
1946 1840 2172 1900 Dämmerung

1191 1882 1275 1942 hätte
1297 1879 1454 1939 geschehen
1487 1882 1623 1942 können,
1650 1885 1676 1945 so
1703 1885 1834 1945 erfolgte
1851 1888 1977 1948 selbiger
1993 1891 2172 1951 Sonntags

1181 1924 1231 1984 den
1256 1926 1325 1986 8ten
1355 1924 1449 1984 gegen
1484 1926 1504 1986 1
1534 1927 1603 1987 Uhr
1633 1933 1812 1993 Mittags,
1847 1933 1941 1993 unter
1971 1936 2174 1996 Vorreitung

1188 1974 1222 2034 20
1253 1969 1409 2029 blasender
1440 1972 1658 2032 Postillionen
1689 1978 1744 2038 und
1775 1978 1800 2038 in
1831 1981 2027 2041 Begleitung
2059 1984 2068 2044 2
2089 1984 2184 2044 Post=

1187 2017 1342 2077 officiers,
1368 2017 1378 2077 2
1404 2017 1615 2077 Postmeister
1641 2021 1696 2081 und
1727 2023 1812 2083 eines
1837 2025 2090 2085 Postschreibers
2110 2031 2160 2091 zum

1188 2064 1400 2124 Stubenthor
1421 2062 1545 2122 herein,
1572 2064 1659 2124 durch
1692 2064 1738 2124 die
1759 2067 1899 2127 Wolzeil
1920 2069 1992 2129 über
2018 2072 2065 2132 den
2091 2076 2184 2136 Platz

1194 2112 1259 2172 beym
1303 2112 1405 2172 Stock
1428 2109 1459 2169 am
1499 2108 1612 2168 Eisen,
1635 2112 1710 2172 über
1732 2112 1786 2172 den
1819 2115 1954 2175 Graben
1993 2118 2052 2178 und
2086 2123 2188 2183 Kohl¬

1188 2162 1292 2222 markt
1316 2158 1385 2218 nach
1421 2156 1472 2216 der
1502 2160 1647 2220 Kaiserl.
1676 2163 1816 2223 Königl.
1834 2167 2014 2227 Hofburg,
2038 2169 2182 2229 woselbst

1191 2211 1241 2271 der
1264 2208 1349 2268 Herr
1372 2205 1463 2265 Graf
1486 2208 1542 2268 auf
1560 2210 1611 2270 der
1634 2214 1895 2274 Spanierbastey
1924 2220 2099 2280 abstiegen,
2123 2223 2173 2283 sich

1191 2260 1219 2320 zu
1253 2255 1343 2315 Ihro
1373 2254 1474 2314 Maj.
1497 2257 1526 2317 in
1555 2261 1599 2321 die
1628 2264 1815 2324 Retirade,
1844 2266 1991 2326 woselbst
2020 2270 2088 2330 auch
2123 2273 2179 2333 alle

1192 2303 1331 2363 Königl.
1352 2303 1506 2363 Hoheiten
1548 2315 1754 2375 versammlet
1781 2316 1910 2376 waren,
1931 2321 2090 2381 begaben,
2116 2324 2178 2384 und

1188 2353 1234 2413 die
1255 2353 1481 2413 umständliche
1503 2360 1678 2420 Nachricht
1700 2366 1751 2426 von
1782 2367 1833 2427 der
1860 2369 1906 2429 den
1938 2372 2004 2432 3ten
2031 2372 2061 2432 d.
2077 2372 2185 2432 vorge=

1194 2400 1331 2460 gangnen
1364 2406 1523 2466 Krönung
1545 2414 1772 2474 überbrachte.
1826 2420 1916 2480 Nach
1948 2420 2027 2480 einem
2071 2420 2176 2480 kurzen

1193 2449 1402 2509 Aufenthalte
1436 2457 1585 2517 verfugte
1619 2464 1668 2524 sich
1718 2467 1850 2527 derselbe
1879 2466 1939 2526 mit
1973 2467 2066 2527 seinem
2116 2467 2182 2527 Ge¬

1193 2500 1273 2560 folge
1303 2500 1389 2560 durch
1418 2504 1464 2564 die
1488 2513 1765 2573 Schlauflergasse
1795 2518 1823 2578 zu
1858 2518 1910 2578 dem
1957 2518 2008 2578 K.
2026 2515 2078 2575 K.
2102 2515 2188 2575 Hof¬

1195 2548 1247 2608 und
1285 2553 1539 2613 Staatscanzler
1571 2562 1629 2622 und
1667 2565 1719 2625 des
1746 2564 1793 2624 H.
1815 2565 1862 2625 R.
1878 2563 1931 2623 R.
1953 2563 2079 2623 Fürsten
2117 2563 2169 2623 von

1194 2599 1349 2659 Kaunitz,
1367 2603 1424 2663 und
1448 2606 1529 2666 nahm
1570 2612 1667 2672 seinen
1697 2614 1840 2674 Rückzug
1870 2611 1956 2671 durch
1980 2611 2020 2671 die
2044 2614 2181 2674 Herren¬

1193 2646 1273 2706 gasse
1295 2648 1354 2708 und
1381 2652 1456 2712 über
1478 2658 1537 2718 alle
1554 2661 1763 2721 Hauptplätze
1791 2661 1844 2721 und
1872 2659 1984 2719 Gassen
2012 2661 2054 2721 der
2077 2661 2178 2721 Stadt

1190 2697 1275 2757 unter
1302 2701 1499 2761 beständigen
1537 2708 1659 2768 Blasen
1692 2707 1744 2767 der
1766 2709 1995 2769 Postillonen.
2033 2709 2187 2769 —Jeder¬

1193 2748 1285 2808 mann
1313 2751 1459 2811 empfand
1492 2757 1541 2817 bey
1568 2757 1666 2817 dieser
1683 2757 1894 2817 Gelegenheit
1917 2758 1960 2818 die
1982 2757 2177 2817 lebhaftesten

1188 2796 1361 2856 Regungen
1401 2799 1451 2859 des
1480 2808 1704 2868 Vergnügens
1727 2805 1789 2865 und
1818 2806 1867 2866 der
1890 2805 2030 2865 Freude.
2077 2805 2188 2865 Mon¬

1191 2847 1261 2907 tags
1294 2848 1349 2908 den
1382 2851 1452 2911 9ten
1486 2854 1524 2914 d.
1546 2854 1672 2914 erschien
1716 2852 1764 2912 der
1793 2852 1863 2912 hier
1896 2852 2082 2912 anwesende
2105 2852 2186 2912 hohe

1201 2900 1284 2960 Adel
1310 2901 1335 2961 in
1361 2906 1540 2966 prächtiger
1566 2903 1649 2963 Gala
1675 2906 1725 2966 bey
1752 2903 1853 2963 Hofe.
1899 2904 1994 2964 Ihro
2021 2903 2116 2963 Maj.
2142 2903 2186 2963 er¬

2076 2956 2179 3016 hoben
