2479 3508
313 366 387 426 Des
417 366 603 426 berühmten
633 363 801 423 Feldherrn
831 363 976 423 Herzogs
999 363 1179 423 Johann

605 407 676 467 von
720 411 907 471 Argyle.

306 459 483 519 Betrachte
511 457 743 517 Britannien,
765 461 851 521 wenn
895 458 943 518 dir
976 458 1024 518 die
1063 458 1251 518 Verdienste

254 509 336 569 eines
363 509 533 569 Patrioten
565 506 715 566 schätzbar
742 509 829 569 sind,
861 509 1016 569 betrachte
1048 509 1115 569 eine
1136 509 1260 569 Gruft,

249 557 298 617 der
326 557 358 617 du
391 559 456 619 eine
478 557 582 617 Zähre
604 557 631 617 zu
659 557 751 617 zollen
785 557 915 617 schuldig
943 557 1002 617 bist
1036 555 1052 615 -
1113 556 1161 616 die
1189 557 1259 617 still¬

259 604 471 664 schweigende
502 607 644 667 Zunge,
675 604 788 664 welche
818 604 966 664 ehemals
996 604 1045 664 der
1085 604 1257 664 staunende

261 654 380 714 Senat
396 650 486 710 hörte
512 652 526 712 -
582 652 637 712 den
672 652 832 712 kraftlosen
863 652 968 712 Arm,
994 652 1048 712 vor
1069 652 1119 712 dem
1159 652 1259 712 feind¬

263 705 331 765 liche
363 701 516 761 Legionen
548 700 600 760 sich
633 700 822 760 furchteten.
855 700 865 760 —
944 700 1039 760 Doch
1071 700 1087 760 o
1114 700 1266 760 Camp¬

258 752 355 812 bell,
381 751 412 811 du
443 751 577 811 besaßest
598 751 680 811 nicht
707 751 845 811 weniger
871 748 912 808 die
934 750 1036 810 Kunst
1058 749 1083 809 zu
1109 748 1263 808 gefallen,

260 800 316 860 und
348 801 487 861 Anmuth
519 798 575 858 und
602 798 860 858 Freundlichkeit
877 798 938 858 mit
959 798 1068 858 deiner
1089 795 1202 855 Größe
1224 795 1254 855 zu

260 849 451 909 verbinden.
502 846 593 906 Dein
629 849 719 909 Leben
760 849 856 909 müsse
887 848 1008 908 spätern
1049 846 1256 906 verwandten

263 897 381 957 Helden
413 894 453 954 ein
485 893 618 953 Muster
639 894 690 954 der
712 897 835 957 Künste
856 896 953 956 seyn,
985 896 1098 956 welche
1124 894 1175 954 den
1217 892 1263 952 er¬

271 945 406 1005 habenen
440 943 559 1003 Stand
576 945 643 1005 noch
667 945 751 1005 mehr
769 945 921 1005 erheben.
955 944 1067 1004 Andre
1086 942 1192 1002 mögen
1221 941 1265 1001 ih¬

265 992 313 1052 ren
346 992 547 1052 zukünftigen
580 992 677 1052 Ruhm
715 992 775 1052 mir
792 992 823 1052 zu
857 992 1030 1052 verdanken
1063 992 1192 1052 haben,
1215 991 1257 1051 ich

267 1040 361 1100 borge
384 1040 433 1100 die
457 1040 719 1100 Unsterblichkeit
736 1040 791 1100 von
820 1039 886 1099 dir.

372 1113 442 1173 Des
475 1115 632 1175 Dichters
665 1115 855 1175 Wilhelm
899 1115 1153 1175 Congreve.

316 1166 362 1226 An
388 1165 486 1225 dieser
512 1163 620 1223 Stelle
647 1162 739 1222 ruhet
766 1162 812 1222 der
828 1160 972 1220 Leichnam
1014 1160 1065 1220 des
1087 1160 1174 1220 Hrn.
1185 1160 1272 1220 Wil¬

265 1213 333 1273 helm
381 1213 576 1273 Congreve,
603 1211 730 1271 welcher
762 1210 814 1270 den
852 1210 909 1270 19.
936 1210 1073 1270 Jänner
1100 1209 1184 1269 1728
1222 1207 1247 1267 im

268 1263 371 1323 56sten
401 1264 488 1324 Jahr
511 1263 615 1323 seines
633 1261 737 1321 Alters
760 1261 818 1321 das
841 1261 986 1321 Zeitliche
1010 1258 1148 1318 segnete.
1178 1258 1264 1318 Sein

268 1312 335 1372 sehr
358 1313 544 1373 schatzbares
573 1312 743 1372 Andenken
772 1309 805 1369 ist
823 1312 879 1372 es,
902 1309 1032 1369 welchem
1084 1311 1129 1371 die
1146 1309 1275 1369 Herzo¬

265 1363 308 1423 gin
341 1360 510 1420 Henriette
532 1360 586 1420 von
615 1363 854 1423 Marlborough
882 1363 1143 1423 gegenwärtiges
1166 1360 1274 1420 Grab¬

263 1412 330 1472 mal
346 1410 532 1470 aufrichtet,
548 1412 594 1472 als
621 1410 667 1470 ein
694 1410 880 1470 Merkmal,
896 1410 953 1470 mit
974 1410 1030 1470 wie
1057 1410 1155 1470 vielem
1192 1412 1269 1472 Ver¬

265 1461 385 1521 gnügen
412 1460 450 1520 sie
472 1458 521 1518 sich
543 1461 575 1521 an
609 1458 658 1518 die
680 1458 930 1518 Glückseligkeit
953 1458 1121 1518 erinnert,
1155 1460 1203 1520 die
1225 1458 1263 1518 sie

267 1509 408 1569 ehemals
442 1508 468 1568 in
501 1506 550 1566 der
584 1506 818 1566 aufrichtigsten
851 1506 1085 1566 Freundschaft
1119 1506 1205 1566 eines
1238 1508 1265 1568 so

266 1557 430 1617 würdigen
468 1557 526 1617 und
558 1557 706 1617 redlichen
749 1551 935 1611 Mannes,
978 1554 1072 1614 dessen
1116 1557 1269 1617 Tugend,

266 1605 573 1665 Rechtschaffenheit
602 1605 664 1665 und
688 1605 772 1665 Witz
801 1601 852 1661 ihm
904 1599 949 1659 die
978 1599 1063 1659 Liebe
1098 1601 1154 1661 und
1189 1602 1268 1662 Ach¬

260 1655 338 1715 tung
373 1653 428 1713 des
463 1649 724 1709 gegenwärtigen
759 1649 931 1709 Zeitalters
966 1646 1158 1706 erwarben,
1203 1646 1262 1706 und

269 1700 360 1760 dessen
392 1697 557 1757 Schriften
588 1697 631 1757 die
650 1697 907 1757 Bewunderung
933 1694 981 1754 des
1006 1691 1165 1751 künftigen
1191 1694 1258 1754 seyn

275 1748 417 1808 werden,
432 1745 575 1805 genossen
603 1742 677 1802 hat.

364 1817 442 1877 Des
471 1819 767 1879 Staatssecretarii
790 1821 943 1881 James
978 1822 1170 1882 Craggs.

317 1870 397 1930 Hier
436 1870 533 1930 ruhet
566 1870 609 1930 ein
647 1873 913 1933 Staatsmann,
935 1873 1070 1933 zugleich
1108 1873 1184 1933 aber
1211 1870 1254 1930 ein

268 1921 392 1981 Freund
421 1921 471 1981 der
494 1924 692 1984 Wahrheit;
721 1924 743 1984 im
784 1924 902 1984 Herzen
931 1921 1066 1981 redlich;
1095 1921 1117 1981 im
1163 1922 1253 1982 Thun

274 1972 402 2032 getreu;
429 1972 465 2032 an
491 1972 542 2032 der
564 1972 651 2032 Ehre
683 1972 853 2032 unbefleckt
885 1971 895 2031 —
958 1972 1009 2032 In
1051 1972 1144 2032 seinem
1186 1972 1273 2032 Ver¬

267 2025 405 2085 sprechen
437 2023 720 2083 unverbrüchlich.
783 2020 859 2080 Der
891 2018 988 2078 seinem
1035 2020 1143 2080 eignen
1180 2020 1267 2080 Vor¬

267 2073 344 2133 theil
360 2070 412 2130 nie
434 2070 537 2130 diente
570 2070 579 2130 —
637 2073 725 2133 keine
747 2072 840 2132 Titel
862 2069 908 2129 sich
934 2067 1059 2127 erwarb
1086 2066 1096 2126 —
1159 2067 1257 2127 keinen

267 2120 391 2180 Freund
417 2121 521 2181 verlor
547 2118 557 2178 —
615 2121 671 2181 der
693 2121 780 2181 durch
807 2118 853 2178 sich
880 2118 967 2178 selbst
989 2117 1113 2177 geadelt
1144 2115 1159 2175 —
1196 2117 1258 2177 und

266 2167 324 2227 von
351 2169 530 2229 jedermann
563 2169 700 2229 geachtet
721 2166 785 2226 war
817 2164 832 2224 —
891 2166 944 2226 den
971 2166 1018 2226 die
1039 2166 1187 2226 Musen,
1214 2167 1261 2227 die

267 2215 299 2275 er
321 2217 441 2277 liebte,
463 2217 610 2277 preisen,
638 2214 828 2274 beweinen,
850 2214 1024 2274 verehren.

372 2288 449 2348 Des
483 2290 643 2350 Mahlers
677 2291 903 2351 Gottfried
931 2297 1158 2357 Knellers.

317 2340 475 2400 Kneller,
502 2339 550 2399 den
582 2336 634 2396 der
656 2339 820 2399 Himmel,
842 2342 921 2402 nicht
943 2345 1006 2405 eine
1033 2342 1255 2402 Meisterhand

267 2391 429 2451 gelehret.
527 2383 646 2443 Dessen
673 2384 781 2444 Kunst
798 2390 905 2450 Natur
939 2392 1035 2452 war,
1069 2391 1128 2451 und
1161 2390 1252 2450 dessen

266 2442 454 2502 Gemahlde
477 2435 654 2495 Gedanken
694 2433 704 2493 —
761 2435 816 2495 der
839 2437 893 2497 nun
922 2439 949 2499 in
978 2440 1055 2500 zwey
1083 2440 1266 2500 Jahrhun¬

271 2491 405 2551 derten,
433 2486 502 2546 was
535 2485 670 2545 wirklich
703 2482 772 2542 groß
811 2484 869 2544 und
897 2489 1031 2549 wirklich
1065 2488 1145 2548 schön
1183 2488 1264 2548 war,

267 2537 322 2597 dem
361 2539 542 2599 Schicksale
565 2533 703 2593 entrissen
742 2527 752 2587 —
814 2533 946 2593 Kneller
963 2539 1056 2599 ruhet
1079 2539 1139 2599 hier
1162 2539 1266 2599 gekrö¬

267 2587 320 2647 net
337 2587 396 2647 mit
418 2587 472 2647 den
500 2587 553 2647 ihm
603 2584 656 2644 von
684 2579 814 2639 Fürsten
847 2582 1009 2642 ertheilten
1037 2587 1177 2647 Würden
1221 2581 1231 2641 —

266 2634 329 2694 mit
357 2635 409 2695 den
437 2635 607 2695 Gesangen
650 2633 697 2693 der
724 2627 883 2687 Dichter,
910 2630 958 2690 die
985 2634 1022 2694 sie
1054 2635 1155 2695 seinen
1187 2635 1272 2695 Ver¬

267 2684 396 2744 diensten
443 2680 505 2740 und
542 2682 645 2742 seiner
677 2676 947 2736 ruhmwurdigen
990 2681 1150 2741 Begierde
1187 2682 1254 2742 nach

742 2727 814 2787 Bey
840 2724 939 2784 seinem
981 2730 1074 2790 Leben
1111 2733 1261 2793 fürchtete

274 2730 356 2790 Ehre
378 2730 512 2790 schuldig
533 2730 636 2790 waren
673 2727 688 2787 —

266 2781 309 2841 die
332 2783 426 2843 große
449 2780 576 2840 Natur,
600 2778 649 2838 daß
678 2778 711 2838 sie
734 2777 822 2837 selbst
839 2775 894 2835 von
923 2775 973 2835 ihm
1012 2776 1034 2836 in
1062 2781 1145 2841 ihren
1174 2781 1262 2841 Wer¬

263 2829 312 2889 ken
343 2829 530 2889 übertroffen
561 2826 656 2886 werde
692 2823 701 2883 —
763 2828 823 2888 und
854 2826 903 2886 bey
934 2826 1030 2886 seinem
1071 2827 1176 2887 Tode,
1197 2827 1252 2887 daß

271 2882 306 2942 sie
330 2882 419 2942 selbst
437 2880 496 2940 mit
515 2879 561 2939 ihm
604 2876 722 2936 sterben
746 2879 882 2939 möchte.

1109 2878 1255 2938 Poxe.

1476 357 1554 417 Des
1589 357 1741 417 Dichters
1776 360 1957 420 Johann
1997 359 2115 419 Gay.

1342 404 1430 464 Hier
1453 404 1546 464 ruhet
1569 407 1618 467 die
1641 407 1735 467 Asche
1757 407 1806 467 des
1835 407 1934 467 Herrn
1967 408 2106 468 Johann
2139 412 2233 472 Gay,
2250 413 2299 473 des

1294 455 1473 515 redlichsten
1515 455 1685 515 Freundes
1721 455 1783 515 und
1819 455 2081 515 wohlthatigsten
2123 460 2272 520 Mannes

1299 504 1351 564 der
1379 503 1404 563 in
1442 503 1569 563 niedern
1607 506 1921 566 Glücksumständen
1964 506 2032 566 eine
2059 506 2176 566 gleiche
2203 509 2314 569 Unab¬

1298 552 1535 612 hänglichkeit;
1562 553 1667 613 mitten
1700 554 1789 614 unter
1822 557 1906 617 einem
1959 557 2159 617 verdorbnen
2187 560 2308 620 Zeital¬

1295 598 1342 658 ter
1364 601 1475 661 gleiche
1497 600 1825 660 Rechtschaffenheit;
1857 604 1915 664 und
1942 604 2027 664 durch
2059 604 2154 664 seinen
2181 604 2297 664 ganzen

1297 649 1497 709 Lebenslauf
1529 649 1571 709 ein
1609 649 1682 709 stets
1714 652 1804 712 gleich
1842 652 2094 712 aufgeheitertes
2121 655 2306 715 Gemuthe,

1298 697 1430 757 welches
1456 697 1515 757 nur
1540 697 1628 757 allein
1663 699 1717 759 von
1752 700 1830 760 einem
1870 700 1958 760 guten
1984 700 2146 760 Gewissen
2166 703 2308 763 herkom=

1299 745 1363 805 men
1394 745 1499 805 kann,
1520 748 1656 808 behielt.
1722 746 1797 806 Die
1818 751 1968 811 Musen,
1994 751 2085 811 deren
2110 752 2246 812 Liebling
2272 754 2301 814 er

1299 794 1391 854 war,
1417 795 1535 855 leiteten
1577 795 1627 855 ihn
1664 795 1694 855 zu
1731 796 1802 856 allen
1839 798 1962 858 schönen
1998 798 2167 858 Künsten,
2194 801 2291 861 gaben

1303 841 1350 901 ihm
1398 840 1482 900 einen
1514 842 1619 902 reinen
1657 845 1867 905 Geschmack,
1894 845 1957 905 und
1989 846 2094 906 füllten
2131 848 2189 908 alle
2216 849 2300 909 seine

1300 885 1416 945 Werke
1443 890 1506 950 mit
1533 891 1703 951 Anmuth.
1772 894 1825 954 In
1863 894 2075 954 verschiednen
2112 897 2207 957 Arten
2250 895 2302 955 der

1303 936 1499 996 Dichtkunst
1521 939 1664 999 übertraf
1686 940 1712 1000 er
1734 939 1839 999 viele,
1877 941 1935 1001 und
1973 942 2058 1002 ward
2090 945 2148 1005 von
2186 945 2286 1005 keinem

1304 984 1514 1044 übertroffen.
1582 985 1694 1045 Seine
1720 984 1890 1044 Schriften
1916 990 2054 1050 bewegen
2091 992 2157 1052 noch
2183 995 2296 1055 immer

1298 1034 1329 1094 zu
1362 1033 1446 1093 dem,
1473 1031 1541 1091 was
1563 1031 1594 1091 er
1615 1031 1678 1091 uns
1705 1031 1789 1091 durch
1817 1033 1874 1093 sein
1907 1034 2065 1094 Beyspiel
2081 1040 2207 1100 gelehrt
2224 1043 2302 1103 hat:

1305 1076 1354 1136 die
1380 1076 1545 1136 Thorheit
1566 1079 1590 1139 zu
1621 1079 1811 1139 verachten,
1847 1079 1932 1139 wenn
1962 1082 1997 1142 sie
2018 1084 2107 1144 gleich
2133 1085 2298 1145 angebetet

1298 1124 1406 1184 wird;
1431 1124 1485 1184 das
1515 1126 1613 1186 Laster
1638 1127 1662 1187 zu
1697 1127 1949 1187 verabscheuen,
1974 1127 2062 1187 wenn
2092 1130 2121 1190 es
2146 1132 2239 1192 gleich
2265 1136 2294 1196 zu

1306 1169 1446 1229 Würden
1484 1172 1613 1232 erhoben
1646 1174 1705 1234 ist;
1733 1174 1781 1234 die
1814 1176 1948 1236 Tugend
1981 1178 2234 1238 hochzuachten,
2256 1182 2294 1242 ob

1307 1219 1343 1279 sie
1370 1219 1465 1279 gleich
1492 1221 1693 1281 verunehret
1720 1222 1778 1282 und
1821 1224 1883 1284 mit
1911 1225 2085 1285 Schanden
2128 1225 2302 1285 überhäuft

1305 1273 1362 1333 ist.

1449 1274 1502 1334 Im
1550 1270 1698 1330 Umgang
1730 1273 1947 1333 angenehm;
1985 1275 2016 1335 in
2054 1276 2154 1336 seinen
2187 1276 2302 1336 Gesin¬

1295 1323 1420 1383 nungen
1448 1323 1695 1383 sanftmuthig;
1728 1324 1761 1384 am
1806 1324 1986 1384 Verstande
2020 1327 2057 1387 ein
2091 1327 2233 1387 Mann;
2261 1325 2293 1385 an

1301 1374 1503 1434 Redlichkeit
1532 1373 1571 1433 ein
1611 1375 1719 1435 Kind.
1770 1372 1837 1432 Ein
1866 1375 2098 1435 tugendhafter
2121 1378 2211 1438 Eiser
2240 1378 2301 1438 mit

1303 1421 1389 1481 einer
1417 1422 1643 1482 angebohrnen
1676 1423 1886 1483 Munterkeit
1913 1428 2102 1488 gemaßigt;
2124 1430 2291 1490 geschaffen

1304 1472 1356 1532 zum
1394 1470 1589 1530 Vergnugen
1616 1473 1674 1533 und
1701 1473 1833 1533 zugleich
1855 1473 1902 1533 zur
1924 1476 2045 1536 Geissel
2062 1476 2157 1536 seiner
2179 1476 2247 1536 Zeit
2263 1475 2273 1535 —

1306 1518 1385 1578 Auch
1406 1518 1427 1578 in
1459 1519 1580 1579 niedern
1607 1521 1913 1581 Glücksumstanden
1940 1524 2013 1584 über
2029 1524 2076 1584 die
2093 1525 2293 1585 Versuchung

1300 1566 1468 1626 erhoben,
1490 1566 1553 1626 und
1580 1569 1669 1629 selbst
1701 1571 1790 1631 unter
1818 1571 1870 1631 den
1902 1571 2033 1631 Großen
2071 1575 2303 1635 unverfalscht.

1303 1607 1362 1667 Ein
1388 1613 1514 1673 sicherer
1539 1613 1725 1673 Gefährte,
1751 1616 1791 1676 ein
1827 1616 2124 1676 liebenswürdiger
2150 1619 2275 1679 Freund

1305 1658 1511 1718 untadelhaft
1531 1658 1556 1718 in
1587 1658 1682 1718 seinem
1723 1660 1849 1720 Leben,
1875 1662 2026 1722 bedauret
2047 1664 2071 1724 in
2102 1664 2198 1724 seinem
2238 1662 2303 1722 To¬

1464 1700 1579 1760 Dieses
1612 1703 1675 1763 sind
1707 1706 1796 1766 deine
1829 1706 1972 1766 Würden
2004 1705 2019 1765 —
2083 1710 2215 1770 Nicht,
2237 1712 2294 1772 daß

1301 1703 1358 1763 de.

1303 1749 1363 1809 dein
1399 1748 1571 1808 Brustbild
1607 1751 1703 1811 unter
1734 1754 1789 1814 den
1831 1754 1988 1814 Helden,
2019 1757 2095 1817 oder
2131 1759 2186 1819 daß
2222 1760 2293 1820 dein

1304 1799 1414 1859 Staub
1444 1801 1537 1861 unter
1561 1802 1612 1862 der
1631 1802 1759 1862 Könige
1783 1805 1870 1865 ihrem
1911 1808 2028 1868 ruhet;
2052 1808 2144 1868 nein,
2169 1812 2296 1872 sondern

1300 1849 1354 1909 daß
1382 1852 1430 1912 der
1458 1854 1669 1914 tugenohafte
1691 1854 1750 1914 und
1773 1858 2006 1918 rechtschaffene
2034 1858 2229 1918 tiefdenkend
2257 1862 2289 1922 an

1308 1903 1385 1963 seine
1404 1903 1512 1963 Brust
1531 1904 1669 1964 schlagen
1694 1906 1796 1966 wird:
1821 1904 1838 1964 —
1894 1906 1977 1966 Hier
2002 1909 2080 1969 liegt
2099 1907 2171 1967 Gay
2196 1906 2213 1966 -

1432 1974 1509 2034 Des
1540 1977 1695 2037 Dichters
1737 1978 1933 2038 Samuel
1954 1981 2170 2041 Butlers.

1401 2023 1519 2083 Steh,
1541 2025 1729 2085 Wandrer,
1757 2028 1896 2088 Butlers
1930 2028 2010 2088 Bild
2043 2031 2075 2091 zu
2108 2030 2199 2090 sehn,

1354 2071 1409 2131 So
1440 2073 1516 2133 lang
1547 2073 1577 2133 er
1613 2073 1679 2133 noch
1715 2073 1750 2133 am
1797 2076 1918 2136 Leben,

1349 2121 1438 2181 Fand
1471 2121 1523 2181 sich
1556 2121 1618 2181 kein
1657 2121 1778 2181 gütiger
1811 2124 1931 2184 Mäcen

1370 2169 1422 2229 Ihm
1475 2169 1533 2229 nur
1565 2167 1606 2227 ein
1644 2169 1891 2229 Mittagsmahl
1918 2172 1949 2232 zu
1982 2175 2097 2235 geben.

1356 2217 1433 2277 Nun
1470 2217 1567 2277 hauet
1594 2217 1666 2277 man
1703 2217 1749 2277 ihn
1791 2218 1858 2278 nach
1895 2221 1946 2281 dem
1993 2223 2060 2283 Tod

1361 2264 1396 2324 In
1433 2264 1599 2324 prachtgen
1636 2264 1801 2324 Marmor
1833 2270 1905 2330 ein;

1351 2318 1420 2378 Ihr
1454 2312 1599 2372 künstgen
1638 2315 1794 2375 Dichter!
1827 2318 1967 2378 Butlers
2000 2315 2092 2375 Noth

1351 2362 1444 2422 Kann
1481 2360 1543 2420 euch
1580 2360 1626 2420 ein
1658 2363 1798 2423 Vorbild
1835 2363 1897 2423 seyn

1351 2409 1424 2469 Der
1452 2408 1541 2468 arme
1568 2408 1705 2468 Dichter
1738 2414 1790 2474 bat
1817 2414 1853 2474 um
1902 2411 2028 2471 Brodt,

1352 2460 1436 2520 Man
1472 2458 1561 2518 giebt
1592 2458 1639 2518 ihm
1688 2461 1771 2521 einen
1814 2461 1939 2521 Stein.

2039 2461 2074 2521 v.
2086 2462 2294 2522 Cronegk.

1434 2527 1507 2587 Des
1538 2530 1691 2590 Dichters
1723 2534 1919 2594 Michael
1945 2533 2165 2593 Drayton.

1352 2581 1504 2641 Michael
1521 2581 1668 2641 Drayton
1697 2582 1775 2642 Esq.
1804 2584 1844 2644 ein
1884 2582 2133 2642 merkwurdiger
2156 2584 2291 2644 Dichter

1300 2632 1400 2692 seiner
1427 2630 1511 2690 Zeit,
1538 2629 1749 2689 verwechselte
1771 2632 1849 2692 seine
1871 2632 2040 2692 Lorrbeern
2067 2629 2130 2689 mit
2146 2632 2193 2692 der
2215 2632 2293 2692 Kro¬

1298 2676 1338 2736 ne
1362 2679 1407 2739 der
1431 2674 1656 2734 Herrlichkeit,
1674 2677 1697 2737 im
1732 2680 1818 2740 Jahr
1837 2679 1946 2739 1631.
1992 2680 2091 2740 Laße,
2109 2679 2287 2739 geweyhter

1304 2727 1485 2787 Marmor,
1508 2724 1596 2784 deine
1618 2726 1701 2786 Leser
1724 2728 1851 2788 wissen,
1884 2728 1950 2788 was
1979 2727 2011 2787 sie
2034 2729 2094 2789 und
2122 2727 2188 2787 ihre
2211 2727 2293 2787 Kin¬

1305 2777 1352 2837 der
1374 2772 1553 2832 Draytons
1575 2776 1727 2836 Namen,
1749 2775 1844 2835 dessen
1876 2778 2060 2838 geheiligten
2093 2775 2208 2835 Staub
2230 2775 2287 2835 wir

1294 2826 1402 2886 deiner
1435 2820 1668 2880 Verwahrung
1712 2826 1934 2886 empfehlen,
1973 2826 2108 2886 schuldig
2146 2820 2205 2880 sind

1298 2873 1468 2933 Beschütze
1491 2871 1542 2931 sein
1576 2876 1768 2936 Andenken,
1798 2877 1854 2937 und
1883 2876 2002 2936 erhalte
2031 2875 2109 2935 seine
2133 2873 2296 2933 Geschich¬
