2479 3508
326 369 406 429 viele
427 369 535 429 Jahre
557 366 637 426 keine
665 366 793 426 Pension
822 366 875 426 von
910 365 1004 425 dieser
1025 363 1127 423 Krone
1148 363 1303 423 genossen,

321 416 448 476 sondern
486 413 580 473 solche
602 410 654 470 von
682 412 734 472 den
761 413 893 473 Großen
925 410 1068 470 besagter
1095 412 1226 472 Stände
1259 412 1285 472 in

320 464 406 524 ihren
439 461 543 521 eignen
576 458 695 518 Beutel
712 461 837 521 gesteckt
859 458 979 518 worden
1001 461 1065 521 seyn
1088 458 1158 518 soll.
1181 458 1300 518 Ueber¬

327 511 424 571 dieses
446 509 544 569 haben
577 506 615 566 sie
642 506 707 566 eine
735 509 810 569 neue
844 509 1060 569 Capitulation
1099 509 1159 569 mit
1181 509 1300 569 Frank¬

326 559 403 619 reich
429 557 573 617 errichten
599 557 728 617 wollen,
754 557 852 617 Kraft
873 557 955 617 deren
987 557 1115 617 allemal
1136 554 1182 614 der
1203 554 1296 614 dritte

332 607 439 667 Mann
477 604 531 664 zum
569 604 687 664 Dienst
710 604 855 664 desselben
888 604 1027 664 gehalten
1066 601 1179 661 werden
1212 601 1303 661 solte,

326 653 465 713 dawider
487 652 533 712 sich
560 652 632 712 aber
654 649 700 709 die
726 651 892 711 Gemeine
919 649 981 709 mit
1007 651 1079 711 aller
1111 649 1230 709 Macht
1257 649 1303 709 ge¬

331 703 438 763 setzet,
471 703 530 763 und
563 699 622 759 gar
655 698 741 758 keine
763 699 979 759 Mannschaft
1006 697 1093 757 mehr
1120 694 1292 754 abzugeben

331 751 501 811 beschlossen
527 748 651 808 haben.
698 747 838 807 Daraus
864 745 936 805 denn
962 745 1029 805 nach
1055 745 1112 805 und
1138 745 1210 805 nach
1237 742 1298 802 eine

326 798 496 858 Gährung
522 795 723 855 entstanden,
755 792 801 852 die
833 793 936 853 zuletzt
962 792 1215 852 ausgebrochen,
1236 789 1298 849 und

329 846 449 906 werden
479 846 534 906 nun
561 843 650 903 Zürch
676 840 736 900 und
762 839 852 899 Bern
878 837 943 897 ihre
958 840 1154 900 Bemühung
1175 837 1305 897 anwen¬

319 894 392 954 den,
419 893 470 953 das
497 891 597 951 Feuer
629 887 654 947 in
692 887 743 947 der
775 885 911 945 Geburt
938 887 969 947 zu
1006 888 1169 948 ersticken.
1216 885 1310 945 Sol¬

324 942 391 1002 chen
423 939 588 999 Endzweck
610 937 640 997 zu
677 933 848 993 erreichen,
869 936 926 996 hat
952 935 1019 995 man
1056 933 1149 993 unter
1181 932 1294 992 andern

330 987 384 1047 von
419 985 531 1045 Seiten
561 981 655 1041 Zürch
685 981 743 1041 und
769 978 857 1038 Bern
882 978 1034 1038 diejenige
1064 978 1305 1038 Capikulation,

337 1078 410 1138 reich
439 1074 632 1134 geschlossen,
655 1070 858 1130 abschriftlich
882 1067 1142 1127 communiciret,
1171 1068 1228 1128 und
1257 1067 1312 1127 auf

338 1125 467 1185 gleichen
504 1121 592 1181 Fuß,
622 1120 687 1180 auch
723 1115 769 1175 die
794 1115 900 1175 ihrige
930 1115 1155 1175 einzurichten,
1185 1115 1308 1175 zufolge

334 1174 423 1234 deren
450 1171 598 1231 niemand
625 1166 652 1226 im
689 1163 858 1223 geringsten
880 1163 1064 1223 gezwungen
1091 1163 1207 1223 werden
1234 1160 1313 1220 darf,

331 1222 469 1282 Dienste
496 1219 528 1279 zu
560 1216 719 1276 nehmen,
746 1212 809 1272 und
848 1212 916 1272 man
954 1210 1081 1270 glaubt,
1119 1209 1172 1269 daß
1210 1207 1304 1267 dieser

335 1270 448 1330 Punkt
471 1267 524 1327 auf
547 1267 639 1327 solche
656 1261 764 1321 Weise
781 1261 883 1321 werde
906 1261 997 1321 unter
1020 1258 1112 1318 ihnen
1139 1255 1232 1315 selber
1259 1255 1313 1315 ge¬

718 1310 793 1370 Der
826 1309 908 1369 Land
930 1311 1092 1371 Ammann
1126 1306 1185 1366 von
1218 1308 1310 1368 Zug,

334 1320 487 1380 schlichtet
515 1312 657 1372 werden.

327 1367 370 1427 als
409 1366 458 1426 die
486 1364 557 1424 erste
590 1360 820 1420 obrigkeitliche
854 1360 1002 1420 Person,
1030 1359 1084 1419 das
1118 1356 1233 1416 Haupt
1255 1356 1304 1416 des

333 1414 468 1474 Landes,
497 1412 548 1472 hat
565 1410 610 1470 sich
634 1409 684 1469 auf
702 1407 746 1467 die
764 1407 871 1467 Flucht
889 1404 1036 1464 begeben,
1048 1405 1104 1465 und
1128 1403 1155 1463 ist
1173 1402 1218 1462 bis
1236 1404 1303 1464 jetzo

330 1464 401 1524 noch
441 1460 523 1520 nicht
545 1458 600 1518 zum
645 1452 810 1512 Vorschein
844 1453 1042 1513 gekommen,
1070 1452 1197 1512 welcher
1219 1449 1296 1509 dann
1346 1455 1528 1515 kommenen
1556 1455 1738 1515 Nummern
1766 1458 1892 1518 waren:
1921 1458 1981 1518 24.
1998 1461 2058 1521 20.
2075 1461 2108 1521 7.
2125 1461 2185 1521 46.
2202 1461 2263 1521 57.

331 1509 419 1569 nebst
440 1507 538 1567 vielen
576 1504 689 1564 andern
736 1500 985 1560 obrigkeitlichen
1028 1497 1188 1557 Personen
1230 1500 1318 1560 alda,

333 1558 392 1618 wie
410 1558 475 1618 auch
505 1554 528 1614 in
559 1552 611 1612 der
630 1551 795 1611 Schweitz
814 1549 890 1609 aller
909 1548 1009 1608 Ehren
1027 1548 1145 1608 entsetzt
1164 1548 1311 1608 worden.

589 1599 777 1659 Oxford,
817 1599 866 1659 den
900 1596 939 1656 3.
967 1595 1055 1655 Jun.

386 1646 512 1706 Allhier
541 1643 573 1703 ist
596 1645 662 1705 eine
685 1640 890 1700 Gesellschaft
913 1637 1062 1697 gelehrter
1084 1637 1173 1697 Leute
1201 1637 1322 1697 zusam¬

341 1691 582 1751 mengetreten,
603 1687 628 1747 in
664 1685 714 1745 der
745 1682 890 1742 Absicht,
917 1680 962 1740 die
987 1681 1138 1741 englische
1169 1681 1320 1741 Sprache

340 1737 397 1797 von
426 1736 498 1796 allen
527 1730 772 1790 uneigentlichen
801 1724 997 1784 Ausdrücken
1031 1721 1060 1781 zu
1094 1724 1218 1784 säubern
1257 1721 1314 1781 und

343 1781 585 1841 verständlicher
614 1775 643 1835 zu
678 1772 822 1832 machen.
869 1771 914 1831 Am
961 1769 1012 1829 H.
1036 1766 1238 1826 Pfingsttage
1267 1769 1313 1829 als

343 1834 396 1894 dem
444 1829 555 1889 großen
586 1823 774 1883 Ordensfest
805 1821 858 1881 des
882 1819 1012 1879 Ordens
1042 1819 1094 1879 vom
1142 1817 1195 1877 H.
1213 1818 1319 1878 Geist,

342 1881 449 1941 wurde
478 1879 529 1939 der
558 1878 677 1938 Herzog
706 1874 740 1934 du
769 1873 916 1933 Chatelet
945 1870 1104 1930 Lomont,
1127 1867 1319 1927 vormaligen

342 1930 568 1990 Bothschafter
591 1927 614 1987 zu
644 1921 765 1981 Wien,
789 1921 921 1981 nachdem
957 1918 985 1978 er
1009 1918 1089 1978 schon
1119 1915 1165 1975 die
1177 1917 1321 1977 Ordens=

348 1982 452 2042 zeichen
483 1977 573 2037 lange
604 1969 717 2029 vorher
740 1969 890 2029 erhalten,
906 1966 1041 2026 feyerlich
1065 1966 1320 2026 aufgenommen.

627 2017 758 2077 Rom,
787 2019 843 2079 den
879 2017 918 2077 9.
941 2014 1038 2074 Jun.

346 2124 414 2184 hier
432 2123 461 2183 so
484 2117 571 2177 wohl
589 2115 646 2175 von
676 2112 814 2172 statten,
838 2109 890 2169 daß
925 2109 971 2169 die
1001 2106 1209 2166 Apostolische
1227 2106 1324 2166 Kam=

342 2169 410 2229 mer
433 2167 477 2227 ihm
523 2163 602 2223 einen
631 2160 783 2220 Vorschuß
806 2157 862 2217 von
885 2154 975 2214 5000
998 2155 1094 2215 Rthlr
1117 2154 1246 2214 gethan,
1264 2154 1297 2214 um
1360 2151 1422 2211 mit
1439 2148 1580 2208 Kupfer,
1603 2151 1614 2211 1
1637 2148 1676 2208 fl.
1688 2148 1721 2208 15
1739 2148 1789 2208 gr.

338 2217 433 2277 dieses
458 2211 554 2271 Werk
573 2207 716 2267 vollends
741 2205 771 2265 zu
801 2202 939 2262 Stande
958 2205 987 2265 zu
1011 2204 1161 2264 bringen.

574 2249 825 2309 Warschau,
859 2249 914 2309 den
949 2250 987 2310 2.
1010 2250 1093 2310 Jul.

395 2294 471 2354 Der
504 2297 592 2357 gegen
632 2297 675 2357 den
709 2297 855 2357 Castellan
888 2297 944 2357 von
984 2298 1098 2358 Cracau
1138 2296 1194 2356 und
1221 2294 1323 2354 Kron=
1362 2285 1540 2345 Amsterdam
1573 2282 1617 2342 41
1637 2282 1713 2342 Tage
1739 2285 1796 2345 305
1822 2290 1873 2350 gr.
1931 2284 1976 2344 71
1996 2289 2084 2349 Tage
2098 2292 2161 2352 303
2187 2295 2238 2355 gr.

340 2351 577 2411 großfeldherrn
614 2342 720 2402 bisher
751 2345 893 2405 geführte
923 2345 1018 2405 Krieg
1060 2345 1102 2405 ist
1126 2345 1149 2405 in
1185 2342 1315 2402 Pohlen

348 2404 437 2464 selbst
462 2398 492 2458 zu
523 2394 632 2454 Ende.
681 2390 753 2450 Der
778 2394 923 2454 Castellan
960 2393 1014 2453 hat
1039 2392 1087 2452 sich
1117 2390 1214 2450 völlig
1251 2390 1317 2450 nadh

345 2450 475 2510 Ungern
504 2442 560 2502 und
588 2440 633 2500 die
656 2436 706 2496 bey
730 2435 780 2495 ihm
820 2438 989 2498 gewesenen
1024 2437 1170 2497 Truppen
1199 2437 1249 2497 zur
1267 2436 1322 2496 Ar¬

346 2500 409 2560 mee
439 2497 484 2557 der
514 2490 676 2550 Republik
700 2482 863 2542 begeben,
881 2485 938 2545 so,
962 2488 1013 2548 daß
1043 2486 1113 2546 jetzo
1148 2485 1217 2545 alles
1253 2481 1327 2541 wie¬

344 2548 393 2608 der
425 2544 561 2604 friedlich
593 2539 623 2599 in
654 2534 710 2594 der
730 2530 835 2590 Krone
860 2530 915 2590 ist.
972 2533 1046 2593 Der
1072 2533 1214 2593 General
1233 2530 1326 2590 Bra¬

346 2593 446 2653 nicki,
467 2589 596 2649 welcher
625 2583 712 2643 diesen
746 2575 854 2635 Streit
875 2580 1059 2640 beygelegt,
1080 2581 1119 2641 ist
1141 2581 1208 2641 auch
1229 2578 1316 2638 gleich

346 2690 414 2750 dern
444 2682 547 2742 Wege
577 2682 651 2742 nach
687 2674 865 2734 Lithauen,
901 2672 952 2732 den
987 2676 1120 2736 daselbst
1138 2673 1305 2733 agirenden
1357 2673 1472 2733 geben,
1484 2664 1565 2724 allwo
1583 2666 1651 2726 auch
1669 2668 1732 2728 noch
1756 2670 1802 2730 von
1825 2670 1871 2730 den
1895 2671 2021 2731 hiesigen
2045 2676 2125 2736 resp.
2137 2676 2322 2736 Liebhabern

342 2733 603 2793 Radziwillschen
643 2726 792 2786 Truppen
833 2717 860 2777 zu
900 2719 1077 2779 begegnen.
1133 2721 1222 2781 Man
1261 2718 1316 2778 hat

338 2784 409 2844 hier
429 2781 512 2841 einen
545 2774 680 2834 gewissen
713 2769 822 2829 Spion
849 2765 1087 2825 aufgefangen,
1120 2769 1171 2829 der
1192 2766 1217 2826 zu
1250 2766 1301 2826 dem

349 2834 452 2894 Fürst
472 2826 660 2886 Radziwill
671 2823 812 2883 abgehen
841 2816 954 2876 sollen,
983 2816 1039 2876 und
1078 2817 1124 2877 bey
1154 2817 1209 2877 ihm
1248 2817 1323 2877 ver¬

1338 366 1471 426 schiedne
1501 364 1617 424 Briefe
1646 369 1820 429 gefunden.
1879 369 1954 429 Der
1984 369 2146 429 bisherige
2170 371 2320 431 Resident

1336 411 1384 471 des
1412 412 1552 472 Königl.
1569 415 1715 475 Prinzen
1742 416 1845 476 Carl,
1878 417 1926 477 den
1965 413 1991 473 er
2024 415 2072 475 als
2095 416 2213 476 Herzog
2252 418 2306 478 von

1336 461 1476 521 Curland
1504 461 1568 521 hier
1590 461 1758 521 gehalten,
1775 464 1926 524 Namens
1943 461 1996 521 von
2029 462 2126 522 Aloy,
2149 464 2240 524 siehet
2262 467 2305 527 sich

1335 508 1519 568 genöthigt,
1548 509 1607 569 mit
1624 510 1738 570 sammt
1760 512 1858 572 seiner
1880 512 2016 572 Familie
2044 511 2103 571 aus
2137 509 2234 569 dieser
2256 512 2321 572 Re¬

1337 557 1432 617 sidenz
1448 557 1714 617 wegzubegeben,
1741 560 1772 620 da
1800 560 1863 620 man
1890 560 1937 620 ihm
1975 562 2087 622 solches
2108 559 2140 619 zu
2161 560 2310 620 verstehen

1330 601 1485 661 gegeben.
1532 603 1609 663 Der
1636 601 1692 661 von
1729 607 1911 667 Frankreich
1948 607 2015 667 hier
2046 607 2201 667 gewesene
2233 607 2316 667 Herr

1332 649 1472 709 Monete
1504 649 1560 709 hat
1587 649 1644 709 von
1676 653 1774 713 seinem
1822 653 1905 713 Hofe
1931 655 2040 715 Ordre
2067 658 2233 718 erhalten,
2259 652 2311 712 von

1337 695 1404 755 hier
1425 700 1492 760 auch
1524 700 1591 760 nach
1617 700 1799 760 Frankreich
1825 702 1934 762 zurück
1955 703 1986 763 zu
2013 706 2142 766 kehren,
2164 706 2215 766 der
2237 703 2324 763 fran¬

1336 745 1457 805 zösische
1475 746 1624 806 Resident
1630 745 1713 805 Herr
1731 750 1852 810 Hennin
1875 751 1991 811 bleibet
2003 751 2052 811 zur
2070 754 2141 814 Zeit
2153 754 2219 814 noch
2236 754 2319 814 hier.

1612 794 1784 854 Thorn,
1812 796 1862 856 den
1896 798 1934 858 4.
1963 798 2045 858 Jul.

1384 838 1430 898 Am
1472 840 1668 900 vergangnen
1699 843 1921 903 Donnerstage
1948 845 1994 905 kam
2041 846 2086 906 die
2108 846 2319 906 Kronartille¬

1336 885 1407 945 rie,
1435 888 1545 948 welche
1574 888 1628 948 auf
1657 888 1784 948 Befehl
1806 891 1861 951 des
1884 893 2133 953 Kronfeldherrn
2167 894 2321 954 Branicki

1340 933 1396 993 vor
1423 935 1541 995 einigen
1567 936 1701 996 Wochen
1728 936 1753 996 zu
1784 938 1902 998 Wasser
1929 941 1995 1001 nach
2022 942 2238 1002 Marienburg
2270 941 2326 1001 ab¬

1341 978 1488 1038 geführet
1509 981 1631 1041 worden
1656 980 1744 1040 war,
1769 980 1827 1040 auf
1848 981 1951 1041 Ordre
1981 985 2030 1045 des
2055 987 2310 1047 gegenwärtigen

335 1033 448 1093 welche
465 1028 502 1088 sie
524 1025 615 1085 selber
638 1025 724 1085 ihres
747 1024 827 1084 Orts
860 1022 914 1082 vor
947 1022 1065 1082 Kurzen
1104 1024 1169 1084 mit
1191 1021 1310 1081 Frank=
1348 1025 1727 1085 Generalregimentarii
1749 1025 1878 1085 Fürsten
1917 1031 2133 1091 Chartoryski
2161 1034 2225 1094 mit
2248 1034 2317 1094 eben

1342 1070 1492 1130 derselben
1523 1070 1704 1130 Bedeckung
1740 1073 1795 1133 von
1826 1073 1870 1133 dem
1911 1079 2319 1139 Kronartillerieregiment

1344 1118 1471 1178 zurück,
1485 1118 1544 1178 und
1565 1118 1638 1178 ging
1659 1121 1745 1181 unsre
1766 1121 1872 1181 Stadt
1894 1122 1999 1182 vorbey
2027 1126 2093 1186 nach
2114 1127 2301 1187 Warschau.

1643 1261 2026 1321 AVERTISSEMENT.

1395 1307 1468 1367 Den
1497 1312 1587 1372 12ten
1610 1310 1701 1370 dieses
1724 1312 1882 1372 Monats,
1899 1312 2063 1372 Morgens
2087 1315 2114 1375 um
2149 1312 2159 1372 9
2183 1315 2261 1375 Uhr,
2279 1314 2323 1374 ge=

1348 1357 1452 1417 schahe
1475 1360 1585 1420 allhier
1603 1360 1657 1420 auf
1686 1360 1735 1420 dem
1775 1360 2035 1420 Schloß=Balcon
2069 1363 2113 1423 die
2141 1364 2241 1424 vierte
2263 1363 2313 1423 Zie

1346 1406 1429 1466 hung
1462 1407 1512 1467 der
1535 1407 1673 1467 Königl.
1696 1407 1829 1467 Preuß.
1852 1410 2001 1470 Lotterie.
2057 1411 2128 1471 Die
2152 1413 2329 1473 herausge¬

1398 1539 1473 1599 Bey
1501 1542 1554 1602 dem
1598 1542 1755 1602 Verleger
1783 1542 1880 1602 dieser
1908 1545 2042 1605 Zeitung
2070 1546 2108 1606 ist
2135 1548 2162 1608 zu
2200 1548 2324 1608 haben;

1352 1590 1532 1650 Ortmanns
1558 1590 1815 1650 Betrachtungen
1846 1590 1921 1650 über
1947 1591 2087 1651 wichtige
2103 1593 2329 1653 Begebenhei¬

1350 1634 1394 1694 ten
1425 1634 1475 1694 der
1490 1631 1761 1691 Naturgeschichte
1787 1633 1836 1693 des
1858 1631 2003 1691 1763sten
2033 1635 2178 1695 Jahres,
2194 1639 2229 1699 8,
2249 1637 2264 1697 1
2290 1640 2324 1700 fl.

1354 1675 1554 1735 Schmitzers
1574 1672 1688 1732 Pflicht
1703 1673 1770 1733 kurz
1785 1674 1808 1734 zu
1833 1673 1990 1733 predigen,
2010 1678 2043 1738 8,
2067 1679 2081 1739 1
2101 1679 2138 1739 fl.
2163 1682 2315 1742 Rousseau

1349 1718 1549 1778 auserlesene
1574 1717 1741 1777 Gedanken
1780 1718 1856 1778 über
1885 1721 2095 1781 verschiedene
2124 1725 2325 1785 Gegenstän¬

1353 1763 1392 1823 de
1416 1765 1471 1825 aus
1500 1763 1545 1823 der
1574 1766 1709 1826 Moral,
1726 1766 1856 1826 Politik
1874 1769 1935 1829 und
1958 1771 2009 1831 den
2043 1770 2161 1830 schönen
2190 1778 2325 1838 Wissen¬

1359 1817 1511 1877 schaften,
1530 1817 1585 1877 aus
1610 1817 1658 1877 dem
1702 1818 1818 1878 Franz.
1849 1819 1885 1879 8,
1917 1819 1934 1879 1
1966 1821 2002 1881 fl.
2021 1822 2057 1882 15
2088 1823 2143 1883 gr.
2186 1825 2327 1885 Cecilia,

1352 1866 1431 1926 oder
1463 1866 1510 1926 die
1542 1867 1674 1927 gottlose
1707 1867 1855 1927 Tochter,
1892 1867 1944 1927 von
1982 1868 2034 1928 dem
2082 1867 2246 1927 Verfasser
2273 1870 2320 1930 der

1356 1915 1523 1975 Charlotte
1546 1913 1599 1973 von
1627 1915 1832 1975 Weissensee,
1855 1915 1870 1975 1
1898 1915 1930 1975 fl.
1952 1918 1989 1978 15
2006 1915 2054 1975 gr.
2115 1918 2326 1978 Auserlesene

1352 1963 1511 2023 Sprüche
1527 1960 1580 2020 der
1602 1962 1729 2022 heiligen
1761 1963 1909 2023 Schrift,
1931 1963 1983 2023 zum
2027 1963 2122 2023 Trost
2138 1963 2217 2023 eines
2239 1964 2318 2024 jeden

1355 2008 1531 2068 unschuldig
1562 2008 1713 2068 leidenden
1739 2009 1845 2069 Christ
1856 2011 1881 2071 en
1907 2011 2235 2071 zusammengetragen
2261 2012 2311 2072 vom

392 2070 461 2130 Die
488 2067 793 2127 Porcellainfabrike
813 2064 864 2124 des
890 2061 979 2121 Hrn.
999 2061 1151 2121 Cucumos
1178 2058 1247 2118 geht
1267 2058 1324 2118 all=
1356 2055 1483 2115 Grafen
1516 2055 1701 2115 Bestuschew
1746 2055 1892 2115 Rumin,
1925 2058 1963 2118 15
1989 2061 2039 2121 gr.
2110 2060 2186 2120 Die
2213 2061 2327 2121 Braut

1359 2101 1408 2161 bis
1430 2102 1480 2162 ins
1508 2100 1613 2160 Alter,
1636 2100 1657 2160 in
1697 2103 1746 2163 der
1775 2103 1951 2163 Geschichte
1980 2112 2128 2172 Jungfer
2152 2112 2334 2172 Julchens,

1378 2231 1702 2291 Wechsel-Courr
1726 2229 1736 2289 &
1795 2237 1951 2297 Species
1975 2239 2007 2299 d.
2020 2240 2085 2300 12.
2098 2243 2187 2303 Jul.
2211 2249 2322 2309 1764.

1361 2335 1528 2395 Hamburg
1561 2330 1567 2390 3
1587 2330 1644 2390 W.
1658 2330 1722 2390 135
1749 2334 1780 2394 gr

1922 2332 1935 2392 6
1963 2331 2018 2391 W.
2033 2335 2087 2395 134
2116 2343 2170 2403 gr.

1814 2378 1970 2438 Dantzig

1355 2383 1466 2443 Berlin

1357 2430 1498 2490 Ducaten
1519 2423 1592 2483 neue
1613 2425 1619 2485 9
1647 2426 1680 2486 fl.
1694 2426 1721 2486 16
1742 2429 1795 2489 gr.

1896 2427 2027 2487 Alberts
2042 2429 2136 2489 Taler
2151 2435 2208 2495 132
2232 2440 2289 2500 gr.

1823 2473 1872 2533 Alt
1885 2476 2023 2536 Polnisch
2049 2478 2118 2538 Geld
2138 2483 2169 2543 16
2195 2487 2245 2547 pr.
2258 2491 2326 2551 Cto.

1354 2478 1470 2538 Rubel
1489 2476 1547 2536 114
1577 2476 1628 2536 gr.

1405 2572 1504 2632 Diese
1526 2573 1689 2633 Zeitungen
1716 2575 1826 2635 werden
1853 2577 2012 2637 Montags
2033 2581 2085 2641 und
2108 2584 2255 2644 Freytags
2277 2586 2308 2646 um

346 2641 458 2701 wieder
476 2635 647 2695 befehliget
671 2626 824 2686 worden,
854 2624 960 2684 gerade
990 2629 1042 2689 von
1084 2629 1161 2689 einem
1209 2624 1320 2684 beson=
1356 2629 1391 2689 10
1415 2626 1479 2686 Uhr
1498 2620 1698 2680 Vormittags
1722 2620 1745 2680 im
1787 2623 1987 2683 Kanterschen
2012 2629 2188 2689 Buchladen
2218 2632 2330 2692 ausge¬

1356 2721 1405 2781 die
1425 2712 1699 2772 Pranumeration
1729 2718 1787 2778 auf
1807 2718 1875 2778 dies
1900 2721 1993 2781 dritte
2013 2724 2160 2784 Quartal
2180 2721 2238 2781 mit
2259 2721 2268 2781 2
2293 2724 2327 2784 fl.

1352 2761 1583 2821 angenommen
1625 2763 1728 2823 wird;
1764 2766 1970 2826 Auswärtige
2002 2769 2073 2829 aber
2100 2766 2233 2826 belieben
2275 2771 2321 2831 sich

1355 2813 1483 2873 deshalb
1509 2808 1558 2868 bey
1583 2810 1656 2870 jedem
1694 2811 1841 2871 Postamt
1861 2814 1947 2874 ihres
1966 2817 2045 2877 Orts
2083 2817 2106 2877 zu
2145 2817 2279 2877 melden.
