2479 3508
304 351 476 411 Akademie
502 348 550 408 zur
575 345 838 405 Aufmunterung
864 345 912 405 der
929 343 1085 403 Künste,
1110 345 1290 405 Manufac=

296 400 386 460 turen
413 397 471 457 und
498 395 546 455 der
573 392 743 452 Handlung
776 392 920 452 ertheilte
948 392 1000 452 dem
1038 389 1145 449 Herrn
1172 392 1289 452 Keyse,

307 448 394 508 einem
436 440 621 500 berühmten
648 440 786 500 Mahler
808 440 854 500 für
880 440 920 500 die
942 440 1122 500 Erfindung
1148 440 1199 500 der
1215 440 1292 500 Me¬

305 494 400 554 thode
422 490 570 550 Crayons
597 488 624 548 zu
656 489 788 549 figiren,
815 488 841 548 so
868 488 920 548 daß
953 488 985 548 sie
1017 485 1075 545 mit
1097 488 1197 548 Seife
1224 488 1282 548 und

312 539 437 599 Wasser
458 536 634 596 gescheuret
649 536 770 596 werden
796 536 941 596 können,
972 536 1052 596 ohne
1083 534 1214 594 dadurch
1245 535 1269 595 im

307 586 482 646 geringsten
519 583 642 643 verletzt
669 583 694 643 zu
731 583 881 643 werden,
907 583 973 643 eine
995 580 1191 640 Belohnung
1223 583 1279 643 von

310 636 345 696 30
377 631 546 691 Guineen.
594 631 696 691 Herrn
728 631 882 691 Ringrose
908 631 1010 691 wurde
1037 628 1206 688 gleichfalls
1233 630 1284 690 für

302 687 387 747 einen
418 681 650 741 neuerfundnen
681 679 833 739 Vortheil
859 679 884 739 im
925 679 1076 739 Ackerbau
1113 676 1178 736 eine
1199 676 1289 736 Prä¬

308 733 370 793 mie
392 728 449 788 von
477 729 513 789 10
540 727 687 787 Guineen
714 727 951 787 zugesprochen.
999 725 1083 785 Auch
1110 724 1220 784 erhielt
1237 724 1278 784 ein

312 780 575 840 Frauenzimmer
597 775 645 835 für
672 773 708 833 ein
746 775 803 835 mit
825 775 1052 835 Stricknadeln
1084 772 1284 832 verfertigtes

311 825 522 885 vortrefliches
548 823 651 883 Stück
677 822 805 882 Spitzen
844 822 908 882 eine
935 822 1127 882 Belohnung
1160 822 1217 882 von
1244 820 1281 880 10

304 876 484 936 Guineen,

519 918 768 978 Warschau,
799 916 852 976 den
890 915 958 975 21.
989 915 1086 975 Jun.

358 964 414 1024 Da
446 967 559 1027 immer
591 965 678 1025 mehr
704 961 854 1021 Projecte
880 961 936 1021 zur
962 963 1175 1023 Constitution
1207 963 1281 1023 aufs

305 1013 415 1073 Tapet
443 1010 584 1070 gebracht
611 1008 764 1068 werden,
792 1007 817 1067 so
844 1007 902 1067 hat
929 1007 981 1067 der
1008 1007 1176 1067 Reichstag
1214 1007 1276 1067 noch

294 1061 378 1121 nicht
399 1058 567 1118 geendiget
587 1052 701 1112 werden
732 1052 880 1112 können,
910 1052 979 1112 doch
1015 1052 1118 1112 dürfte
1149 1052 1178 1112 er
1203 1052 1287 1112 nun¬

302 1108 413 1168 mehro
440 1103 514 1163 diese
536 1098 652 1158 Woche
674 1099 844 1159 geschlossen
871 1097 1014 1157 werden,
1035 1097 1178 1157 weshalb
1211 1100 1279 1160 auch

302 1155 353 1215 die
380 1153 525 1213 künftige
551 1148 722 1208 Relations
759 1145 816 1205 und
848 1142 1284 1202 Ante=Elections=Landtäge

308 1202 363 1262 auf
386 1201 435 1261 den
463 1198 562 1258 23sten
596 1196 701 1256 Julii,
724 1193 784 1253 und
807 1191 856 1251 der
879 1191 1133 1251 Wahlreichstag
1161 1193 1211 1253 auf
1228 1192 1277 1252 den

303 1252 405 1312 27sten
444 1246 585 1306 Augusti
613 1240 792 1300 verschoben
825 1240 971 1300 worden.
1037 1239 1189 1299 Nachdem
1238 1237 1286 1297 die

299 1300 420 1360 Herren
444 1294 757 1354 Großschatzmeister
781 1288 891 1348 beyder
915 1288 1077 1348 Nationen
1101 1288 1170 1348 ihre
1188 1285 1286 1345 Rech¬

299 1348 425 1408 nungen
458 1346 643 1406 abgeleget,
663 1341 694 1401 so
721 1339 777 1399 sind
797 1339 835 1399 sie
855 1339 886 1399 am
925 1339 1014 1399 15ten
1053 1339 1148 1399 dieses
1175 1339 1296 1399 quitti=
1322 1335 1404 1395 wird
1424 1333 1500 1393 über
1520 1333 1654 1393 800000
1687 1333 1795 1393 Rubel
1814 1333 1839 1393 zu
1872 1336 1967 1396 stehen
1994 1339 2153 1399 kommen.
2198 1339 2293 1399 Ihro

292 1398 340 1458 ret
356 1396 505 1456 worden.
532 1393 617 1453 Nach
644 1390 691 1450 dem
724 1388 841 1448 Schluß
863 1387 911 1447 der
927 1387 1150 1447 conföderirten
1178 1388 1284 1448 Stän=

297 1446 330 1506 de
353 1443 404 1503 soll
427 1442 472 1502 der
496 1440 683 1500 Lithauische
707 1437 831 1497 Schatz
843 1437 974 1497 jährlich
1003 1434 1031 1494 an
1060 1434 1133 1494 Sr.
1146 1435 1281 1495 Durchl.

298 1492 351 1552 dem
384 1490 509 1550 Fürsten
537 1485 765 1545 Czartoryski,
787 1482 1015 1542 Großkanzler
1038 1482 1091 1542 von
1113 1485 1287 1545 Lithauen,

293 1541 320 1601 so
343 1539 431 1599 lange
460 1533 526 1593 Sie
549 1534 632 1594 leben
660 1530 776 1590 werden
805 1530 893 1590 8000
922 1530 1049 1590 Gulden
1077 1530 1204 1590 zahlen,
1222 1529 1277 1589 im¬

294 1586 424 1646 gleichen
459 1584 521 1644 eine
544 1584 669 1644 gewisse
692 1580 839 1640 Summe
869 1578 919 1638 dem
960 1578 1170 1638 Lithauischen
1199 1578 1283 1638 Con¬

300 1631 685 1691 föderationsmarschall.
733 1625 859 1685 Vorige
876 1622 991 1682 Woche
1013 1622 1118 1682 wurde
1140 1622 1282 1682 beschlos¬

300 1680 346 1740 sen
372 1676 578 1736 Ausländer,
589 1673 811 1733 Dissidenten,
822 1669 878 1729 und
900 1667 951 1727 alle
973 1664 1132 1724 Personen
1154 1667 1287 1727 bürger¬

294 1721 387 1781 lichen
425 1719 485 1779 und
514 1715 786 1775 Baurenstandes
819 1706 875 1766 von
918 1709 992 1769 allen
1030 1709 1175 1769 Aemtern
1218 1709 1273 1769 und

305 1765 496 1825 Functionen
537 1760 562 1820 in
587 1757 713 1817 Pohlen
754 1755 810 1815 und
835 1754 981 1814 Lithauen
1017 1754 1284 1814 auszuschließen.

303 1813 348 1873 Am
394 1808 484 1868 16ten
541 1805 637 1865 dieses
672 1802 779 1862 wurde
809 1799 990 1859 festgesetzt,
1031 1802 1121 1862 denen
1156 1801 1274 1861 Herren

297 1909 350 1969 lich
381 1906 434 1966 dem
476 1906 607 1966 Fürsten
638 1904 822 1964 Radziwill
841 1903 1043 1963 Woywoden
1074 1900 1127 1960 von
1170 1901 1276 1961 Wilda

304 1959 507 2019 zugehörigen
537 1954 658 2014 Milice
676 1954 909 2014 aufzutragen:
956 1951 1013 2011 und
1043 1951 1095 2011 ihm
1142 1951 1199 2011 alle
1217 1950 1286 2010 Ka=

295 2008 393 2068 nonen
431 2006 488 2066 und
519 2003 749 2063 Ammunition
781 1999 1021 2059 abzunehmen.
1084 1999 1276 2059 Vorgestern

296 2055 371 2115 aber
394 2053 431 2113 ist
454 2052 503 2112 der
525 2049 650 2109 Schluß
672 2049 868 2109 bestanden,
891 2046 945 2106 vor
973 2046 1109 2106 diesmal
1131 2046 1180 2106 die
1202 2045 1289 2105 Krö¬

298 2103 381 2163 nung
409 2100 458 2160 des
486 2100 641 2160 künftigen
675 2096 819 2156 Königes
847 2094 874 2154 in
903 2094 1068 2154 Warschau
1102 2094 1135 2154 zu
1157 2094 1279 2154 halten,

296 2151 357 2211 und
380 2151 424 2211 dem
458 2148 579 2208 Fürsten
602 2145 741 2205 Primas
764 2142 909 2202 Durchl.
926 2142 1103 2202 ausbeyden
1132 2139 1270 2199 Schäzen

301 2197 437 2257 150000
480 2193 527 2253 dem
565 2192 686 2252 Fürsten
719 2189 1136 2249 Reichstagsmarschallen,
1158 2187 1273 2247 60000

302 2243 355 2303 dem
393 2240 493 2300 Herrn
521 2234 776 2294 Kronsecretatio
803 2234 909 2294 10000
941 2237 1026 2297 nebst
1043 2234 1276 2294 Versprechung

303 2286 356 2346 des
390 2285 476 2345 ersten
509 2282 661 2342 vacanten
694 2279 938 2339 Bischofthums
967 2285 1026 2345 und
1059 2283 1107 2343 dem
1157 2282 1287 2342 Reichs¬

308 2333 546 2393 tagssecretario
568 2327 648 2387 Herr
671 2327 833 2387 Ogrodzki
861 2330 964 2390 10000
1013 2332 1137 2392 Gulden
1165 2330 1283 2390 auszu=

301 2385 431 2445 zahlen.
479 2375 555 2435 Der
574 2372 656 2432 Herr
674 2377 1065 2437 Krongroßschatzmeister
1083 2378 1142 2438 hat
1160 2378 1213 2438 sein
1243 2379 1272 2439 zu

298 2432 472 2492 Warschau
508 2420 705 2480 befindliches
736 2422 851 2482 Palais
888 2425 939 2485 vor
975 2426 1085 2486 25000
1126 2426 1272 2486 Ducaten

300 2480 350 2540 dem
389 2477 521 2537 Bischof
553 2472 610 2532 von
636 2464 794 2524 Cujavien
826 2472 1015 2532 überlaßen.
1073 2470 1154 2530 Der
1174 2473 1281 2533 Röm.

297 2530 448 2590 Kayserl.
469 2525 550 2585 Herr
579 2515 744 2575 Gesandte
765 2514 902 2574 befindet
916 2518 970 2578 sich
992 2520 1060 2580 noch
1095 2518 1205 2578 allhier
1233 2519 1287 2579 zu¬

297 2578 421 2638 gegen,
445 2575 501 2635 und
531 2572 598 2632 man
628 2564 718 2624 höret
736 2560 845 2620 weiter
868 2563 959 2623 nichts
988 2568 1039 2628 von
1068 2566 1159 2626 dessen
1182 2569 1267 2629 Rück

297 2623 372 2683 reise
396 2623 465 2683 nach
489 2620 605 2680 Wien.
652 2615 727 2675 Der
751 2608 827 2668 über
851 2608 897 2668 die
915 2614 1037 2674 Fürstl.
1049 2614 1281 2674 Czartoryiski¬

303 2671 359 2731 sche
383 2667 616 2727 Haustruppen
645 2663 695 2723 das
725 2653 924 2713 Commando
947 2661 1101 2721 führende
1124 2661 1186 2721 Hr.
1198 2661 1283 2721 Bra=

293 2721 389 2781 nicki,
408 2715 548 2775 Starost
567 2712 621 2772 von
646 2712 749 2772 Falicz
775 2705 828 2765 hat
854 2703 920 2763 eine
945 2708 1085 2768 Parthey
1116 2709 1170 2769 der
1189 2709 1280 2769 Feld=

299 2766 464 2826 herrlichen
494 2760 606 2820 Armee
631 2760 678 2820 bey
702 2759 808 2819 Niske
838 2751 867 2811 im
909 2752 1057 2812 Gebürge
1081 2757 1275 2817 geschlagen,

302 2820 361 2880 und
389 2817 422 2877 30
450 2814 497 2874 dem
539 2812 639 2872 Herrn
667 2805 999 2865 Krongroßfeldherrn
1034 2808 1182 2868 gehörige
1204 2805 1277 2865 Ba=

1329 342 1513 402 gagewagen
1545 345 1792 405 abgenommen,
1818 345 1898 405 nicht
1917 345 2039 405 minder
2059 345 2102 405 die
2121 351 2299 411 weiblichen

1321 389 1553 449 Domestiquen
1579 392 1630 452 von
1662 395 1750 455 dessen
1781 394 1956 454 Gemahlin
1983 392 2164 452 gefangen,
2190 396 2236 456 die
2268 400 2293 460 er

1319 435 1393 495 aber
1425 437 1493 497 nach
1520 437 1631 497 Tyayn
1668 440 1721 500 hat
1748 442 1901 502 abfuhren
1939 440 2049 500 laßen.
2108 438 2192 498 Man
2230 445 2298 505 will

1320 486 1386 546 hier
1409 482 1525 542 sagen,
1553 483 1602 543 daß
1641 486 1685 546 der
1714 489 1807 549 Furst
1825 488 1979 548 Woywod
2013 487 2068 547 von
2096 485 2201 545 Wilda
2235 493 2290 553 das

1319 533 1372 593 dem
1409 530 1509 590 Herrn
1542 533 1854 593 Großschatzmeister
1881 536 1933 596 von
1966 539 2108 599 Lithauen
2146 539 2293 599 gehörige

1321 580 1444 640 Schloß
1481 579 1645 639 Terespot
1672 583 1950 643 eingenommen,
1987 586 2048 646 und
2080 586 2208 646 daselbst
2240 586 2291 646 alle

1321 628 1400 688 seine
1422 628 1558 688 Schatze
1580 625 1733 685 erbeutet,
1755 631 1822 691 auch
1850 631 1907 691 300
1939 634 2045 694 Mann
2072 634 2219 694 gefangen
2251 634 2298 694 ge=

1319 673 1493 733 nommen,
1520 673 1678 733 hingegen
1711 676 1747 736 ist
1774 677 1822 737 die
1849 679 1954 739 sichere
1970 682 2144 742 Nachricht
2172 682 2224 742 aus
2251 681 2298 741 Li¬

1316 724 1432 784 thauen
1469 723 1711 783 eingegangen,
1744 724 1802 784 daß
1834 726 1870 786 am
1919 730 2287 790 Pfingstheiligenabend

1327 769 1372 829 die
1401 769 1644 829 Conföderirten
1679 772 1729 832 das
1763 771 1887 831 Fürstl.
1910 776 2137 836 Radziwilsche
2165 778 2289 838 Schloß

1315 813 1515 873 attaquiret,
1548 816 1607 876 und
1646 816 1694 876 daß
1733 819 1841 879 solches
1874 819 1955 879 schon
1989 822 2026 882 am
2059 825 2156 885 letzten
2190 825 2297 885 Feyer¬

1315 864 1367 924 tag
1394 864 1494 924 wegen
1526 863 1668 923 Mangel
1690 864 1721 924 an
1748 867 1916 927 Proviant
1938 867 1964 927 zu
1991 873 2170 933 capituliren
2207 873 2296 933 ange¬

1316 912 1468 972 gangen,
1490 911 1521 971 ob
1548 909 1574 969 es
1601 912 1690 972 gleich
1717 912 1775 972 mit
1791 915 2013 975 Ammunition
2040 918 2192 978 genugsam
2235 918 2298 978 ver=

1321 958 1407 1018 sehen
1440 957 1601 1017 gewesen;
1629 957 1752 1017 besagte
1785 960 1931 1020 Truppen
1969 966 2066 1026 haben
2099 966 2222 1026 sowohl
2244 966 2298 1026 da¬

1316 1004 1408 1064 selbst
1427 1001 1469 1061 als
1495 1001 1519 1061 in
1557 1004 1667 1064 andern
1698 1001 1945 1061 Radziwilschen
1970 1010 2093 1070 Gütern
2124 1014 2290 1074 Proviant

1319 1050 1379 1110 und
1410 1049 1631 1109 Contribution
1662 1047 1934 1107 ausgeschrieben.

1456 1094 1530 1154 St.
1554 1094 1865 1154 Petersburg,
1895 1097 1952 1157 vom
1999 1101 2033 1161 1.
2063 1103 2154 1163 Jun.

1372 1139 1454 1199 Man
1482 1140 1581 1200 macht
1604 1142 1757 1202 Anstalten
1791 1143 1840 1203 den
1874 1145 2050 1205 Fontazka,
2078 1148 2160 1208 einem
2210 1151 2270 1211 Arm

1322 1187 1375 1247 von
1398 1187 1446 1247 der
1463 1187 1554 1247 Neva
1571 1187 1630 1247 und
1652 1187 1700 1247 der
1717 1191 2047 1251 Tschorne=Ketschka,
2075 1196 2139 1256 eine
2162 1193 2291 1253 größere

1322 1234 1415 1294 Tiefe
1438 1237 1465 1297 zu
1494 1234 1587 1294 geben
1616 1234 1671 1294 und
1699 1232 1737 1292 sie
1754 1237 1815 1297 mit
1832 1239 1964 1299 Steinen
1988 1240 2192 1300 einzufassen.
2215 1243 2297 1303 Die¬

1312 1285 1345 1345 se
1374 1285 1430 1345 für
1459 1285 1504 1345 die
1539 1285 1715 1345 Handlung
1749 1282 1817 1342 sehr
1852 1288 1999 1348 nützliche
2028 1291 2289 1351 Unternehmung

1317 1382 1460 1442 Majest.
1489 1384 1582 1444 haben
1627 1382 1693 1442 dero
1727 1382 1965 1442 Einwilligung
2005 1389 2059 1449 zur
2093 1387 2286 1447 Errichtung

1314 1431 1398 1491 einer
1420 1431 1515 1491 neuen
1547 1431 1668 1491 Schule
1690 1431 1742 1491 der
1764 1431 1885 1491 Künste
1907 1434 2054 1494 gegeben.
2103 1434 2150 1494 Es
2182 1434 2218 1494 ist
2245 1437 2292 1497 da¬

1316 1481 1341 1541 zu
1373 1479 1413 1539 ein
1440 1479 1532 1539 Haus
1553 1479 1749 1539 bestimmet,
1770 1479 1935 1539 worinnen
1967 1482 2012 1542 bis
2044 1482 2110 1542 jetzo
2142 1482 2177 1542 60
2214 1485 2296 1545 Kin¬

1317 1525 1366 1585 der
1389 1525 1405 1585 5
1433 1526 1477 1586 bis
1499 1527 1515 1587 6
1549 1527 1631 1587 Jahr
1660 1527 1715 1587 alt,
1732 1527 1786 1587 von
1815 1527 1825 1587 3
1859 1527 1891 1587 zu
1920 1528 1930 1588 3
1969 1530 2113 1590 Jahren,
2141 1532 2185 1592 wo
2218 1533 2284 1593 man

1305 1572 1348 1632 60
1377 1572 1474 1632 andre
1503 1573 1710 1633 aufnimmt,
1764 1575 1971 1635 unterrichtet
2001 1577 2145 1637 werden.

2211 1578 2289 1638 Die

1316 1619 1413 1679 ganze
1434 1616 1558 1676 Anzahl
1579 1619 1630 1679 soll
1651 1619 1697 1679 sich
1723 1619 1806 1679 nicht
1827 1619 1899 1679 über
1920 1619 1981 1679 300
2013 1619 2188 1679 erstrecken.
2214 1620 2296 1680 Die¬

1313 1664 1340 1724 se
1359 1661 1485 1721 Kinder
1509 1661 1626 1721 werden
1659 1661 1705 1721 bis
1729 1661 1775 1721 ins
1804 1662 1873 1722 15te
1898 1664 1986 1724 Jahr
2019 1663 2084 1723 nach
2117 1664 2201 1724 ihrer
2234 1666 2299 1726 ver¬

1317 1703 1470 1763 schiednen
1494 1703 1740 1763 Bestimmung,
1764 1703 1820 1763 von
1848 1704 2015 1764 geschickten
2044 1709 2197 1769 Lehrern,
2220 1712 2299 1772 wel¬

1314 1748 1361 1808 che
1394 1747 1442 1807 sich
1479 1747 1510 1807 um
1559 1748 1606 1808 die
1634 1748 1787 1808 Bildung
1814 1748 1899 1808 ihres
1932 1754 2075 1814 Herzens
2107 1756 2229 1816 sowohl
2246 1762 2287 1822 als

1316 1796 1349 1856 um
1389 1796 1434 1856 die
1457 1796 1667 1856 Verbessrung
1696 1796 1780 1856 ihres
1804 1799 2002 1859 Verstandes
2031 1803 2184 1863 bemühen
2219 1810 2297 1870 wer¬

303 1858 489 1918 Feldherren
518 1852 575 1912 von
603 1852 744 1912 Lithauen
773 1852 823 1912 die
835 1849 1061 1909 Entwaffnung
1090 1852 1140 1912 der
1158 1850 1287 1910 sammt=
1316 1846 1395 1906 den,
1418 1846 1644 1906 unterwiesen.
1690 1846 1763 1906 Den
1798 1848 1887 1908 21ten
1922 1849 1972 1909 des
2001 1849 2187 1909 verwichnen
2222 1855 2300 1915 Mo¬

1312 1897 1385 1957 nats
1420 1900 1470 1960 als
1505 1897 1532 1957 am
1578 1897 1804 1957 Geburtstage
1844 1903 1934 1963 Ihro
1963 1900 2058 1960 Maj.
2087 1903 2165 1963 nahm
2211 1905 2290 1965 diese

1317 1948 1447 2008 löbliche
1470 1945 1629 2005 Stiftung
1652 1948 1737 2008 ihren
1771 1948 1918 2008 Anfang.

1496 1993 1805 2053 Königsberg,
1841 1999 1893 2059 den
1929 1997 1987 2057 30.
2016 1998 2109 2058 Jun.

1352 2040 1465 2100 Heute
1487 2040 1535 2100 des
1563 2040 1724 2100 Morgens
1752 2043 1828 2103 starb
1850 2043 1958 2103 allhier
1985 2045 2066 2105 Herr
2088 2043 2131 2103 D.
2142 2046 2287 2106 Theodor

1317 2088 1432 2148 Boltz,
1461 2088 1604 2148 Königl.
1627 2088 1760 2148 Preuß.
1788 2091 2048 2151 Pupillenrath,
2082 2095 2215 2155 zweyter
2249 2097 2298 2157 or=

1311 2136 1476 2196 dentlicher
1507 2134 1618 2194 Lehrer
1648 2135 1698 2195 der
1719 2133 1834 2193 Rechte
1860 2136 1920 2196 und
1946 2141 2207 2201 Burgermeister
2238 2145 2283 2205 der

1315 2183 1420 2243 Stadt
1442 2180 1675 2240 Königsberg,
1709 2181 1753 2241 als
1781 2182 1914 2242 Senior
1943 2184 1992 2244 der
2020 2187 2136 2247 ganzen
2170 2193 2292 2253 Akade=

1317 2230 1376 2290 mie
1401 2229 1430 2289 in
1461 2229 1546 2289 einem
1595 2226 1678 2286 Alter
1710 2226 1764 2286 von
1801 2230 1842 2290 84
1879 2229 2030 2289 Jahren.
2073 2231 2121 2291 Er
2146 2234 2212 2294 war
2236 2237 2290 2297 seis

1312 2279 1397 2339 1706
1437 2275 1561 2335 Doctor
1590 2273 1720 2333 Juris,
1749 2273 1811 2333 und
1845 2273 2026 2333 verwaltete
2055 2279 2134 2339 seine
2157 2282 2287 2342 Aemter

1311 2325 1378 2385 noch
1409 2326 1507 2386 einige
1528 2320 1663 2380 Wochen
1695 2321 1746 2381 vor
1772 2321 1866 2381 seinem
1908 2321 1995 2381 Tode
2016 2321 2073 2381 mit
2100 2325 2296 2385 unermüde¬

1315 2375 1353 2435 tem
1398 2374 1524 2434 Fleiße.
1569 2369 1646 2429 Das
1680 2372 1840 2432 Andenken
1879 2369 1972 2429 dieses
2006 2372 2166 2432 würdigen
2194 2375 2293 2435 Grei¬

1315 2423 1353 2483 ses
1382 2422 1458 2482 wird
1487 2419 1536 2479 bey
1565 2417 1686 2477 unserer
1714 2422 1819 2482 Stadt
1842 2423 1897 2483 und
1925 2420 2097 2480 Akademie
2120 2426 2291 2486 unvergeß¬

1306 2470 1358 2530 lich
1389 2470 1475 2530 seyn.

1359 2560 1464 2620 Diese
1481 2561 1649 2621 Zeitungen
1671 2560 1781 2620 werden
1808 2565 1971 2625 Montags
1993 2566 2045 2626 und
2066 2566 2213 2626 Freytags
2235 2569 2266 2629 um

1311 2613 1343 2673 10
1370 2611 1428 2671 Uhr
1450 2608 1652 2668 Vormittags
1673 2608 1699 2668 im
1743 2611 1944 2671 Kanterschen
1966 2612 2147 2672 Buchladen
2180 2617 2291 2677 ausge=

1305 2658 1419 2718 geben,
1436 2653 1517 2713 allwo
1539 2652 1604 2712 auch
1626 2653 1686 2713 noch
1708 2655 1756 2715 von
1784 2658 1827 2718 den
1855 2658 1980 2718 hiesigen
2002 2658 2083 2718 resp.
2095 2661 2279 2721 Liebhabern

1306 2706 1356 2766 die
1376 2701 1655 2761 Pranumeration
1686 2705 1741 2765 auf
1767 2705 1832 2765 dies
1858 2706 1948 2766 dritre
1970 2709 2116 2769 Quartal
2137 2709 2197 2769 mit
2218 2709 2228 2769 2
2253 2709 2288 2769 fl.

1304 2752 1533 2812 angenommen
1581 2751 1685 2811 wird,
1716 2751 1930 2811 Auswärtige
1962 2754 2035 2814 aber
2062 2754 2197 2814 belieben
2234 2754 2286 2814 sich

1307 2803 1442 2863 deshalb
1461 2799 1510 2859 bey
1536 2799 1615 2859 jedem
1653 2802 1801 2862 Postamt
1820 2802 1900 2862 ihres
1925 2805 2005 2865 Orts
2036 2805 2067 2865 zu
2105 2805 2239 2865 melden.
