2479 3508
601 1204 726 1264 42tes
775 1203 930 1263 Stück.
987 1204 1215 1264 Montag,
1247 1204 1310 1264 den
1358 1207 1435 1267 25.
1460 1203 1625 1263 Junius
1666 1205 1814 1265 1764.

543 1270 835 1330 Königsberg.

239 1331 325 1391 Der
343 1321 499 1381 Verleger
523 1321 615 1381 dieser
633 1321 783 1381 Zeitung,
806 1317 933 1377 welcher
957 1312 1003 1372 sich
1027 1312 1078 1372 itzt
1096 1312 1182 1372 selbst

202 1360 211 1420 —
303 1366 476 1426 genöthigt
506 1363 621 1423 siehet,
646 1361 694 1421 die
713 1360 853 1420 Aufsicht
882 1357 954 1417 über
984 1354 1114 1414 dieselbe
1143 1353 1171 1413 zu

199 1413 351 1473 führen,
390 1408 495 1468 macht
524 1407 638 1467 hiemit
672 1404 768 1464 seinen
811 1402 954 1462 geehrten
993 1399 1093 1459 Lesern
1132 1396 1179 1456 be=

198 1458 318 1518 kannt,
339 1456 394 1516 daß
430 1454 460 1514 er
486 1452 510 1512 in
542 1449 709 1509 Ansehung
744 1449 794 1509 der
820 1447 977 1507 gelehrten
1007 1443 1179 1503 Ausarbei¬

198 1506 318 1566 tungen
353 1502 418 1562 eine
444 1500 674 1560 Veränderung
706 1496 851 1556 getroffen
886 1494 991 1554 habe;
1027 1491 1157 1551 nachdem

200 1554 229 1614 er
250 1551 532 1611 wahrgenommen
563 1548 638 1608 hat,
663 1548 713 1608 daß
744 1543 935 1603 verschiedne
966 1542 1011 1602 der
1042 1542 1182 1602 bisheri=

203 1606 256 1666 gen
283 1603 330 1663 dem
368 1600 516 1660 Wunsche
538 1599 585 1659 der
607 1596 686 1656 Leser
708 1596 792 1656 nicht
809 1596 898 1656 völlig
931 1593 1031 1653 genug
1053 1593 1079 1653 zu
1106 1590 1174 1650 thun

201 1655 394 1715 geschienen.
445 1647 488 1707 Er
511 1649 566 1709 hat
589 1649 611 1709 zu
639 1648 688 1708 dem
728 1646 833 1706 Ende,
855 1645 883 1705 zu
912 1643 1099 1703 Verfassung
1133 1640 1177 1700 der

200 1703 453 1763 Originalstücke
475 1697 559 1757 einen
586 1697 802 1757 auswärtigen
829 1693 1029 1753 Gelehrten,
1051 1692 1103 1752 der
1125 1691 1172 1751 sich

199 1751 316 1811 bereits
346 1750 435 1810 durch
465 1745 661 1805 verschiedne
686 1744 892 1804 Schriften,
931 1742 1025 1802 unter
1060 1740 1172 1800 andern

200 1799 334 1859 kürzlich
361 1794 443 1854 durch
475 1793 516 1853 ein
542 1790 749 1850 periodisches
766 1788 858 1848 Werk
885 1787 936 1847 von
963 1787 1029 1847 fünf
1045 1787 1087 1847 bis
1108 1787 1185 1847 sechs

192 1843 362 1903 Theilen,
379 1838 429 1898 der
447 1832 537 1892 Welt
555 1831 769 1891 voertheilhaft
793 1828 928 1888 bekannt
957 1831 1098 1891 gemacht
1115 1831 1182 1891 hat,

201 1888 240 1948 um
286 1885 388 1945 seinen
423 1879 587 1939 Beystand
616 1874 746 1934 ersucht.
798 1870 866 1930 Die
895 1871 1172 1931 Beurtheilungen

201 1936 260 1996 hat
277 1936 303 1996 er
326 1930 440 1990 andern
467 1921 684 1981 auswartigen
712 1916 825 1976 Federn
859 1915 1092 1975 aufgetragen,
1120 1915 1173 1975 von

205 1981 328 2041 welchen
359 1975 388 2035 er
406 1971 459 2031 sich
484 1969 536 2029 alle
566 1966 620 2026 zur
650 1963 886 2023 Befriedigung
923 1961 969 2021 der
993 1962 1082 2022 Leser
1112 1960 1182 2020 hin¬

200 2025 359 2085 reichende
381 2014 614 2074 Eigenschaften
641 2008 827 2068 verspricht,
849 2008 912 2068 und
934 2010 981 2070 sich
1008 2008 1172 2068 hierinnen

203 2072 229 2132 in
267 2067 314 2127 der
341 2064 483 2124 Zukunft
505 2059 562 2119 auf
584 2057 631 2117 die
658 2058 842 2118 Erfahrung
880 2055 1001 2115 beruft.
1049 2056 1096 2116 In
1128 2052 1175 2112 der

203 2112 305 2172 Wahl
327 2111 373 2171 der
394 2109 518 2169 Bücher
539 2109 616 2169 wird
638 2106 668 2166 er
685 2106 730 2166 den
752 2106 938 2166 Geschmack
954 2103 1005 2163 von
1026 2103 1171 2163 Preußen

200 2161 261 2221 und
288 2160 427 2220 Curland
454 2157 505 2217 sein
536 2157 753 2217 vornehmstes
775 2157 965 2217 Augenmerk
987 2151 1043 2211 seyn
1070 2151 1178 2211 laßen;

200 2212 262 2272 und
288 2212 340 2272 das
367 2211 475 2271 übrige
497 2208 714 2268 Deutschland
736 2205 834 2265 völlig
866 2204 975 2264 unsern
1007 2199 1172 2259 Gegenden

205 2261 390 2321 nachsetzen.
437 2258 648 2318 Ueberhaupt
669 2252 829 2312 versichert
850 2252 901 2312 er,
933 2252 989 2312 daß
1021 2246 1051 2306 er
1077 2246 1175 2306 nichts

203 2311 303 2371 werde
333 2306 474 2366 mangeln
505 2303 616 2363 laßen,
642 2300 737 2360 dieser
763 2302 894 2362 Zeitung
920 2300 989 2360 nach
1015 2294 1111 2354 seiner
1137 2294 1186 2354 be=

200 2360 256 2420 sten
288 2355 422 2415 Einsicht
443 2354 499 2414 alle
520 2348 820 2408 Vollkommenheit
837 2349 862 2409 zu
894 2348 1012 2408 geben;
1050 2344 1075 2404 in
1111 2339 1183 2399 wel=

205 2405 269 2465 cher
295 2404 380 2464 guten
416 2402 541 2462 Absicht
567 2397 592 2457 er
622 2396 657 2456 um
704 2393 804 2453 soviel
824 2396 914 2456 mehr
940 2392 1181 2452 aufgemuntert

203 2449 308 2509 wird,
339 2449 374 2509 da
415 2446 450 2506 sie
481 2446 596 2506 bereits
627 2442 682 2502 das
714 2440 814 2500 Glück
840 2443 981 2503 genossen
1012 2440 1092 2500 hat,
1123 2436 1183 2496 mit

200 2497 251 2557 dem
293 2491 444 2551 Beyfalle
470 2494 517 2554 der
538 2491 642 2551 Obern
679 2488 730 2548 des
751 2491 871 2551 Landes
908 2488 1016 2548 beehrt
1043 2487 1069 2547 zu
1106 2485 1183 2545 wer¬

202 2545 280 2605 den.
325 2540 373 2600 Um
418 2539 486 2599 aber
516 2538 564 2598 die
590 2536 731 2596 Freunde
761 2536 815 2596 des
845 2537 1025 2597 bisherigen
1060 2533 1182 2593 gelehr¬

200 2591 246 2651 ten
282 2587 462 2647 Verfassers
493 2587 575 2647 nicht
602 2586 627 2646 zu
663 2584 725 2644 sehr
761 2584 786 2644 zu
823 2584 1034 2644 erschrecken,
1065 2581 1178 2641 meldet

205 2641 271 2701 man
303 2638 390 2698 ihnen
416 2635 565 2695 zugleich,
586 2634 637 2694 daß
663 2632 792 2692 derselbe
818 2635 895 2695 nicht
911 2634 1044 2694 gänzlich
1070 2630 1183 2690 ausge¬

204 2689 333 2749 schlossen
367 2682 485 2742 bleibt;
508 2681 637 2741 sondern
670 2679 735 2739 noch
768 2682 941 2742 zuweilen,
968 2682 995 2742 so
1023 2682 1087 2742 viel
1109 2679 1158 2739 ihm

206 2738 285 2798 seine
307 2732 471 2792 Geschafte
498 2727 673 2787 erlauben,
705 2727 875 2787 Beyträge
908 2730 1093 2790 einsenden,
1120 2728 1178 2788 und

205 2787 336 2847 dadurch
363 2784 444 2844 ihrem
482 2780 684 2840 Geschmacke
710 2778 829 2838 Gunge
849 2781 949 2841 leisten
975 2781 1068 2841 wird.

1474 1268 1518 1328 An
1562 1270 1605 1330 die
1638 1270 1757 1330 Herren
1789 1270 1953 1330 Verfasser

1340 1369 1615 1429 Königsberger
1664 1369 1859 1429 Gelehrten
1901 1373 2070 1433 Zeitung.

1388 1464 1539 1524 Meine
1565 1464 1749 1524 Herren,

1225 1536 1314 1596 Nur
1333 1536 1380 1596 itzt
1399 1538 1477 1598 habe
1496 1536 1537 1596 ich
1556 1536 1585 1596 es
1610 1537 1790 1597 erfahren,
1821 1539 1874 1599 daß
1911 1539 1977 1599 Sie
2002 1540 2115 1600 bereits
2146 1544 2170 1604 im

1225 1590 1362 1650 Februar
1389 1589 1436 1649 den
1463 1588 1589 1648 Anfang
1616 1587 1642 1647 zu
1674 1587 1759 1647 einer
1781 1589 1870 1649 neuen
1902 1590 2028 1650 Zeitung
2056 1593 2192 1653 gemacht

1223 1640 1347 1700 haben;
1377 1639 1432 1699 und
1461 1639 1535 1699 habe
1558 1637 1631 1697 mich
1661 1637 1791 1697 darüber
1820 1636 1876 1696 fast
1905 1637 1961 1697 aus
1990 1640 2041 1700 dem
2082 1640 2177 1700 Athem

1222 1688 1382 1748 geargert.
1411 1685 1476 1745 Die
1494 1688 1620 1748 Ursache
1644 1688 1726 1748 sollen
1754 1688 1815 1748 Sie
1832 1685 1854 1745 im
1893 1690 2053 1750 folgenden
2082 1691 2198 1751 hören:

1271 1739 1324 1799 Da
1347 1739 1373 1799 es
1401 1737 1459 1797 nun
1482 1739 1649 1799 Gebrauch
1671 1736 1725 1796 ist,
1742 1738 1790 1798 daß
1817 1738 1887 1798 man
1915 1739 2060 1799 jederzeit
2077 1739 2120 1799 bey
2148 1741 2201 1801 sol¬

1220 1788 1283 1848 chen
1323 1787 1415 1847 neuen
1445 1787 1690 1847 Einrichtungen
1725 1787 1769 1847 die
1794 1787 1960 1847 Stimmen
1995 1790 2044 1850 der
2069 1793 2195 1853 Kenner

1223 1831 1378 1891 sammelt,
1404 1831 1429 1891 so
1455 1833 1529 1893 kann
1556 1832 1595 1892 ich
1616 1832 1706 1892 leicht
1733 1834 1863 1894 denken,
1889 1834 1944 1894 daß
1970 1837 2085 1897 Jhnen
2116 1838 2191 1898 mein

1218 1871 1365 1931 Beytrag
1390 1873 1419 1933 an
1444 1875 1532 1935 gutem
1568 1876 1671 1936 Rathe
1691 1876 1774 1936 nicht
1789 1879 1986 1939 gleichgültig
2011 1882 2075 1942 seyn
2100 1884 2198 1944 wird;

1222 1915 1256 1975 um
1297 1915 1392 1975 soviel
1408 1918 1513 1978 mehr,
1539 1918 1568 1978 da
1594 1918 1689 1978 mich,
1711 1921 1790 1981 ohne
1811 1924 1906 1984 Ruhm
1952 1924 1982 1984 zu
2008 1927 2118 1987 sagen,
2144 1929 2193 1989 der

1221 1960 1369 2020 Himmel
1379 1962 1438 2022 mit
1458 1962 1537 2022 einem
1577 1963 1710 2023 gewissen
1736 1966 1883 2026 Antheile
1908 1969 2086 2029 häuslicher
2106 1975 2204 2035 Klug=

1220 2006 1286 2066 heit
1309 2007 1419 2067 begabt
1441 2008 1507 2068 hat,
1536 2005 1579 2065 die
1596 2005 1635 2065 ich
1663 2008 1734 2068 auch
1763 2011 1928 2071 getreulich
1962 2013 2011 2073 zum
2056 2019 2194 2079 gemein=

1217 2054 1402 2114 schaftlichen
1432 2049 1547 2109 Besten
1577 2052 1744 2112 verwandt
1762 2052 1855 2112 habe,
1873 2055 1930 2115 und
1954 2057 2029 2117 stets
2047 2060 2110 2120 mit
2128 2064 2202 2124 mei=

1218 2100 1271 2160 nem
1314 2100 1398 2160 guten
1429 2097 1531 2157 Rathe
1556 2100 1712 2160 freygebig
1737 2100 1864 2160 gewesen
1895 2102 1966 2162 bin,
1979 2103 2033 2163 wie
2052 2109 2112 2169 mir
2136 2112 2190 2172 alle

1214 2148 1317 2208 meine
1339 2146 1508 2206 Nachbarn
1535 2148 1682 2208 bezeugen
1710 2151 1845 2211 müssen.

1263 2193 1346 2253 Was
1368 2193 1429 2253 mir
1451 2194 1484 2254 an
1512 2197 1595 2257 ihrer
1618 2199 1744 2259 Zeitung
1767 2202 1894 2262 gefällt,
1900 2205 1983 2265 wenn
2006 2205 2044 2265 ich
2066 2208 2093 2268 es
2111 2208 2188 2268 ohne

1220 2243 1395 2303 Besorgniß
1418 2243 1519 2303 Ihrer
1537 2246 1718 2306 Errethung
1742 2249 1826 2309 sagen
1861 2252 1946 2312 darf,
1958 2252 1991 2312 ist
2014 2255 2127 2315 dieses,
2145 2258 2189 2318 daß

1217 2292 1370 2352 darinnen
1399 2289 1449 2349 den
1478 2297 1734 2357 Wissenschaften
1763 2300 1831 2360 ihre
1854 2303 2052 2363 gebührende
2076 2306 2194 2366 Würde

1212 2339 1414 2399 zugestanden
1440 2339 1541 2399 wird.
1587 2348 1698 2408 Andre
1724 2351 1896 2411 Zeitungen
1922 2354 2044 2414 machen
2080 2352 2110 2412 es
2141 2354 2196 2414 gar

1216 2389 1295 2449 nicht
1318 2387 1340 2447 so
1364 2388 1561 2448 verständig.
1613 2396 1725 2456 Indem
1771 2399 1810 2459 sie
1833 2399 1878 2459 sich
1907 2400 2008 2460 zuerst
2031 2398 2082 2458 von
2116 2401 2195 2461 Für¬

1217 2438 1290 2498 sten,
1307 2435 1429 2495 Grasen
1461 2439 1519 2499 und
1546 2441 1663 2501 Herren
1695 2446 1785 2506 müde
1807 2446 1987 2506 schwatzen,
2003 2446 2125 2506 werden
2152 2449 2199 2509 die

1215 2484 1321 2544 armen
1349 2484 1523 2544 Gelehrten
1551 2490 1598 2550 bis
1625 2494 1731 2554 hinten
1763 2494 1822 2554 auf
1838 2492 1891 2552 den
1923 2491 2050 2551 Winkel
2078 2494 2210 2554 verwie¬

1217 2533 1288 2593 sen;
1316 2533 1359 2593 ein
1387 2536 1591 2596 Uebelstand,
1608 2542 1657 2602 den
1685 2545 1723 2605 ich
1746 2540 1921 2600 mehrmals
1944 2539 2076 2599 beseufzt
2104 2544 2197 2604 habe,

1217 2581 1272 2641 und
1306 2579 1355 2639 der
1384 2584 1588 2644 nothwendig
1622 2592 1705 2652 jedem
1750 2587 1998 2647 rechtschaffenen
2032 2590 2193 2650 Verehrer

1221 2629 1271 2689 der
1295 2630 1459 2690 Weisheit
1483 2636 1545 2696 weh
1574 2638 1648 2698 thun
1683 2638 1779 2698 muß!

1270 2674 1335 2734 Bey
1366 2677 1414 2737 dem
1457 2684 1529 2744 allen
1560 2685 1638 2745 ließe
1657 2684 1704 2744 sich
1729 2682 1879 2742 vielleicht
1898 2682 1946 2742 der
1965 2682 2200 2742 Vollkommen¬

1220 2725 1287 2785 heit
1305 2726 1406 2786 Ihrer
1435 2733 1565 2793 Zeitung
1594 2733 1661 2793 noch
1684 2728 1803 2788 einiges
1832 2727 1979 2787 zusetzen.
2008 2727 2064 2787 So
2087 2730 2194 2790 würde

1216 2772 1248 2832 es
1276 2778 1395 2838 meines
1417 2782 1597 2842 Erachtens
1619 2781 1749 2841 darinne
1772 2777 1836 2837 sehr
1859 2775 1940 2835 schön
1968 2775 2082 2835 laßen,
2110 2775 2191 2835 wenn

2130 2823 2199 2883 Sie
