2479 3508
299 360 406 420 wahre
436 357 596 417 Methode
626 357 655 417 in
692 357 739 417 sich
769 360 864 420 hält,
888 359 1018 419 selbiges
1055 357 1102 417 bey
1138 360 1280 420 Kindern

299 407 511 467 vollkommen
551 404 581 464 zu
616 404 763 464 machen.

524 452 766 512 Dresden,
788 453 842 513 den
871 452 930 512 25.
953 455 1062 515 April.

351 497 439 557 Man
467 497 533 557 sagt
555 500 605 560 für
628 500 743 560 gewiß,
761 500 816 560 daß
839 500 888 560 des
916 503 1020 563 Röm.
1037 500 1165 560 Königs
1193 502 1292 562 Maj.

306 546 328 606 im
372 548 493 608 Begrif
511 549 594 609 sind,
611 550 654 610 sich
683 548 743 608 mit
760 548 810 608 der
833 548 1009 608 Prinzessin
1043 551 1181 611 Josepha
1215 548 1292 608 Ma¬

305 596 347 656 ria
374 595 595 655 Walpurgis,
617 596 759 656 jüngsten
786 595 965 655 Schwester
998 597 1044 657 des
1072 595 1277 655 Churfürsten

308 644 361 704 von
393 646 524 706 Bayeru
552 646 577 706 zu
610 645 815 705 vermählen.
863 645 958 705 Ihro
985 644 1032 704 K.
1054 640 1095 700 H.
1117 643 1164 703 die
1186 641 1291 701 Prin¬

302 694 384 754 zessin
421 694 576 754 Christine
603 691 722 751 werden
749 691 774 751 in
801 691 904 751 kurzen
936 691 1003 751 nach
1035 688 1221 748 Lothringen
1248 686 1294 746 ge=

307 740 360 800 hen
392 740 450 800 und
477 742 604 802 daselbst
626 739 683 799 von
716 740 768 800 der
795 739 896 799 Abtey
928 739 1161 799 Reimersberg
1188 736 1294 796 Besitz

307 789 462 849 nehmen.

560 829 709 889 Wien,
742 832 794 892 den
833 833 896 893 21.
929 831 1041 891 April.

356 877 429 937 Der
451 879 619 939 Römische
636 879 741 939 Konig
758 879 810 939 hat
826 879 915 939 unter
932 879 1043 939 andern
1065 879 1133 939 auch
1149 876 1280 936 500000

314 930 439 990 Gulden
480 928 550 988 nach
586 927 726 987 Toscana
767 927 968 987 übermachen
1000 927 1110 987 lassen,
1125 924 1160 984 um
1201 924 1291 984 solche

307 975 400 1035 unter
430 975 478 1035 die
504 975 710 1035 Hausarmen
750 973 990 1033 auszutheilen.
1035 973 1147 1033 Nach=
1153 971 1285 1031 Ungarn

309 1021 417 1081 führet
447 1019 521 1079 man
556 1019 615 1079 von
660 1019 728 1079 hier
759 1019 921 1079 beständig
956 1016 986 1076 in
1026 1016 1074 1076 die
1109 1016 1287 1076 Vestungen

311 1064 684 1124 Kriegsgeräthschaften
714 1064 767 1124 ab.
817 1062 860 1122 Zu
895 1061 949 1121 den
984 1061 1214 1121 Campements
1244 1060 1298 1120 da¬

307 1112 392 1172 selbst
418 1112 534 1172 werden
560 1112 646 1172 durch
672 1109 824 1169 Officiers
850 1106 900 1166 von
936 1107 1164 1167 verschiedenen
1201 1104 1301 1164 Regi¬

306 1160 444 1220 mentern
479 1157 603 1217 allerley
643 1154 910 1214 Montoursorten
950 1151 1009 1211 und
1044 1152 1163 1212 andere
1188 1151 1301 1211 Noth¬

317 1207 544 1267 wendigkeiten
570 1201 797 1261 übernommen
823 1201 884 1261 und
910 1199 1112 1259 abgeschickt;
1143 1197 1213 1257 auch
1239 1197 1294 1257 sind

314 1257 497 1317 nunmehro
519 1252 607 1312 7000
630 1252 902 1312 Remontepferde
919 1249 968 1309 für
991 1249 1035 1309 die
1058 1246 1202 1306 Kaiserl.
1213 1246 1301 1306 Reu¬

308 1306 393 1366 terey
414 1303 685 1363 aufgeschrieben.
738 1302 780 1362 Zu
819 1300 998 1360 Laxenburg
1025 1299 1099 1359 wird
1127 1297 1195 1357 nach
1227 1296 1274 1356 dem

317 1351 491 1411 gemachten
518 1352 603 1412 Plan
630 1351 900 1411 fortgearbeitet;
927 1348 984 1408 und
1006 1348 1037 1408 es
1064 1345 1117 1405 soll
1133 1347 1223 1407 dieser
1239 1347 1297 1407 Ort

317 1398 378 1458 mit
399 1399 481 1459 einer
503 1399 626 1459 Mauer
652 1396 703 1456 von
735 1397 745 1457 3
782 1396 905 1456 Thoren
931 1396 1075 1456 umgeben
1102 1396 1158 1456 und
1174 1394 1292 1454 künftig

318 1446 570 1506 Theresienstadt
586 1444 725 1504 genennt
747 1443 885 1503 werden.
933 1443 978 1503 Am
1020 1443 1283 1503 letztvergangnen

315 1494 647 1554 Grünendonnerstag
680 1491 887 1551 Vormittags
915 1491 947 1551 um
985 1491 1001 1551 8
1035 1491 1105 1551 Uhr
1127 1490 1219 1550 erhob
1247 1488 1290 1548 sich

323 1538 409 1598 Ihro
436 1539 533 1599 Maj.
550 1541 598 1601 die
621 1539 767 1599 Kaiserin
795 1539 853 1599 mit
881 1536 935 1596 den
963 1536 978 1596 5
1011 1539 1135 1599 ältesten
1168 1536 1303 1596 Erzher¬

315 1589 486 1649 zoginnen,
502 1587 592 1647 unter
618 1587 815 1647 Begleitung
841 1584 891 1644 des
927 1584 1063 1644 Päbstl.
1079 1584 1205 1644 Nuntii
1236 1584 1291 1644 und

310 1634 360 1694 des
391 1631 589 1691 Hofstaats,
610 1631 640 1691 in
671 1631 838 1691 schwarzer
869 1628 1108 1688 Hofkleidung,
1149 1627 1209 1687 aus
1246 1625 1296 1685 der

323 1678 415 1738 Burg
444 1679 517 1739 über
541 1675 587 1735 den
620 1674 712 1734 neuen
745 1674 843 1734 Gang
876 1672 945 1732 nach
978 1669 1029 1729 der
1062 1672 1228 1732 Hofkirche
1248 1669 1298 1729 der

319 1721 515 1781 Augustiner
535 1718 717 1778 Barfüßer,
747 1717 804 1777 und
824 1715 963 1775 wohnten
988 1715 1112 1775 daselbst
1132 1715 1175 1775 dem
1209 1712 1305 1772 Hoch¬

320 1766 386 1826 amt
413 1763 484 1823 bey,
506 1763 635 1823 welches
661 1763 707 1823 der
734 1762 816 1822 Herr
847 1763 909 1823 Abt
930 1762 976 1822 des
1008 1760 1090 1820 löbl.
1117 1763 1307 1823 Benedicti¬

320 1812 459 1872 nerstifts
495 1809 546 1869 vor
578 1811 629 1871 dem
676 1811 934 1871 Schottenthor,
966 1812 1146 1872 insgemein
1183 1811 1208 1871 zu
1244 1811 1290 1871 den

322 1861 489 1921 schwarzen
517 1861 685 1921 Spaniern
719 1861 876 1921 genannt,
898 1861 1060 1921 gehalten,
1089 1861 1148 1921 und
1165 1859 1311 1919 begleite¬

321 1910 365 1970 ten
393 1912 520 1972 hierauf
543 1910 598 1970 das
621 1910 882 1970 Hochwürdigste
904 1912 954 1972 bis
982 1912 1009 1972 in
1043 1912 1098 1972 das
1132 1909 1304 1969 Deposito¬

319 1960 418 2020 rium.
469 1960 513 2020 Um
552 1957 590 2017 11
619 1960 685 2020 Uhr
708 1959 801 2019 begab
825 1962 874 2022 sich
897 1960 946 2020 der
969 1958 1041 2018 Hof
1058 1959 1174 2019 wieder
1197 1960 1224 2020 in
1252 1957 1296 2017 die

321 2008 434 2068 Burg.
440 2008 564 2068 zurück,
591 2008 634 2068 wo
662 2008 753 2068 Ihro
781 2008 878 2068 Maj.
905 2008 964 2068 mit
986 2006 1035 2066 den
1073 2005 1186 2065 älteren
1219 2006 1235 2066 E

321 2057 531 2117 herzoginnen
565 2055 618 2115 das
651 2055 862 2115 gewöhnliche
890 2052 1101 2112 Fußwaschen
1129 2053 1161 2113 an
1194 2055 1231 2115 12
1259 2052 1307 2112 ar¬

323 2103 388 2163 men
428 2103 605 2163 Weibern,
626 2103 711 2163 deren
747 2103 833 2163 Alter
859 2102 1035 2162 zusammen
1071 2100 1152 2160 1020
1193 2100 1303 2160 Jahre

319 2151 544 2211 ausmachten,
571 2150 595 2210 zu
626 2150 797 2210 Erbauung
828 2150 903 2210 aller
924 2148 1135 2208 Anwesenden
1171 2148 1301 2208 verrich¬

322 2196 404 2256 tete;
435 2195 491 2255 und
518 2196 636 2256 obschon
667 2193 837 2253 diesesmal
858 2193 909 2253 von
941 2196 992 2256 des
1018 2196 1146 2256 Kaisers
1168 2196 1301 2256 Majest.

320 2240 423 2300 wegen
454 2237 541 2297 Dero
574 2237 795 2297 Abwesenheit
817 2238 852 2298 ein
884 2242 1007 2302 gleiches
1034 2243 1132 2303 Werk
1163 2241 1214 2301 der
1235 2243 1302 2303 De¬

327 2288 409 2348 muth
440 2283 522 2343 nicht
543 2284 652 2344 konnte
673 2283 838 2343 verrichtet
859 2289 997 2349 werden,
1024 2291 1049 2351 so
1071 2291 1132 2351 sind
1163 2289 1230 2349 doch
1256 2291 1292 2351 12

320 2336 409 2396 arme
436 2330 605 2390 Männer,
626 2329 710 2389 deren
742 2333 827 2393 Alter
854 2337 938 2397 1014
975 2339 1085 2399 Jahre
1118 2339 1291 2399 zusammen

325 2382 456 2442 betrug,
479 2377 628 2437 gekleidet
651 2377 706 2437 und
734 2378 755 2438 in
784 2380 827 2440 dem
867 2384 976 2444 großen
1000 2386 1176 2446 Rittersaal
1193 2387 1303 2447 gespei¬

328 2436 371 2496 set
389 2429 533 2489 worden,
555 2424 666 2484 wobey
694 2423 738 2483 die
767 2423 783 2483 2
817 2429 950 2489 jüngsten
989 2435 1183 2495 Erzherzoge
1217 2435 1305 2495 zuge¬

324 2484 378 2544 gen
410 2477 533 2537 waren.
602 2471 712 2531 Heute
737 2470 829 2530 frühe
861 2475 928 2535 nach
966 2478 1014 2538 den
1065 2479 1293 2539 gewöhnlichen

331 2527 557 2587 Gottesdienst
578 2523 630 2583 zum
672 2518 871 2578 Gedächtniß
898 2521 944 2581 der
965 2527 1218 2587 Auferstehung,
1239 2527 1298 2587 sind

324 2576 373 2636 die
396 2575 540 2635 Kaiserin
569 2572 596 2632 in
624 2570 679 2630 das
702 2567 718 2627 5
741 2566 801 2626 und
830 2566 891 2626 eine
919 2569 1008 2629 halbe
1047 2572 1130 2632 Post
1148 2575 1202 2635 von
1236 2575 1302 2635 hier

323 2621 469 2681 gelegene
498 2620 593 2680 Stift
622 2618 717 2678 Mölk
746 2614 938 2674 abgereiset,
967 2617 1113 2677 woselbst
1137 2621 1187 2681 des
1221 2623 1300 2683 Kai¬

328 2668 390 2728 sers
413 2664 469 2724 und
498 2664 548 2724 des
577 2667 677 2727 Röm.
701 2662 830 2722 Königs
859 2661 960 2721 Maj.
983 2665 1095 2725 gestern
1124 2669 1180 2729 von
1215 2670 1299 2730 Lintz

325 2714 524 2774 eingetroffen
552 2711 640 2771 sind,
663 2715 734 2775 auch
769 2712 862 2772 heute
891 2709 946 2769 und
980 2709 1030 2769 den
1058 2715 1135 2775 heil.
1152 2717 1296 2777 Ostertag

321 2766 405 2826 allda
434 2760 608 2820 verbleiben
637 2760 778 2820 werden.
830 2757 897 2817 Die
920 2757 1060 2817 Kaiserin
1089 2763 1224 2823 Königin
1247 2763 1303 2823 hat

320 2814 373 2874 den
404 2814 524 2874 Grafen
561 2811 614 2871 von
646 2814 808 2874 Colloredo
839 2808 904 2868 mit
929 2808 1014 2868 einer
1038 2811 1188 2871 goldenen
1225 2814 1297 2874 reich

1329 357 1378 417 von
1417 356 1599 416 Brillanten
1639 357 1777 417 besetzten
1816 357 1988 417 Tabatiere
2016 354 2187 414 beschenkt.
2232 354 2303 414 Die

1320 404 1438 464 jungen
1468 401 1644 461 Gräfinnen
1674 404 1728 464 von
1763 407 1890 467 Taruca
1925 404 1984 464 und
2014 404 2175 464 Cavriani
2201 405 2298 465 haben

1323 452 1376 512 den
1403 449 1551 509 goldenen
1578 453 1736 513 Schlüssel
1753 452 1912 512 erhalten.
1960 449 2034 509 Die
2056 449 2119 509 Ehe
2141 451 2188 511 der
2209 452 2299 512 ersten

1325 500 1387 560 mit
1407 497 1459 557 dem
1498 497 1618 557 Grafen
1657 497 1714 557 von
1758 502 1978 562 Wurmbrand
2012 500 2074 560 und
2109 499 2156 559 der
2190 500 2300 560 andern

1326 548 1387 608 mit
1424 545 1475 605 dem
1522 545 1671 605 Obristen
1708 547 1837 607 Grafen
1884 548 1940 608 von
1992 548 2178 608 Collonitsch
2225 547 2302 607 wird

1330 595 1415 655 gleich
1440 592 1506 652 nach
1537 592 1642 652 Ostern
1674 595 1830 655 vollzogen
1856 595 1997 655 werden.
2048 594 2123 654 Der
2144 594 2234 654 Graf
2245 594 2300 654 von

1328 640 1446 700 Spork
1473 640 1550 700 wird
1587 640 1612 700 in
1654 640 1705 700 der
1742 643 1882 703 Aufsicht
1908 643 1960 703 der
1991 643 2208 703 Schauspiele
2250 643 2302 703 den

1330 688 1450 748 Grafen
1481 687 1536 747 von
1567 687 1719 747 Durazzo
1740 691 1861 751 folgen,
1887 691 2013 751 welcher
2029 691 2074 751 als
2095 691 2307 751 Abgesandter

1329 735 1397 795 nach
1424 735 1567 795 Venedig
1589 736 1684 796 gehen
1711 736 1785 796 soll;
1812 739 1838 799 so
1870 739 1928 799 wie
1950 740 1997 800 der
2024 739 2119 799 junge
2146 739 2236 799 Graf
2247 742 2299 802 von

1324 781 1498 841 Welsberg
1526 783 1591 843 nach
1619 784 1804 844 Portugal.

1572 828 1769 888 London,
1801 831 1854 891 den
1892 831 1950 891 14.
1983 831 2089 891 April.

1378 873 1447 933 Der
1468 873 1543 933 Lord
1569 873 1665 933 Clive
1695 876 1755 936 und
1781 876 1867 936 Herr
1892 879 2038 939 Sulivan
2068 881 2129 941 sind
2160 881 2219 941 mit
2250 879 2290 939 ein

1328 921 1426 981 ander
1451 921 1662 981 ausgesöhnt,
1687 922 1745 982 und
1770 921 1976 981 übermorgen
2002 924 2075 984 wird
2105 927 2148 987 die
2169 927 2315 987 Ostindi¬

1330 969 1390 1029 sche
1410 969 1612 1029 Compagnie
1638 969 1703 1029 eine
1729 969 1982 1029 Versammlung
2013 972 2133 1032 halten,
2159 974 2194 1034 um
2235 975 2310 1035 alles

1328 1013 1378 1073 zur
1409 1013 1535 1073 Abreise
1566 1013 1616 1073 des
1647 1013 1774 1073 ersteren
1820 1013 2048 1073 einzurichten.
2094 1017 2226 1077 Gestern
2257 1022 2292 1082 am

1336 1058 1415 1118 Feste
1437 1058 1489 1118 des
1516 1059 1563 1119 H.
1579 1058 1690 1118 Georg
1717 1058 1791 1118 hielt
1813 1058 1860 1118 der
1881 1058 1986 1118 König
2019 1058 2051 1118 zu
2088 1062 2156 1122 St.
2183 1067 2304 1127 James

1333 1101 1372 1161 ein
1398 1103 1533 1163 Capitul
1554 1103 1599 1163 des
1624 1103 1755 1163 Ordens
1781 1104 1831 1164 vom
1872 1106 2098 1166 Hosenbande,
2123 1108 2229 1168 wobey
2250 1113 2314 1173 Ih¬

1330 1147 1362 1207 ro
1390 1148 1483 1208 Maj.
1507 1148 1572 1208 eins
1596 1148 1646 1208 der
1666 1151 1782 1211 ledigen
1811 1151 2063 1211 Ordensbänder
2086 1154 2118 1214 an
2161 1156 2212 1216 den
2240 1159 2314 1219 älte¬

1336 1194 1387 1254 sten
1408 1195 1537 1255 Bruder
1558 1196 1605 1256 der
1621 1198 1781 1258 Königin,
1792 1198 1983 1258 regierenden
2004 1198 2118 1258 Herzog
2139 1202 2191 1262 von
2217 1207 2320 1267 Meck¬

1334 1243 1635 1303 lenburg=Strelitz,
1641 1244 1690 1304 das
1711 1246 1822 1306 andere
1838 1246 1867 1306 an
1893 1246 1943 1306 den
1968 1246 2084 1306 Grafen
2109 1249 2159 1309 von
2180 1252 2305 1312 Halifax

1333 1294 1503 1354 vergaben.
1530 1294 1599 1354 Die
1615 1294 1722 1354 Güter
1744 1295 1796 1355 des
1818 1295 1903 1355 John
1925 1294 2068 1354 Wilkes,
2080 1297 2186 1357 welche
2208 1297 2234 1357 in
2261 1297 2308 1357 der

1337 1345 1522 1405 Grafschaft
1535 1345 1644 1405 Bucks
1668 1345 1784 1405 liegen,
1814 1345 1866 1405 und
1889 1345 2017 1405 jährlich
2047 1345 2092 1405 für
2110 1345 2168 1405 388
2198 1345 2308 1405 Pfund

1336 1393 1455 1453 Sterl.
1466 1395 1498 1455 18
1527 1396 1597 1456 schl.
1619 1396 1635 1456 4
1668 1395 1733 1455 Pf.
1756 1396 1935 1456 verpachtet
1963 1396 2043 1456 sind,
2066 1396 2153 1456 sollen
2197 1396 2218 1456 im
2273 1394 2321 1454 be=

1335 1443 1556 1503 vorstehenden
1583 1442 1688 1502 Junio
1710 1442 1762 1502 zum
1805 1443 1915 1503 Besten
1948 1443 2042 1503 seiner
2064 1446 2248 1506 Gläubiger
2270 1440 2311 1500 öf¬

1339 1491 1452 1551 fentlich
1487 1489 1634 1549 verkauft
1654 1491 1801 1551 werden.
1857 1491 1930 1551 Der
1955 1491 2063 1551 Ritter
2098 1493 2215 1553 d'Eon
2250 1494 2304 1554 von

1335 1536 1531 1596 Beaumont
1546 1536 1712 1596 begegnete
1733 1536 1904 1596 vorgestern
1930 1536 1949 1596 im
1985 1539 2075 1599 Parc
2096 1539 2151 1599 von
2177 1540 2242 1600 St.
2252 1542 2317 1602 Ja¬

1336 1582 1399 1642 mes
1427 1583 1508 1643 einen
1531 1584 1658 1644 Mann,
1676 1584 1726 1644 den
1753 1584 1780 1644 er
1803 1584 1853 1644 für
1876 1584 1921 1644 den
1948 1587 2107 1647 Verfasser
2130 1587 2179 1647 der
2198 1587 2306 1647 wieder

1344 1626 1417 1686 seine
1432 1625 1859 1685 Unterhandlungsschriften
1889 1628 1991 1688 jüngst
2016 1631 2314 1691 herausgekomme¬

1339 1667 1390 1727 nen
1423 1667 1655 1727 Untersuchung
1683 1670 1771 1730 hielt,
1795 1669 1855 1729 und
1884 1670 2050 1730 beleidigte
2079 1673 2232 1733 denselben
2260 1679 2310 1739 auf

1341 1712 1399 1772 eine
1426 1713 1489 1773 sehr
1516 1712 1607 1772 grobe
1634 1712 1702 1772 Art.
1751 1715 1899 1775 Letzterer
1921 1718 2080 1778 verklagte
2102 1721 2150 1781 ihn
2177 1723 2309 1783 deshals

1337 1763 1391 1823 bey
1420 1763 1469 1823 dem
1509 1763 1714 1823 Commissair
1742 1763 1791 1823 des
1814 1766 2008 1826 Quartiers,
2037 1771 2098 1831 und
2132 1772 2225 1832 dieser
2254 1775 2308 1835 ließ

1339 1814 1390 1874 den
1416 1814 1520 1874 Herrn
1546 1814 1649 1874 d'Eon
1681 1814 1852 1874 arretiren.

1642 1909 2020 1969 AVERTISSEMENT.

1387 1953 1456 2013 Bey
1489 1957 1537 2017 dem
1587 1957 1738 2017 Verleger
1767 1960 1863 2020 dieser
1891 1960 2021 2020 Zeitung
2048 1956 2086 2016 ist
2119 1955 2146 2015 zu
2190 1957 2313 2017 haben:

1335 2005 1469 2065 Hume,
1495 2008 1639 2068 David,
1670 2005 1855 2065 Geschichte
1892 2005 1949 2065 von
1996 2005 2315 2065 Großbrittannien,

1337 2052 1353 2112 2
1383 2052 1515 2112 Theile,
1539 2054 1585 2114 4,
1609 2052 1729 2112 Bresl.
1753 2052 1840 2112 762,
1863 2053 1932 2113 63,
1956 2055 1990 2115 16
2025 2055 2059 2115 fl.
2112 2055 2314 2115 Geschichte,

1338 2099 1549 2159 allgemeine,
1569 2097 1619 2157 der
1655 2097 1826 2157 bekannten
1857 2102 2003 2162 Staaten
2034 2103 2088 2163 von
2124 2103 2209 2163 ihrem
2255 2105 2295 2165 1e

1340 2148 1469 2208 sprunge
1497 2145 1530 2205 an
1558 2144 1606 2204 bis
1628 2142 1688 2202 auf
1705 2145 1748 2205 die
1770 2145 1878 2205 neuern
1906 2147 2042 2207 Zeiten,
2064 2153 2145 2213 1ster
2173 2153 2222 2213 bis
2249 2151 2314 2211 3ter

1346 2193 1452 2253 Theil,
1470 2192 1520 2252 von
1549 2188 1746 2248 Engelland,
1763 2193 1802 2253 8,
1825 2193 1961 2253 Heilbr.
1978 2194 2198 2254 761,62,63,
2221 2199 2254 2259 13
2278 2199 2311 2259 fl.

1339 2243 1375 2303 15
1402 2243 1454 2303 gr.
1503 2235 1587 2295 Eben
1614 2234 1767 2294 derselben
1799 2236 1863 2296 5ter
1890 2237 2006 2297 Theil,
2033 2240 2159 2300 welcher
2181 2243 2228 2303 den
2255 2243 2318 2303 An=

1338 2289 1409 2349 fang
1438 2288 1487 2348 der
1509 2283 1686 2343 Geschichte
1709 2285 1758 2345 von
1786 2285 1968 2345 Frankreich
1996 2288 2134 2348 enthält,
2140 2291 2172 2351 8,
2184 2291 2311 2351 Heilbr.

1338 2339 1419 2399 762,
1447 2339 1458 2399 4
1496 2335 1534 2395 fl.
1562 2331 1594 2391 15
1627 2330 1675 2390 gr.

1352 2397 1672 2457 Wechsel-Cours
1702 2396 1720 2456 &
1770 2401 1924 2461 Species
1945 2399 1983 2459 d.
2003 2399 2061 2459 10.
2081 2402 2167 2462 Mai
2188 2402 2313 2462 1764.

1875 2440 1919 2500 71
1939 2446 2021 2506 Tage

1337 2449 1517 2509 Amsterdam
1552 2446 1592 2506 41
1610 2443 1691 2503 Tage

1886 2491 1903 2551 6
1935 2495 1994 2555 W.

1338 2497 1507 2557 Hamburg
1538 2493 1622 2553 3W.

1337 2545 1439 2605 Berlin

1794 2542 1941 2602 Dantzis

1337 2593 1475 2653 Ducaten
1504 2587 1581 2647 neue
1604 2587 1637 2647 12
1654 2590 1687 2650 fl.

1863 2593 1994 2653 Alberts
2019 2591 2114 2651 Taler
2139 2595 2197 2655 176
2217 2596 2269 2656 gr.

1337 2640 1445 2700 Rubel
1463 2638 1474 2698 4
1492 2635 1525 2695 fl.
1537 2632 1572 2692 26
1590 2632 1646 2692 gr.

1813 2638 1858 2698 Alt
1877 2640 2010 2700 Polnisch
2034 2638 2104 2698 Geld
2128 2641 2162 2701 45
2180 2643 2226 2703 pr.
2245 2641 2313 2701 Cto.

1342 2686 1393 2746 Alt
1412 2681 1562 2741 Märcksch
1586 2679 1661 2739 Geld

1829 2688 2065 2748 Graumansch.
2078 2686 2145 2746 Fusz
2164 2688 2193 2748 10
2212 2685 2267 2745 pr.
2279 2685 2309 2745 C.

1338 2747 1433 2807 Diese
1450 2736 1585 2796 Gelehrte
1602 2741 1656 2801 und
1681 2745 1832 2805 Polirische
1857 2742 1976 2802 Zeitung
2000 2745 2063 2805 wird
2088 2743 2135 2803 des
2160 2742 2303 2802 Montag=

1426 2784 1481 2844 und
1513 2779 1656 2839 Freytags
1677 2784 1697 2844 in
1724 2784 1769 2844 dem
1811 2783 2000 2843 Kanterschen
2032 2785 2206 2845 Buchladen

1718 2826 1929 2886 ausgegeben.
