2479 3508
236 377 307 437 Die
332 374 537 434 Obrigkeiten
575 369 785 429 verschiedner
816 372 1088 432 schottländischen
1131 370 1239 430 Städ¬

233 428 262 488 te
287 426 385 486 haben
416 422 479 482 eine
504 416 720 476 Verordnung
751 419 878 479 ergehen
908 420 1016 480 lassen,
1056 419 1144 479 durch
1174 419 1247 479 wel¬

237 476 286 536 che
312 473 367 533 alle
388 467 604 527 Quacksalber
630 466 690 526 und
716 467 972 527 Marktschreyer
998 467 1149 527 gewarnt
1164 466 1244 526 wer¬

241 524 316 584 den,
349 518 403 578 sich
437 516 484 576 bey
524 514 647 574 Strafe
676 515 724 575 des
757 518 849 578 Esels
882 520 968 580 nicht
996 518 1022 578 in
1055 518 1142 578 ihren
1175 515 1250 575 Ge¬

241 569 501 629 richtsbarkeiten
534 566 637 626 blicken
670 566 696 626 zu
724 567 837 627 lassen.

494 616 708 676 Mantua,
735 616 789 676 den
821 614 858 674 5.
891 615 997 675 May.

287 664 515 724 Verwichenen
547 665 759 725 Sonnabend
781 661 850 721 traf
877 661 924 721 der
951 664 1110 724 Russische
1132 664 1242 724 Groß¬

242 718 365 778 kanzler
397 715 494 775 Graf
521 713 572 773 von
609 712 794 772 Woronzow
841 712 897 772 mit
929 712 1026 772 seiner
1053 712 1227 772 Gemahlin

242 768 307 828 und
333 766 469 826 Tochter
489 765 605 825 allhier
626 763 686 823 an,
712 763 772 823 und
803 760 908 820 setzte,
939 760 1075 820 nachdem
1121 760 1146 820 er
1177 760 1232 820 von

242 815 298 875 den
330 813 505 873 Ministern
531 813 593 873 und
619 810 665 870 dem
712 810 789 870 Adel
810 810 996 870 empfangen
1022 810 1171 870 worden,
1193 806 1244 866 sei¬

246 864 282 924 ne
308 864 400 924 Reise
427 861 498 921 über
525 858 612 918 Wien
644 858 710 918 nach
742 858 788 918 dem
830 859 1010 919 Carlsbade
1036 858 1062 918 in
1083 855 1232 915 Böhmen

243 912 349 972 weiter
371 912 455 972 fort,
482 909 519 969 um
562 906 614 966 sich
642 909 689 969 des
721 908 864 968 dortigen
891 907 1034 967 Wassers
1072 907 1103 967 zu
1136 906 1236 966 seiner

246 963 454 1023 Gesundheit
476 959 507 1019 zu
535 957 710 1017 bedienen.

322 1007 387 1067 Von
421 1007 469 1067 der
492 1001 711 1061 Pohlnischen
739 1001 903 1061 Gränze,
925 1001 979 1061 vom
1019 1001 1062 1061 6.
1079 999 1177 1059 Jun.

294 1051 368 1111 Der
394 1055 479 1115 Herr
500 1049 590 1109 Graf
615 1052 665 1112 von
696 1049 936 1109 Poniatowski
957 1046 997 1106 ist
1023 1046 1092 1106 noch
1123 1047 1238 1107 immer

241 1103 404 1163 derjenige
433 1099 714 1159 Kroncandidat,
748 1094 878 1154 welchem
926 1094 996 1154 man
1034 1094 1080 1154 die
1114 1094 1235 1154 meisten

248 1152 424 1212 Stimmen
450 1148 550 1208 giebt.
612 1145 687 1205 Von
718 1142 808 1202 dessen
839 1142 960 1202 Person
991 1142 1066 1202 kann
1098 1141 1162 1201 man
1193 1139 1253 1199 fol¬

248 1201 348 1261 gende
370 1197 544 1257 Nachricht
566 1193 676 1253 geben.
740 1190 951 1250 Stanislaus
979 1190 1068 1250 Graf
1095 1189 1148 1249 von
1175 1187 1248 1247 Po¬

245 1249 446 1309 niatowski,
481 1246 535 1306 des
565 1243 736 1303 schwarzen
776 1239 835 1299 und
865 1240 982 1300 weißen
1022 1234 1238 1294 Adlerordens

243 1300 373 1360 Ritter,
400 1297 552 1357 Senator
580 1292 628 1352 des
656 1291 868 1351 Königreichs
890 1288 1020 1348 Pohlen
1048 1287 1107 1347 und
1129 1285 1248 1345 Truch¬

247 1350 286 1410 ses
317 1350 367 1410 von
398 1348 574 1408 Lithauen,
590 1345 721 1405 stammt
747 1342 807 1402 aus
838 1342 924 1402 einem
970 1342 1050 1402 alten
1086 1338 1237 1398 adelichen

236 1399 437 1459 pohlnischen
470 1395 671 1455 Geschlechte
699 1393 781 1453 her,
814 1390 950 1450 welches
983 1390 1031 1450 sich
1065 1390 1146 1450 schon
1184 1387 1238 1447 vor

242 1446 305 1506 600
343 1448 474 1508 Jahren
507 1443 532 1503 in
570 1443 749 1503 blühendem
798 1440 956 1500 Zustande
983 1437 1136 1497 befunden
1173 1437 1247 1497 hat.

242 1495 332 1555 Sein
368 1494 473 1554 Vater
504 1491 716 1551 Stanislaus
752 1488 843 1548 Graf
874 1486 1141 1546 Poniatowski,
1172 1485 1247 1545 wel-

242 1545 306 1605 cher
332 1543 418 1603 1762
459 1542 503 1602 als
529 1539 685 1599 Castellan
721 1536 776 1596 von
807 1539 928 1599 Cracau
963 1536 1150 1596 gestorben,
1175 1536 1235 1596 und

241 1592 291 1652 von
322 1592 372 1652 dem
413 1590 540 1650 Könige
560 1590 641 1650 Carl
657 1587 707 1647 den
733 1587 839 1647 XIIten
870 1584 895 1644 in
921 1585 1098 1645 Schweden
1124 1584 1149 1644 in
1180 1584 1230 1644 den

240 1640 432 1700 geheimsten
457 1635 833 1695 Staatsverwaltungen
863 1633 1035 1693 gebraucht
1055 1631 1179 1691 worden
1199 1631 1252 1691 ist,

247 1688 306 1748 hat
327 1685 371 1745 ihn
402 1685 462 1745 mit
477 1682 667 1742 Constantie
688 1679 758 1739 geb.
779 1677 959 1737 Prinzessin
985 1676 1039 1736 von
1065 1676 1245 1736 Chatorys¬

247 1733 276 1793 ki
301 1730 458 1790 gezeugt,
488 1728 551 1788 und
581 1727 629 1787 ihn
669 1721 835 1781 besonders
870 1721 963 1781 wohl
983 1719 1135 1779 erzogen.
1194 1717 1238 1777 Er

247 1778 303 1838 hat
319 1778 371 1838 den
397 1769 657 1829 Wissenschaften
688 1767 791 1827 fleißig
818 1766 1014 1826 obgelegen,
1041 1766 1082 1826 ist
1114 1764 1155 1824 ein
1192 1762 1248 1822 gu¬

244 1825 286 1885 ter
318 1822 478 1882 Redner,
510 1819 569 1879 hat
596 1817 681 1877 viele
703 1817 814 1877 Reisen
858 1817 1002 1877 gethan,
1034 1814 1097 1874 und
1131 1811 1247 1871 besitzet

253 1873 335 1933 einen
381 1870 497 1930 großen
537 1869 697 1929 Verstand
743 1867 803 1927 und
848 1867 931 1927 viele
971 1867 1249 1927 Herzhaftigkeit.

253 1920 334 1980 Sein
368 1922 476 1982 älterer
504 1921 633 1981 Bruder
656 1921 791 1981 Casimir
814 1918 845 1978 ist
868 1918 1248 1978 Krongroßcämmerer,

254 1975 312 2035 und
344 1972 423 2032 seine
445 1972 539 2032 zwote
561 1970 746 2030 Schwester
768 1972 805 2032 ist
827 1969 884 2029 mit
906 1969 953 2029 dem
986 1969 1239 2029 Kronfeldherrn

249 2023 371 2083 Grafen
405 2023 566 2083 Branicki
589 2021 773 2081 vermahlt.
834 2020 884 2080 Im
923 2020 1012 2080 Jahr
1041 2017 1129 2077 1757
1158 2017 1240 2077 ward

246 2076 277 2136 er
304 2075 346 2135 als
378 2073 557 2133 Gesandter
579 2070 610 2130 an
643 2070 689 2130 den
722 2067 896 2127 Russischen
928 2067 996 2127 Hof
1013 2064 1181 2124 gesendet,
1203 2064 1234 2124 da

246 2124 275 2184 er
301 2124 374 2184 denn
404 2121 453 2181 bey
483 2121 532 2181 der
562 2119 812 2179 aufgetragenen
838 2115 1108 2175 Unterhandlung
1143 2115 1241 2175 große

252 2172 518 2232 Geschicklichkeit
540 2168 708 2228 bewiesen,
735 2168 794 2228 und
817 2166 870 2226 den
898 2166 1039 2226 Beyfall
1056 2166 1109 2226 des
1132 2163 1240 2223 Hofes

248 2219 296 2279 sich
324 2217 481 2277 erworben
514 2217 584 2277 hat.
634 2214 676 2274 Er
704 2216 741 2276 ist
759 2214 976 2274 gegenwärtig
1009 2214 1111 2274 einige
1134 2214 1242 2274 Jahre

256 2267 336 2327 über
358 2264 395 2324 30
427 2263 485 2323 alt.

477 2303 732 2363 Warschau,
767 2305 822 2365 vom
867 2312 905 2372 4.
934 2312 1028 2372 Jun.

301 2359 348 2419 Am
386 2354 720 2414 Himmelfahrtstage
741 2351 799 2411 war
821 2357 900 2417 keine
916 2359 1250 2419 Reichstagssitzung.

255 2411 299 2471 Am
344 2405 505 2465 Freytage
540 2399 595 2459 hat
623 2399 690 2459 noch
724 2399 773 2459 die
802 2408 1013 2468 Einrichtung
1047 2408 1159 2468 wegen
1198 2405 1253 2465 der

255 2461 415 2521 künftigen
449 2449 659 2509 Verwaltung
688 2448 737 2508 des
760 2453 981 2513 Kronschatzes
1009 2455 1053 2515 die
1076 2455 1253 2515 versamm¬

253 2509 328 2569 leten
374 2503 611 2563 Reichsstände
640 2497 860 2557 beschäftiget,
896 2503 930 2563 da
971 2505 1022 2565 der
1052 2506 1247 2566 Lithauische

248 2560 336 2620 durch
362 2557 489 2617 gewisse
515 2549 699 2609 Verträge,
725 2545 814 2605 deren
840 2551 973 2611 Termin
999 2554 1068 2614 noch
1095 2552 1177 2612 nicht
1196 2551 1253 2611 ab¬

257 2606 429 2666 gelaufen,
456 2605 509 2665 vor
532 2601 650 2661 jetzigen
683 2594 795 2654 andern
828 2602 1070 2662 Einrichtungen
1103 2601 1248 2661 gesichert

247 2655 309 2715 ist,
333 2652 395 2712 und
419 2652 487 2712 man
516 2651 573 2711 hat
596 2647 711 2707 endlich
745 2642 956 2702 beschlossen,
981 2649 1037 2709 daß
1072 2649 1123 2709 der
1147 2649 1254 2709 Kron=

253 2700 470 2760 schatzmeister
492 2697 670 2757 künftighin
704 2694 748 2754 ein
776 2694 1015 2754 ausgemachtes
1038 2698 1166 2758 Gehalt
1189 2697 1238 2757 von

246 2750 382 2810 120000
419 2748 540 2808 pohln.
561 2745 693 2805 Gulden
729 2742 861 2802 haben,
893 2745 1034 2805 dagegen
1071 2748 1243 2808 ordentlich

255 2802 332 2862 über
355 2800 415 2860 alle
438 2796 493 2856 und
521 2795 581 2855 jede
610 2794 787 2854 Einkünfte
804 2790 886 2850 ganz
904 2793 1003 2853 genau
1031 2794 1080 2854 vor
1103 2796 1241 2856 gewissen

249 2849 308 2909 aus
330 2849 384 2909 dem
424 2846 543 2906 Senat
560 2844 619 2904 und
658 2844 707 2904 der
729 2841 942 2901 Ritterschaft
970 2841 1106 2901 gesetzten
1139 2844 1253 2904 Depu¬

253 2897 346 2957 tirten
374 2898 484 2958 immer
507 2894 678 2954 Rechnung
706 2891 827 2951 ablegen
855 2891 927 2951 soll.
950 2891 1032 2951 Was
1055 2894 1098 2954 die
1116 2894 1253 2954 Königl.

1282 372 1472 432 Tafelgüter
1490 374 1692 434 anbelangt,
1716 374 1745 434 so
1770 375 1853 435 sollen
1895 374 2008 434 selbige
2038 374 2103 434 auch
2139 375 2198 435 von
2228 377 2281 437 ge¬

1280 419 1380 479 wissen
1414 422 1599 482 dergleichen
1629 425 1819 485 Deputirten
1858 422 2082 482 untersuchet,
2116 425 2177 485 und
2211 425 2268 485 von

1276 467 1365 527 ihren
1408 470 1603 530 Einkünften
1641 473 1767 533 sowohl
1800 475 1847 535 als
1885 473 1953 533 auch
1985 472 2016 532 ob
2049 473 2186 533 wirklich
2218 474 2275 534 alle

1278 518 1500 578 Protestanten
1532 515 1604 575 (von
1636 520 1723 580 denen
1755 524 1822 584 auch
1854 524 1921 584 noch
1958 521 2035 581 viele
2056 521 2185 581 Adliche
2212 521 2284 581 vor¬

1276 569 1425 629 handen)
1446 568 1502 628 wie
1524 566 1590 626 auch
1623 572 1777 632 wiederum
1819 575 1875 635 alle
1902 574 2010 634 Juden
2047 571 2103 631 und
2130 569 2279 629 Bürger¬

1275 615 1373 675 liche,
1400 617 1456 677 von
1498 617 1549 677 den
1586 621 1928 681 Schatzbedienungen
1970 621 2032 681 und
2058 619 2270 679 Verwaltung

1282 664 1330 724 der
1357 667 1503 727 Königl.
1520 667 1709 727 Tafelgüter
1731 670 1936 730 abgeschaffet
1959 670 2104 730 worden,
2133 668 2192 728 auf
2208 667 2256 727 dem

1281 715 1439 775 künftigen
1466 718 1824 778 Krönungsreichstage
1840 718 1976 778 Bericht
1993 718 2182 778 abgestattet
2198 715 2277 775 wer¬

1276 762 1355 822 den.
1429 763 1519 823 Man
1551 766 1800 826 berathschlagte
1832 768 1879 828 sich
1912 769 2033 829 darauf
2060 766 2160 826 wegen
2198 766 2282 826 Fest¬

1280 810 1392 870 setzung
1424 810 1507 870 eines
1533 813 1672 873 gewissen
1704 815 1853 875 Collegii
1874 813 2117 873 Oeconomici,
2143 816 2272 876 welches

1274 858 1320 918 die
1346 861 1575 921 Vermehrung
1606 861 1652 921 der
1669 863 1960 923 Reichseinkünfte
1981 864 2032 924 zum
2069 864 2272 924 Augenmerk

1281 906 1376 966 haben
1406 907 1466 967 und
1492 908 1582 968 solche
1608 911 1768 971 einrichten
1800 912 1905 972 sollte;
1941 912 2056 972 weiter
2092 912 2166 972 über
2197 909 2277 969 Ein¬

1278 957 1417 1017 führung
1454 957 1582 1017 gleicher
1615 959 1769 1019 Maaße,
1806 958 1893 1018 Ellen
1935 960 1992 1020 und
2029 960 2194 1020 Gewichts
2231 960 2261 1020 im

1279 1001 1397 1061 ganzen
1423 1004 1547 1064 Reich;
1573 1004 1651 1064 über
1677 1004 1723 1064 die
1739 1004 2049 1064 Bewerkstelligung
2076 1010 2122 1070 der
2148 1008 2272 1068 wahren

1283 1049 1430 1109 Abgaben
1469 1049 1523 1109 von
1557 1050 1611 1110 dem
1655 1050 1772 1110 vierten
1808 1049 1905 1109 Theil
1930 1051 1979 1111 der
2009 1056 2140 1116 Güter,
2165 1058 2273 1118 welche

1279 1094 1336 1154 von
1379 1095 1431 1155 dem
1475 1097 1603 1157 Könige
1633 1097 1680 1157 als
1704 1097 1947 1157 Belohnungen
1981 1101 2177 1161 verschenket
2201 1103 2277 1163 wer¬

1285 1142 1334 1202 den
1364 1142 1505 1202 müssen;
1530 1145 1608 1205 über
1628 1145 1820 1205 Aufhebung
1850 1147 1898 1207 der
1913 1145 2089 1205 Quartiere
2109 1147 2143 1207 ex
2163 1149 2266 1209 officio

1283 1190 1307 1250 in
1337 1190 1385 1250 den
1415 1192 1581 1252 Städten,
1611 1192 1655 1252 wo
1680 1193 1817 1253 Reichs=
1832 1196 1905 1256 oder
1926 1193 2087 1253 Landtäge
2112 1193 2180 1253 oder
2205 1194 2278 1254 Tri¬

1285 1240 1396 1300 bunäle
1427 1240 1497 1300 oder
1528 1240 1680 1300 Gerichte
1706 1243 1848 1303 gehalten
1884 1240 2030 1300 werden.
2082 1243 2208 1303 Damit
2234 1244 2284 1304 be¬

1283 1291 1443 1351 schäftigte
1464 1291 1531 1351 man
1563 1291 1609 1351 sich
1636 1291 1702 1351 noch
1729 1291 1759 1351 am
1802 1291 2061 1351 Sonnabende,
2088 1291 2170 1351 wozu
2202 1294 2274 1354 noch

1286 1342 1378 1402 kam,
1410 1342 1466 1402 daß
1497 1340 1569 1400 man
1605 1342 1662 1402 von
1699 1342 1750 1402 der
1771 1342 1982 1402 Einrichtung
2019 1344 2070 1404 der
2096 1342 2276 1402 Tribunäle

1281 1393 1413 1453 redete,
1434 1393 1492 1453 daß
1519 1393 1640 1453 sowohl
1662 1393 1767 1453 Groß=
1788 1393 1835 1453 als
1857 1393 2094 1453 Kleinpohlen,
2111 1393 2195 1453 jedes
2222 1393 2258 1453 um

1281 1440 1326 1500 der
1346 1440 1624 1500 Bequemlichkeit
1645 1443 1695 1503 der
1716 1443 1771 1503 zum
1807 1440 1938 1500 Gericht
1959 1445 2115 1505 reisenden
2136 1443 2166 1503 an
2192 1443 2272 1503 zwey

1284 1491 1381 1551 Orten
1408 1491 1464 1551 sein
1495 1491 1660 1551 Tribunal
1681 1491 1778 1551 haben
1805 1493 1938 1553 möchte.
1996 1493 2083 1553 Man
2114 1493 2176 1553 fing
2202 1494 2274 1554 auch

1284 1540 1347 1600 an,
1373 1539 1470 1599 wider
1500 1539 1548 1599 die
1574 1540 1686 1600 Stadt
1711 1542 1843 1602 Danzig
1878 1540 1907 1600 zu
1942 1542 2059 1602 reden,
2084 1542 2191 1602 wegen
2226 1542 2275 1602 der

1279 1587 1633 1647 Verdrüßlichkeiten,
1665 1590 1712 1650 die
1739 1590 1856 1650 selbige
1883 1590 1940 1650 seit
1968 1590 2089 1650 einiger
2116 1590 2189 1650 Zeit
2216 1590 2279 1650 mit

1283 1634 1400 1694 einigen
1431 1634 1627 1694 pohlnischen
1657 1634 1834 1694 Edelleuten
1865 1637 1938 1697 hat.
1987 1631 2032 1691 Es
2062 1636 2110 1696 kam
2151 1637 2219 1697 aber
2249 1637 2273 1697 in

1283 1679 1386 1739 keiner
1410 1676 1518 1736 Sache
1546 1679 1609 1739 was
1637 1679 1686 1739 zum
1728 1680 1881 1740 Schluß,
1909 1682 2036 1742 sondern
2068 1682 2095 1742 es
2122 1684 2208 1744 hörte
2231 1682 2276 1742 die

1284 1722 1424 1782 Sitzung
1458 1722 1532 1782 auf,
1560 1723 1621 1783 und
1645 1724 1728 1784 ward
1761 1724 1817 1784 auf
1836 1727 1924 1787 heute
1949 1727 2097 1787 verleget.

1586 1817 1975 1877 AVERTISSEMENT.

1333 1867 1404 1927 Dem
1444 1873 1582 1933 Publico
1610 1870 1688 1930 wird
1711 1873 1843 1933 hiermit
1866 1873 1999 1933 bekannt
2022 1873 2188 1933 gemacht,
2216 1876 2271 1936 daß

1285 1919 1333 1979 die
1360 1921 1457 1981 vierte
1479 1924 1625 1984 Ziehung
1658 1923 1712 1983 der
1734 1924 1875 1984 Königl.
1902 1926 2032 1986 Preuß.
2060 1924 2189 1984 Lotterie
2222 1925 2281 1985 auf

1281 1970 1337 2030 den
1363 1972 1455 2032 12ten
1487 1972 1610 2032 Julius
1642 1972 1672 2032 a.
1693 1972 1718 2032 c.
1745 1975 1956 2035 Vormittags
1993 1975 2028 2035 um
2075 1973 2085 2033 9
2122 1972 2188 2032 Uhr
2220 1972 2276 2032 vor

1287 2022 1336 2082 sich
1364 2021 1457 2081 gehen
1486 2023 1606 2083 werde.

1336 2108 1405 2168 Bey
1438 2109 1492 2169 dem
1536 2109 1692 2169 Verleger
1725 2109 1822 2169 dieser
1849 2109 1984 2169 Zeitung
2017 2110 2054 2170 ist
2082 2109 2113 2169 zu
2147 2110 2281 2170 haben:

1289 2158 1524 2218 Neueröfnetes
1549 2156 1778 2216 Staatsarchiv
1804 2157 1857 2217 zur
1882 2160 2092 2220 Erleuterung
2117 2159 2161 2219 der
2186 2163 2283 2223 neue¬

1283 2210 1336 2270 sten
1370 2205 1667 2265 Staatsgeschichte
1684 2202 1738 2262 von
1771 2205 2004 2265 Deutschland,
2021 2209 2058 2269 8,
2075 2208 2156 2268 763,
2167 2213 2204 2273 18
2227 2215 2275 2275 gr.

1286 2255 1380 2315 Leben
1423 2252 1486 2312 und
1524 2249 1571 2309 die
1608 2252 1824 2312 Meynungen
1867 2252 1919 2312 des
1957 2255 2062 2315 Herrn
2110 2257 2257 2317 Tristran

1287 2306 1456 2366 Shandy,
1485 2299 1542 2359 aus
1565 2297 1615 2357 dem
1650 2300 1751 2360 Engl.
1774 2300 1808 2360 1.
1831 2300 1898 2360 2ter
1922 2300 1989 2360 Th.
2007 2300 2040 2360 8,
2064 2300 2165 2360 Berl.
2194 2306 2278 2366 763,

1281 2354 1296 2414 1
1329 2354 1365 2414 fl.
1425 2349 1637 2409 Ortmanns,
1653 2346 1695 2406 A.
1728 2348 1780 2408 D.
1807 2348 1950 2408 Predigt
1977 2348 2009 2408 am
2057 2348 2200 2408 Festtage
2222 2352 2269 2412 des

1288 2402 1497 2462 allgemeinen
1532 2397 1708 2457 Friedens,
1725 2402 1764 2462 8,
1788 2401 1884 2461 Züll.
1902 2401 1992 2461 763,
2021 2399 2037 2459 1
2066 2399 2179 2459 Achth.

1299 2491 1617 2551 Wechsel-Cours
1639 2487 1652 2547 &
1710 2491 1858 2551 Species
1887 2488 1921 2548 d.
1936 2491 2006 2551 14.
2028 2494 2127 2554 Jun.
2149 2498 2268 2558 1764.

1870 2538 1912 2598 71
1930 2542 2019 2602 Tage

1287 2545 1466 2605 Amsterdam
1504 2544 1542 2604 41
1565 2539 1646 2599 Tage
1668 2545 1733 2605 295
1755 2545 1809 2605 gr.

1861 2587 1962 2647 6W.

1288 2593 1457 2653 Hamburg
1493 2590 1575 2650 3W.
1594 2590 1651 2650 130
1682 2589 1733 2649 gr.

1748 2639 1899 2699 Dantzig

1284 2643 1389 2703 Berlin

1838 2700 1966 2760 Alberts
1982 2700 2078 2760 Taler
2095 2703 2153 2763 129
2175 2703 2228 2763 gr.

1289 2703 1427 2763 Ducaten
1452 2697 1524 2757 neue
1542 2697 1554 2757 9
1578 2698 1608 2758 fl.
1621 2704 1656 2764 72
1681 2703 1734 2763 gr.

1741 2745 1793 2805 Alt
1809 2748 1951 2808 Polnisch
1978 2748 2052 2808 Geld
2073 2751 2105 2811 16
2137 2748 2189 2808 pr.
2200 2748 2273 2808 Cto.

1285 2750 1396 2810 Rubel
1417 2748 1481 2808 113
1508 2748 1560 2808 gr.

1290 2816 1388 2876 Diese
1396 2808 1533 2868 Gelehrte
1557 2811 1609 2871 und
1633 2811 1792 2871 Poltische
1808 2814 1929 2874 Zeitung
1953 2812 2021 2872 wird
2052 2811 2097 2871 des
2121 2811 2265 2871 Montags

1385 2855 1445 2915 und
1475 2855 1616 2915 Freytags
1637 2854 1662 2914 in
1687 2854 1732 2914 dem
1768 2854 1960 2914 Kanterschen
1991 2853 2162 2913 Buchladen

1673 2894 1886 2954 ausgegeben.
