2479 3508
234 355 321 415 Sie,
337 354 403 414 nach
435 352 481 412 dem
522 351 610 411 guten
636 348 806 408 Beyspiele
832 351 878 411 des
905 348 1048 408 Mercure
1075 345 1105 405 de
1126 346 1224 406 Fran-

232 401 292 461 ce,
320 403 374 463 von
403 398 474 458 Zeit
491 401 518 461 zu
546 395 618 455 Zeit
646 392 751 452 Jhren
784 395 889 455 Lesern
918 396 1055 456 Räthsel
1078 395 1226 455 aufzura=

230 449 299 509 then
337 447 464 507 gäben;
491 442 576 502 diese
593 440 725 500 Uebung
758 443 821 503 und
848 446 1039 506 Schärfung
1072 443 1124 503 des
1152 443 1231 503 Ver¬

238 494 362 554 standes
385 492 422 552 ist
450 490 514 550 sehr
537 487 780 547 lobenswerth,
808 494 867 554 und
901 493 954 553 hat
982 491 1030 551 den
1064 491 1237 551 Vortheil,

237 542 287 602 daß
313 542 404 602 man,
430 539 563 599 nachdem
599 536 716 596 bereits
743 538 798 598 das
824 539 910 599 Buch
941 539 1013 599 oder
1034 539 1135 599 Blatt
1151 539 1232 599 weg¬

246 592 341 652 gelegt
362 583 483 643 worden
514 586 574 646 ist,
600 586 665 646 noch
696 586 811 646 immer
837 589 933 649 etwas
959 589 1064 649 kluges
1100 589 1125 649 zu
1161 588 1236 648 den¬

249 637 292 697 ken
326 637 413 697 übrig
441 632 567 692 behält.

300 682 381 742 Eine
403 682 500 742 andre
523 682 782 742 Verschönerung
810 683 918 743 Ihres
940 682 1097 742 gelehrten
1119 680 1232 740 Blatts

242 733 368 793 würden
398 731 441 791 die
466 729 714 789 Bilderreime,
738 730 981 790 Anagrammen
1021 730 1083 790 und
1113 730 1248 790 derglei¬

249 782 317 842 chen
344 781 561 841 scharfsinnige
588 777 805 837 Erfindungen
837 778 969 838 abgeben
1001 778 1139 838 können.
1176 777 1234 837 Ich

248 828 439 888 wenigstens
470 825 536 885 muß
567 824 738 884 gestehen,
764 825 814 885 daß
840 825 875 885 ich
911 825 1006 885 davon
1042 825 1087 885 ein
1123 825 1239 885 großer

249 874 424 934 Liebhaber
446 870 523 930 bin;
560 873 622 933 nur
643 873 752 933 kränkt
773 870 804 930 es
830 873 928 933 mich,
955 875 1007 935 daß
1033 873 1074 933 ich
1111 873 1157 933 die
1183 871 1245 931 An¬

1112 918 1242 978 Zuwei¬

256 927 327 987 zahl
339 921 444 981 Ihrer
468 920 628 980 Verehrer
646 921 757 981 täglich
785 921 958 981 abnehmen
986 918 1069 978 sehe.

256 972 297 1032 len
328 969 410 1029 finde
426 966 467 1026 ich
494 966 581 1026 wohl
597 966 669 1026 noch
695 968 715 1028 in
742 966 845 1026 unserm
887 966 1238 1026 unparteyischen

258 1016 652 1076 Correspondenten
689 1013 792 1073 einige
819 1013 948 1073 Proben
974 1013 1067 1073 dieser
1094 1013 1249 1073 Geschick¬

258 1064 401 1124 lichkeit;
428 1061 496 1121 doch
524 1058 576 1118 das
603 1058 667 1118 sind

396 1120 463 1180 rari
487 1117 598 1177 nantes
627 1115 656 1175 in
691 1118 820 1178 gurgite
855 1118 955 1178 vasto.

306 1178 373 1238 Ich
410 1180 478 1240 muß
522 1178 590 1238 auch
628 1177 806 1237 vorzüglich
844 1178 893 1238 den
931 1175 1165 1235 Dresdner
1197 1174 1252 1234 ge¬

261 1231 422 1291 lehrten
455 1226 671 1286 Anzeiger
704 1225 871 1285 ruhmen,
904 1222 952 1282 der
991 1222 1039 1282 die
1067 1222 1136 1282 Lust
1164 1222 1239 1282 dazu

262 1277 328 1337 stets
362 1278 422 1338 mit
450 1278 544 1338 neuer
578 1273 743 1333 Nahrung
777 1273 910 1333 erhält,
944 1273 1004 1333 und
1032 1270 1126 1330 dessen
1165 1270 1248 1330 Ver¬

259 1327 347 1387 fasser
376 1327 409 1387 es
443 1327 487 1387 sich
526 1325 582 1385 zur
610 1324 922 1384 angelegentlichsten
956 1323 1078 1383 Pflicht
1106 1321 1251 1381 machen,

258 1375 342 1435 ganz
369 1375 585 1435 Deutschland
622 1372 685 1432 mit
712 1375 955 1435 Chronostichen
993 1372 1024 1432 zu
1061 1372 1246 1432 versorgen.

263 1419 345 1479 Aber
371 1422 463 1482 außer
489 1422 582 1482 diesen
613 1419 705 1479 findet
726 1421 772 1481 die
794 1421 901 1481 Kunst
927 1420 1066 1480 wenigen
1098 1416 1246 1476 Beyfall.

264 1467 320 1527 Ein
351 1470 516 1530 deutliches
547 1470 743 1530 Merkmal,
774 1469 830 1529 daß
862 1467 908 1527 die
939 1467 1109 1527 Barbarey
1140 1466 1186 1526 sich
1218 1467 1243 1527 je

255 1517 343 1577 mehr
364 1518 426 1578 und
448 1518 536 1578 mehr
562 1518 697 1578 nähert,
724 1515 781 1575 wie
803 1515 880 1575 schon
912 1515 1104 1575 verschiedne
1136 1515 1245 1575 unsrer

255 1563 364 1623 weisen
397 1565 577 1625 Männer,
604 1566 692 1626 nicht
719 1566 800 1626 ohne
834 1566 975 1626 fromme
1003 1564 1177 1624 Seufzer,
1200 1561 1254 1621 be¬

266 1613 397 1673 fürchtet
420 1610 547 1670 haben!

311 1660 374 1720 Ich
401 1655 479 1715 habe
501 1655 611 1715 selbst,
633 1655 743 1715 Ihrer
770 1655 901 1715 Zeitung
934 1657 965 1717 zu
997 1652 1134 1712 Ehren,
1155 1652 1239 1712 einen

266 1700 395 1760 Versuch
430 1700 453 1760 im
502 1698 636 1758 Denken
670 1697 857 1757 angestellt,
891 1697 953 1757 und
983 1695 1040 1755 das
1074 1694 1189 1754 Jahr,
1213 1695 1242 1755 in

266 1745 316 1805 dem
357 1745 392 1805 sie
413 1744 616 1804 angegangen
647 1742 703 1802 ist,
729 1742 815 1802 nicht
836 1742 1024 1802 unschicklich
1050 1739 1075 1799 in
1111 1739 1258 1799 folgende

267 1790 387 1850 Worte
408 1790 581 1850 gebracht:

368 1846 545 1906 PaLLaDIs
577 1845 607 1905 et
632 1846 810 1906 MerCVrII
835 1849 945 1909 Laetae
971 1846 1136 1906 nVptlae!

268 1909 339 1969 Sie
362 1909 489 1969 könnten
518 1912 661 1972 daraus,
689 1909 772 1969 wenn
806 1909 871 1969 Sie
889 1912 1043 1972 wollten,
1077 1912 1126 1972 den
1155 1908 1254 1968 Stoff

267 1962 297 2022 zu
324 1960 406 2020 einer
432 1960 525 2020 neuen
552 1960 706 2020 Vignette
727 1960 887 2020 nehmen,
919 1962 975 2022 und
1012 1960 1249 2020 unmaßgeblich

258 2008 308 2068 das
334 2008 593 2068 Frauenzimmer
619 2008 731 2068 rechter
747 2008 838 2068 Hand
865 2008 956 2068 neben
987 2008 1032 2068 dem
1073 2008 1241 2068 schwarzen

262 2055 376 2115 Adler,
402 2055 454 2115 den
480 2052 693 2112 Götterboten
725 2054 792 2114 aber
819 2055 870 2115 zur
891 2055 990 2115 linken
1016 2055 1115 2115 stehen
1141 2055 1255 2115 laßen,

260 2104 400 2164 wodurch
427 2103 525 2163 denn,
547 2100 603 2160 wie
625 2103 661 2163 ich
692 2103 776 2163 nicht
792 2101 926 2161 zweifle,
943 2105 1042 2165 Ihrem
1079 2103 1166 2163 Titel
1188 2103 1250 2163 eine

267 2153 344 2213 neue
360 2151 468 2211 Zierde
484 2150 654 2210 zuwachsen
680 2148 799 2208 wuͤrde.
825 2149 913 2209 Oder
934 2151 1027 2211 besser
1048 2151 1151 2211 thäͤten
1177 2151 1254 2211 Sie,

266 2199 354 2259 wenn
384 2196 447 2256 Sie
472 2198 521 2258 den
551 2199 643 2259 Adler
673 2194 727 2254 gar
757 2196 957 2256 wegließen;
987 2199 1065 2259 denn
1100 2198 1168 2258 eben
1203 2199 1251 2259 itzt

269 2243 390 2303 besinne
417 2240 459 2300 ich
487 2240 586 2300 mich,
613 2240 666 2300 daß
693 2240 809 2300 Pallas
841 2241 910 2301 eine
931 2246 1010 2306 Eule
1037 2246 1090 2306 bey
1122 2244 1169 2304 sich
1201 2246 1259 2306 ha¬

268 2288 322 2348 ben
352 2288 449 2348 muß;
475 2287 538 2347 nun
563 2285 671 2345 würde
696 2285 750 2345 das
775 2288 848 2348 aber
869 2291 947 2351 nicht
967 2294 1080 2354 laßen,
1100 2294 1183 2354 wenn
1203 2294 1251 2354 der

268 2336 522 2396 Lichtscheuende
555 2330 617 2390 und
645 2333 877 2393 Lichtsuchende
905 2342 1015 2402 Vogel
1037 2342 1190 2402 einander
1223 2340 1248 2400 in

274 2385 483 2445 Gesellschaft
501 2378 666 2438 anträfen.

316 2435 496 2495 Nunmehr
514 2426 635 2486 werden
671 2424 735 2484 Sie
758 2431 845 2491 leicht
863 2437 1037 2497 errathen,
1061 2437 1171 2497 warum
1207 2437 1246 2497 ich

272 2485 341 2545 über
365 2485 411 2545 die
435 2481 504 2541 spät
534 2473 726 2533 empfangne
749 2477 923 2537 Nachricht
947 2482 999 2542 von
1035 2485 1086 2545 der
1110 2485 1249 2545 Existenz

272 2527 376 2587 Ihrer
400 2530 532 2590 Zeitung
568 2526 637 2586 mich
673 2521 823 2581 geargert
847 2527 945 2587 habe.
1004 2530 1050 2590 Es
1085 2533 1171 2593 hätte
1195 2533 1247 2593 sich

268 2578 402 2638 nämlich
430 2578 484 2638 von
517 2575 723 2635 rechtswegen
756 2570 918 2630 geschickt,
951 2577 1005 2637 daß
1038 2578 1119 2638 mein
1152 2578 1254 2638 Chro¬

260 2626 414 2686 nostichon
441 2626 557 2686 sammt
579 2624 626 2684 der
648 2619 802 2679 Vignette
819 2620 903 2680 gleich
930 2620 962 2680 an
994 2623 1041 2683 der
1058 2626 1169 2686 Spitze
1196 2627 1243 2687 des

261 2672 351 2732 ersten
380 2672 506 2732 Stuͤcks
529 2670 694 2730 erschienen
723 2667 831 2727 wäre;
860 2666 894 2726 da
923 2667 951 2727 es
974 2668 1043 2728 statt
1072 2676 1162 2736 dessen
1197 2674 1248 2734 itzt

260 2721 286 2781 in
319 2721 366 2781 der
393 2720 493 2780 Mitte
515 2721 578 2781 eine
601 2718 796 2778 ungereimte
813 2715 913 2775 Figur
935 2718 1051 2778 machen
1078 2721 1168 2781 muß,
1185 2723 1243 2783 und

263 2772 328 2832 Sie
353 2772 443 2832 wohl
456 2769 509 2829 gar
534 2770 661 2830 abhält,
674 2769 788 2829 meinen
812 2763 981 2823 Vorschlag
1006 2772 1247 2832 anzunehmen.

347 2873 393 2933 *)
414 2870 461 2930 Z.
475 2867 522 2927 E.
550 2867 610 2927 Kl.
624 2865 651 2925 in
672 2864 766 2924 ridic.
787 2864 909 2924 literar.
937 2865 970 2925 p.
991 2870 1051 2930 77.

1268 345 1372 405 Wenn
1406 347 1473 407 Sie
1495 348 1655 408 indessen,
1684 351 1739 411 wie
1767 351 1805 411 ich
1850 348 1911 408 mir
1945 348 2116 408 vorstelle,
2139 353 2194 413 von
2222 351 2282 411 Er¬

1265 395 1482 455 kenntlichkeit
1504 398 1595 458 gegen
1622 398 1723 458 meine
1750 397 1883 457 redliche
1905 393 2027 453 Absicht
2049 394 2187 454 gerührt
2204 399 2278 459 sind,

1274 443 1294 503 so
1321 443 1421 503 werde
1449 443 1485 503 ich
1512 443 1570 503 von
1597 445 1671 505 Zeit
1687 448 1718 508 zu
1745 448 1814 508 Zeit
1836 441 2042 501 fortfahren,
2079 443 2153 503 mich
2180 445 2269 505 durch

1271 491 1415 551 ähnliche
1439 491 1508 551 gute
1532 491 1746 551 Rathschlage
1770 495 1804 555 um
1845 495 1938 555 Ihre
1956 491 2042 551 Leser
2066 491 2211 551 verdient
2240 496 2269 556 zu

1274 541 1422 601 machen.
1474 538 1536 598 Ich
1560 540 1633 600 bin,

1486 610 1640 670 Meine
1668 613 1866 673 Herren,

1724 692 1803 752 Jhr

1330 721 1534 781 Hamburg,

1272 752 1317 812 den
1342 754 1400 814 6ten
1425 754 1495 814 Jun.
1516 757 1591 817 1764.

1924 797 2102 857 unbekannter
2132 798 2276 858 Verehrer,

1953 838 2095 898 Vincenz
2118 840 2250 900 Urban.

1332 954 1516 1014 Folgendes
1542 957 1583 1017 ist
1609 957 1675 1017 uns
1701 954 1759 1014 von
1794 957 2019 1017 unbekannter
2045 960 2137 1020 Hand
2172 962 2279 1022 einge¬

1281 1004 1375 1064 sandt
1396 1001 1549 1061 worden.

1544 1092 1589 1152 An
1622 1094 1673 1154 den
1706 1094 1815 1154 Herrn
1848 1092 2009 1152 Verfasser

1464 1168 1541 1228 der
1586 1172 1829 1232 gelehrten
1880 1172 2094 1232 Artikel.

1401 1270 1781 1330 Hochgeehrtester
1807 1273 1939 1333 Herr,

1290 1338 1421 1398 Wenn
1447 1344 1477 1404 es
1503 1342 1616 1402 Ihnen
1648 1342 1773 1402 gefällig
1793 1342 1849 1402 ist,
1868 1345 1986 1405 werden
2018 1342 2087 1402 Sie
2107 1345 2156 1405 sich
2182 1345 2263 1405 einen

1285 1393 1510 1453 Unbekannten
1545 1393 1766 1453 ausnehmend
1801 1393 2002 1453 verbinden,
2042 1393 2164 1453 wofern
2199 1390 2267 1450 Sie

1287 1441 1540 1501 gegenwärtigem
1593 1443 1772 1503 Schreiben
1815 1442 1840 1502 in
1873 1443 1983 1503 Ihrer
2010 1443 2141 1503 Zeitung
2179 1441 2263 1501 einen

1295 1488 1382 1548 Platz
1400 1489 1521 1549 gönnen
1549 1488 1676 1548 wollen.
1727 1488 1787 1548 Ich
1815 1488 1892 1548 habe
1920 1489 1970 1549 den
1998 1488 2130 1548 Vorsatz
2153 1489 2274 1549 gefaßt,

1289 1534 1328 1594 ein
1358 1536 1476 1596 kleines
1501 1536 1594 1596 Werk
1625 1538 1915 1598 herauszugeben,
1945 1537 2038 1597 unter
2069 1536 2117 1596 dem
2167 1538 2275 1598 Titel:

1284 1581 1419 1641 ridicula
1442 1581 1582 1641 literaria
1601 1584 1768 1644 moderna,
1787 1584 1814 1644 ad
1846 1581 1959 1641 modum
2000 1584 2163 1644 clarissimi
2181 1581 2271 1641 Cloz¬

1286 1623 1347 1683 zii,
1363 1625 1456 1685 dessen
1482 1625 1605 1685 Jnhalt
1627 1628 1683 1688 und
1704 1628 1962 1688 Beschaffenheit
1978 1625 2039 1685 Sie
2065 1627 2122 1687 nun
2143 1628 2261 1688 sogleich

1291 1668 1445 1728 verstehen
1472 1670 1617 1730 werden;
1645 1670 1703 1730 und
1732 1670 1831 1730 nichts
1854 1670 1926 1730 hält
1945 1670 2013 1730 mich
2041 1673 2104 1733 ab,
2127 1670 2172 1730 die
2195 1672 2272 1732 letzte

1293 1712 1384 1772 Hand
1408 1712 1504 1772 daran
1529 1712 1557 1772 zu
1586 1712 1702 1772 legen,
1726 1715 1774 1775 als
1808 1715 1855 1775 die
1885 1713 2096 1773 Besorgniß,
2126 1715 2173 1775 die
2212 1717 2274 1777 mir

1293 1757 1391 1817 meine
1411 1757 1554 1817 Freunde
1579 1760 1727 1820 erregen,
1762 1761 1790 1821 es
1826 1760 1864 1820 sey
1899 1760 1928 1820 in
1959 1761 2042 1821 einem
2087 1763 2116 1823 zu
2156 1766 2264 1826 bittern

1289 1807 1377 1867 Tone
1405 1808 1544 1868 verfaßt.
1589 1811 1689 1871 Zwar
1712 1811 1789 1871 wird
1812 1811 1845 1871 es
1868 1811 1929 1871 mir
1952 1811 2079 1871 schwer,
2097 1816 2185 1876 ihnen
2214 1817 2268 1877 das

1287 1862 1315 1922 zu
1344 1858 1507 1918 glauben,
1531 1861 1603 1921 denn
1632 1861 1733 1921 meine
1757 1861 1892 1921 Aufsätze
1916 1863 2000 1923 sehen
2029 1863 2147 1923 jenen,
2164 1863 2209 1923 die
2227 1861 2260 1921 ich

1287 1907 1347 1967 mir
1370 1909 1419 1969 zum
1464 1909 1591 1969 Muster
1614 1909 1774 1969 vorstelle,
1791 1912 1813 1972 so
1835 1912 1979 1972 ähnlich,
1996 1911 2040 1971 als
2068 1911 2106 1971 ein
2134 1911 2173 1971 Ey
2201 1909 2250 1969 dem

1286 1957 1426 2017 andern;
1467 1957 1532 2017 blos
1568 1957 1623 2017 das
1654 1958 1789 2018 Witzige
1815 1960 2097 2020 ausgenommen,
2123 1957 2177 2017 das
2208 1957 2268 2017 mir

1285 2005 1422 2065 niemals
1455 2005 1481 2065 so
1513 2007 1592 2067 recht
1614 2005 1671 2065 hat
1699 2008 1814 2068 glücken
1852 2008 1989 2068 wollen,
2011 2008 2201 2068 ungeachtet
2223 2008 2265 2068 ich

1292 2052 1482 2112 verschiedne
1509 2052 1667 2112 Versuche
1694 2055 1825 2115 desfalls
1858 2055 2021 2115 angestellt
2048 2055 2148 2115 habe.
2201 2055 2275 2115 In¬

1286 2100 1404 2160 dessen,
1425 2100 1456 2160 da
1482 2100 1513 2160 es
1540 2100 1663 2160 möglich
1690 2101 1741 2161 ist,
1767 2102 1819 2162 daß
1845 2103 1948 2163 meine
1969 2103 2155 2163 Rathgeber
2171 2106 2274 2166 Recht

1287 2148 1382 2208 haben
1408 2148 1559 2208 könnten,
1580 2148 1681 2208 bleibt
1696 2148 1756 2208 mir
1783 2148 1843 2208 kein
1869 2151 2000 2211 anderes
2031 2154 2147 2214 Mittel
2163 2155 2273 2215 übrig,

1286 2196 1335 2256 als
1366 2194 1431 2254 eine
1452 2193 1562 2253 Probe
1588 2193 1683 2253 davon
1714 2193 1764 2253 der
1785 2193 1875 2253 Welt
1901 2197 2061 2257 vorläufig
2092 2202 2273 2262 mitzuthei¬

1288 2244 1358 2304 len;
1383 2242 1418 2302 um
1469 2240 1514 2300 die
1540 2240 1690 2300 Stimme
1721 2240 1771 2300 des
1798 2240 1938 2300 Publici
1964 2244 2105 2304 sowohl,
2131 2246 2180 2306 als
2206 2249 2261 2309 den

1286 2291 1375 2351 Rath
1403 2289 1487 2349 eines
1514 2288 1661 2348 Kenners
1689 2288 1741 2348 von
1763 2291 1895 2351 Ihnen,
1911 2291 1943 2351 zu
1970 2291 2176 2351 vernehmen.
2203 2294 2265 2354 Ich

1282 2340 1356 2400 habe
1381 2339 1430 2399 dem
1476 2336 1505 2396 zu
1531 2334 1635 2394 folge,
1660 2335 1709 2395 den
1749 2339 1898 2399 kürzesten
1933 2336 2052 2396 meiner
2077 2339 2270 2399 Charactere

1290 2386 1580 2446 herausgehoben,
1607 2383 1664 2443 und
1691 2387 1753 2447 hier
1775 2387 1959 2447 beygefügt.
2007 2384 2117 2444 Außer
2144 2387 2191 2447 der
2213 2390 2270 2450 na¬

1287 2435 1433 2495 türlichen
1471 2432 1585 2492 Liebe,
1618 2431 1666 2491 die
1693 2435 1774 2495 jeder
1802 2435 1905 2495 Autor
1933 2432 1964 2492 zu
1998 2431 2095 2491 seinen
2133 2437 2263 2497 Werken

1283 2482 1388 2542 trägt,
1415 2479 1516 2539 findet
1532 2476 1579 2536 sich
1607 2477 1654 2537 bey
1681 2482 1739 2542 mir
1772 2482 1840 2542 noch
1867 2479 1930 2539 eine
1953 2479 2032 2539 weit
2059 2485 2265 2545 ernsthaftere

1286 2528 1434 2588 Absicht,
1455 2527 1566 2587 warum
1604 2524 1640 2584 ich
1667 2530 1762 2590 dieses
1789 2530 1932 2590 gedruckt
1959 2529 2128 2589 wünschte.
2203 2536 2265 2596 Ich

1285 2578 1420 2638 gedenke
1451 2575 1581 2635 dadurch
1616 2575 1691 2635 mein
1727 2578 1833 2638 Gluck
1863 2578 1888 2638 zu
1924 2578 2079 2638 machen;
2110 2584 2200 2644 wenn
2231 2584 2260 2644 es

1286 2626 1420 2686 nämlich
1446 2625 1493 2685 dem
1530 2622 1674 2682 Himmel
1696 2627 1819 2687 gefallen
1851 2626 1949 2686 sollte,
1960 2626 2068 2686 irgend
2095 2629 2177 2689 einen
2203 2632 2275 2692 gut¬

1285 2673 1421 2733 herzigen
1457 2670 1562 2730 Mann
1598 2670 1628 2730 zu
1664 2673 1841 2733 erwecken,
1872 2673 1922 2733 der
1948 2674 2023 2734 mich
2054 2676 2104 2736 zum
2145 2674 2261 2734 Danke

1286 2721 1401 2781 dafür,
1441 2717 1501 2777 daß
1529 2717 1573 2777 ich
1601 2721 1744 2781 Satyren
1784 2721 1838 2781 auf
1861 2721 1910 2781 ihn
1949 2723 2131 2783 geschrieben
2170 2724 2269 2784 hätte,

1281 2769 1392 2829 weiter
1413 2763 1588 2823 versorgte.
1631 2769 1704 2829 Die
1726 2769 1911 2829 Erfahrung
1938 2769 1990 2829 hat
2012 2769 2070 2829 mir
2091 2769 2265 2829 Beyspiele

1286 2819 1380 2879 davon
1408 2814 1524 2874 gezeigt
1559 2811 1569 2871 —
1631 2815 1720 2875 Doch
1753 2819 1792 2879 ich
1826 2820 1898 2880 darf
1920 2820 2009 2880 Sie,
2032 2820 2070 2880 h.
2093 2817 2159 2877 H.,
2188 2817 2270 2877 nicht

2137 2867 2254 2927 länger
