2479 3508
279 344 401 404 nungen
442 342 564 402 einiger
600 341 710 401 Vögel
740 341 797 401 auf
827 341 885 401 den
921 339 1060 399 Gipfeln
1107 341 1159 401 der
1189 341 1287 401 höch=

285 392 339 452 sten
365 391 496 451 Tannen
527 389 587 449 und
613 386 733 446 Fichten
764 389 915 449 berauben
946 391 1081 451 müssen,
1097 389 1177 449 nicht
1203 389 1283 449 ohne

278 440 520 500 Lebensgefahr
542 434 701 494 besorget.
751 434 828 494 Sie
850 437 910 497 sind
939 437 1020 497 zwar
1049 440 1285 500 größtentheils

286 488 345 548 von
379 485 472 545 denen
512 482 536 542 in
566 484 713 544 Preußen
753 485 1081 545 ordentlicherweise,
1106 487 1179 547 oder
1209 488 1277 548 auch

282 535 342 595 nur
363 533 449 593 selten
480 533 637 593 nistenden
663 535 810 595 Strand=
821 536 881 596 und
902 535 1115 595 Erdvögeln;
1141 536 1207 596 doch
1233 534 1288 594 fin=

282 586 335 646 det
357 583 404 643 sich
432 583 500 643 auch
527 583 612 643 keine
634 582 766 642 geringe
783 583 915 643 Anzahl
927 583 979 643 von
1012 583 1149 643 fremden
1177 583 1288 643 Arten,

292 634 402 694 zumal
423 633 553 693 solchen,
575 632 619 692 die
640 634 705 694 man
736 632 902 692 bisweilen
928 633 953 693 in
979 634 1125 694 Preußen
1150 634 1191 694 als
1211 633 1291 693 Sel=

286 682 443 742 tenheiten
488 679 512 739 in
548 681 675 741 Gärten
710 682 769 742 und
799 682 1040 742 Vogelhäusern
1080 682 1277 742 unterhalten

290 730 375 790 läßt.
421 730 496 790 Sie
522 730 582 790 sind
618 729 673 789 von
708 730 794 790 ihrem
840 728 960 788 Dotter
991 730 1162 790 entleeret,
1188 730 1283 790 außer

292 779 462 839 wenigen,
488 778 540 838 die
556 778 633 838 hart
655 778 773 838 gekocht
795 778 841 838 sich
872 778 991 838 sowohl
1012 778 1053 838 als
1080 778 1126 838 die
1152 778 1281 838 übriger

292 826 461 886 bewahren
489 825 600 885 laßen.
648 825 722 885 Von
754 825 807 885 den
835 825 1004 885 mehresten
1036 827 1126 887 Arten
1164 827 1227 887 sind
1259 825 1285 885 so

292 874 372 934 viele
393 876 595 936 verhanden,
620 873 665 933 als
691 875 756 935 man
788 876 1005 936 gemeiniglich
1031 876 1055 936 in
1086 876 1167 936 einem
1208 873 1288 933 Nest

292 926 489 986 beysammen
515 921 651 981 antrift.
698 924 804 984 Wenn
840 921 890 981 des
926 924 1149 984 vorgedachten
1180 924 1286 984 Herrn

290 972 450 1032 Kleins
487 970 610 1030 Werk,
647 971 703 1031 von
735 971 786 1031 den
818 970 1014 1030 Vögeleyern
1041 972 1102 1032 ans
1129 972 1206 1032 Licht
1232 971 1294 1031 tre¬

285 1019 335 1079 ten
361 1019 472 1079 sollte,
498 1019 528 1079 zu
559 1019 650 1079 dessen
681 1016 925 1076 Ausfertigung
951 1019 1118 1079 demselben
1150 1019 1205 1079 aus
1231 1016 1296 1076 die¬

300 1069 340 1129 sem
382 1065 542 1125 Cabinett
569 1064 636 1124 eine
662 1064 760 1124 große
781 1064 941 1124 Anzahl,
973 1067 1045 1127 eine
1066 1067 1283 1127 Abzeichnung

294 1115 392 1175 davon
428 1115 457 1175 zu
487 1112 640 1172 machen,
665 1112 883 1172 mitgetheilet
898 1110 1051 1170 worden;
1077 1112 1105 1172 so
1136 1112 1210 1172 wird
1245 1109 1298 1169 sol¬

290 1163 352 1223 ches
389 1160 456 1220 viel
484 1160 681 1220 beytragen,
708 1157 755 1217 sich
792 1157 848 1217 von
886 1157 985 1217 dieser
1017 1157 1288 1217 Eyersammlung

292 1213 377 1273 einen
404 1209 612 1269 anständigen
644 1205 767 1265 Begrif
783 1204 815 1264 zu
847 1206 996 1266 machen.
1055 1204 1130 1264 Die
1152 1203 1300 1263 Preußi¬

292 1263 374 1323 schen
406 1259 638 1319 Gesangvögel
655 1255 778 1315 werden
805 1255 830 1315 in
872 1255 954 1315 einem
1002 1255 1094 1315 neben
1136 1252 1182 1312 dem
1234 1251 1296 1311 Ca¬

293 1312 380 1372 binet
402 1312 566 1372 erbaueten
594 1309 752 1369 zierlichen
786 1308 1005 1368 Vogelhause,
1028 1306 1219 1366 desgleichen
1247 1303 1295 1363 die

296 1363 442 1423 schönsten
481 1360 573 1420 Arten
611 1357 671 1417 von
704 1358 873 1418 Tauben,
901 1358 1042 1418 Hünern
1075 1357 1135 1417 mit
1168 1357 1281 1417 rauhen

303 1407 437 1467 Füßen,
466 1407 720 1467 moscowitischen
753 1407 818 1467 und
846 1407 1019 1467 sibirischen
1047 1407 1209 1467 Gänsen,
1231 1406 1301 1466 tür¬

285 1458 397 1518 kischen
429 1458 562 1518 Enten,
584 1458 793 1518 Phasanen,
815 1455 1055 1515 Perlhünern,
1088 1455 1285 1515 desgleichen

291 1506 357 1566 viel
380 1506 514 1566 anderes
548 1506 732 1566 Geflügel,
760 1506 888 1566 Adler,
911 1506 1100 1566 Kraniche,
1129 1506 1296 1566 Störche,

303 1556 452 1616 Reiher,
475 1551 674 1611 Schwäne,
697 1554 857 1614 Pfauen,
886 1554 1040 1614 Kyb,e,
1063 1554 1207 1614 lebendig
1229 1554 1301 1614 auf¬

298 1605 470 1665 behalten.
514 1603 605 1663 Noch
633 1602 772 1662 ungleich
795 1599 907 1659 größer
930 1599 999 1659 aber
1021 1600 1058 1660 ist
1086 1601 1134 1661 die
1156 1602 1296 1662 Anzahl,

290 1649 340 1709 der
366 1652 438 1712 aufs
464 1649 658 1709 künstlichste
674 1646 909 1706 ausgestopften
940 1643 965 1703 in
991 1643 1078 1703 ihrer
1099 1646 1293 1706 natürlichen

294 1697 457 1757 Stellung
487 1697 556 1757 nach
581 1694 630 1754 dem
670 1691 763 1751 Leben
794 1688 991 1748 aufgesetzten
1021 1689 1080 1749 und
1105 1691 1213 1751 bisher
1238 1688 1292 1748 vor

295 1742 347 1802 der
373 1742 508 1802 Fäulniß
540 1739 597 1799 mit
618 1739 690 1799 aller
717 1736 884 1796 Sorgfalt
900 1735 1082 1795 bewahrten
1114 1736 1238 1796 Vögel,
1255 1736 1301 1796 de¬

300 1789 352 1849 ren
385 1787 574 1847 Schönheit
596 1786 743 1846 niemand
781 1784 860 1844 ohne
887 1787 1077 1847 Vergnügen
1114 1784 1299 1844 betrachtet,

307 1837 340 1897 da
369 1836 476 1896 solche,
505 1834 550 1894 wo
573 1834 652 1894 nicht
676 1835 709 1895 an
738 1834 783 1894 der
807 1836 909 1896 Zahl,
932 1837 999 1897 doch
1029 1837 1056 1897 an
1085 1835 1300 1895 Zierlichkeit,

303 1887 402 1947 netter
436 1888 652 1948 Zubereitung
686 1887 747 1947 und
775 1888 1009 1948 Reinlichkeit,
1032 1890 1086 1950 den
1120 1888 1286 1948 mehresten

303 1936 586 1996 Vogelcabinetten
615 1938 821 1998 vorzuziehen
855 1936 915 1996 seyn
949 1939 1089 1999 dörften.
1139 1938 1211 1998 Die
1234 1937 1300 1997 An¬

306 1991 378 2051 zahl
401 1990 455 2050 von
484 1988 633 2048 Jnsecten
662 1987 694 2047 ist
717 1987 739 2047 in
773 1987 867 2047 diesem
907 1987 1117 2047 Preußischen
1146 1987 1301 2047 Cabinett

302 2040 482 2100 vorzüglich
510 2037 567 2097 und
595 2037 817 2097 weitläuftig;
844 2034 934 2094 indem
977 2037 1056 2097 nicht
1078 2037 1136 2097 nur
1163 2037 1210 2097 die
1232 2035 1301 2095 Ge¬

306 2088 428 2148 schöpfe
451 2085 545 2145 dieser
568 2085 645 2145 Art,
673 2085 701 2145 so
724 2085 790 2145 viel
807 2082 834 2142 in
863 2085 1013 2145 Preußen
1041 2085 1224 2145 befindlich,
1236 2085 1302 2145 son¬

302 2136 374 2196 dern
406 2136 473 2196 auch
506 2134 552 2194 die
573 2132 745 2192 mehresten
777 2131 833 2191 von
870 2133 1000 2193 denen,
1027 2133 1052 2193 so
1084 2133 1199 2193 andern
1230 2133 1308 2193 Län¬

305 2184 377 2244 dern
403 2184 486 2244 eigen
518 2182 605 2242 sind,
632 2181 818 2241 bewahret,
845 2181 907 2241 und
939 2181 1005 2241 noch
1037 2184 1203 2244 beständig
1240 2183 1291 2243 ver

303 2231 430 2291 mehret
452 2229 595 2289 werden.
623 2226 692 2286 Die
709 2226 921 2286 Preußischen
949 2231 1215 2291 Sommervögel
1237 2229 1295 2289 sind

302 2278 395 2338 unter
427 2274 495 2334 vier
527 2273 589 2333 und
631 2273 772 2333 zwanzig
804 2273 903 2333 große
935 2277 997 2337 mit
1024 2279 1118 2339 Glas
1150 2276 1306 2336 verdeckte

311 2375 455 2435 Eintritt
483 2371 538 2431 auf
567 2367 660 2427 diesen
689 2368 888 2428 Schauplatz
917 2377 967 2437 der
990 2378 1100 2438 Natur
1134 2377 1184 2437 ins
1212 2377 1300 2437 Auge

308 2427 404 2487 fallen
432 2420 572 2480 mögen;
601 2415 649 2475 die
671 2414 801 2474 übrigen
828 2419 888 2479 und
910 2426 1132 2486 insonderheit
1154 2426 1203 2486 die
1225 2426 1311 2486 mor¬

313 2473 553 2533 genländischen
584 2464 762 2524 Insecten,
781 2465 904 2525 werden
930 2473 996 2533 nach
1034 2475 1120 2535 ihren
1158 2473 1305 2533 mannig¬

308 2524 438 2584 faltigen
466 2520 667 2580 Ordnungen
701 2515 722 2575 in
749 2512 907 2572 achtzehen
935 2518 967 2578 an
1006 2521 1055 2581 dem
1099 2522 1213 2582 Boden
1252 2524 1311 2584 mit

313 2574 429 2634 grünem
473 2569 590 2629 Wachs
615 2563 843 2623 überkleideten
869 2567 1053 2627 Schachteln
1085 2572 1281 2632 aufbehalten

313 2620 386 2680 Die
404 2618 630 2678 allerkleinsten
659 2616 710 2676 von
744 2612 834 2672 diesen
863 2614 1084 2674 Geschöpfen,
1119 2622 1147 2682 so
1170 2620 1226 2680 nur
1249 2620 1310 2680 mit

307 2667 514 2727 bewaffneten
546 2667 650 2727 Augen
692 2661 811 2721 können
848 2661 1129 2721 wahrgenommen
1166 2667 1311 2727 werden,

308 2718 363 2778 hat
397 2715 469 2775 man
509 2713 536 2773 in
576 2714 692 2774 kleinen
732 2710 916 2770 Schieffern
955 2708 1010 2768 zur
1050 2717 1294 2777 vergnügenden

308 2765 543 2825 Beobachtung
568 2762 627 2822 mit
647 2763 749 2823 Hülfe
774 2760 822 2820 der
846 2759 1227 2819 Vergrößrungsgläser,
1246 2766 1306 2826 un¬

306 2817 352 2877 ter
399 2813 622 2873 Marienglas
669 2809 932 2869 eingeschlossen.
1003 2807 1078 2867 Die
1114 2814 1301 2874 Schnecken

308 2867 367 2927 und
398 2864 586 2924 Muscheln,
604 2861 719 2921 sammt
744 2864 816 2924 allem
859 2861 944 2921 dem,
956 2858 1022 2918 was
1053 2861 1126 2921 dazu
1151 2864 1228 2924 kann
1253 2863 1307 2923 ge=

1325 340 1430 400 zählet
1468 341 1626 401 werden,
1658 342 1779 402 machen
1822 342 1906 402 einen
1949 341 2318 401 betrachtenswürdigen

1332 389 1433 449 Theil
1450 387 1541 447 dieses
1574 389 1746 449 Cabinetts
1774 392 1860 452 aus,
1882 387 1919 447 ob
1941 389 2032 449 gleich
2065 389 2145 449 nicht
2173 391 2199 451 zu
2232 394 2323 454 läug¬

1320 439 1412 499 nen,
1438 437 1489 497 daß
1526 437 1592 497 noch
1624 440 1706 500 viele
1737 440 1788 500 von
1825 440 1932 500 solchen
1969 437 2102 497 fehlen,
2129 437 2185 497 auf
2211 440 2319 500 welche

1323 485 1370 545 die
1392 485 1566 545 Liebhaber
1593 487 1678 547 einen
1705 488 2016 548 außerordentlichen
2049 485 2159 545 Werth
2187 488 2324 548 gesetzet.

1324 533 1420 593 Viele
1448 533 1583 593 Besitzer
1611 536 1702 596 dieser
1730 538 1946 598 Thierhäuser
1980 537 2082 597 nutzen
2120 536 2212 596 solche
2245 539 2325 599 nicht

1318 583 1454 643 weiter,
1480 583 1531 643 als
1562 582 1622 642 wie
1653 582 1699 642 die
1725 586 1846 646 Kinder
1872 583 1948 643 ihre
1979 586 2141 646 Puppen.
2192 583 2238 643 Um
2284 585 2324 645 sie

1325 634 1386 694 mit
1408 634 1568 694 mehrerer
1589 634 1811 694 Ueberlegung
1843 634 1873 694 zu
1900 636 2101 696 betrachten,
2127 637 2153 697 so
2185 634 2246 694 sind
2273 634 2329 694 sol¬

1325 679 1374 739 che
1404 682 1428 742 in
1462 682 1530 742 eine
1551 682 1726 742 natürliche
1746 682 1937 742 Ordnung,
1972 684 2040 744 nach
2075 685 2124 745 den
2154 682 2305 742 Ueberein

1328 730 1538 790 stimmungs=
1559 732 1628 792 oder
1649 733 2135 793 Unterscheidungsmerkmalen
2166 733 2326 793 gebracht,

1329 776 1388 836 und
1410 778 1469 838 auf
1491 778 1583 838 solche
1600 778 1707 838 Weise
1730 781 1750 841 in
1773 781 1913 841 achtzehn
1946 781 2059 841 großen
2081 784 2324 844 Behaltnissen,

1323 825 1375 885 die
1397 825 1556 885 wiederum
1599 828 1624 888 in
1651 828 1794 888 hundert
1816 828 1873 888 und
1900 828 2038 888 zwanzig
2070 834 2170 894 kleine
2197 831 2329 891 Abthei¬

1325 876 1436 936 lungen
1469 876 1639 936 geschieden
1672 876 1762 936 sind,
1784 876 1986 936 beygeleget.

1377 921 1430 981 So
1463 923 1566 983 wenig
1600 924 1654 984 das
1682 924 1860 984 Thierreich
1894 925 2089 985 vollständig
2122 927 2317 987 beysammen

1326 967 1385 1027 ist,
1412 972 1482 1032 eben
1515 970 1542 1030 so
1575 972 1678 1032 wenig
1716 972 1753 1032 ist
1781 970 1835 1030 von
1869 973 1917 1033 dem
1961 975 2204 1035 Pflanzenreich
2227 975 2329 1035 alles,

1324 1014 1394 1074 was
1416 1019 1470 1079 das
1498 1018 1595 1078 große
1618 1019 1769 1079 Cabinett
1792 1018 1841 1078 des
1869 1022 2053 1082 Schöpfers
2086 1022 2113 1082 in
2141 1022 2189 1082 sich
2223 1022 2331 1082 fasset,

1757 1061 1849 1121 Man
1904 1068 2013 1128 zählet
2067 1071 2121 1131 auf
2172 1073 2334 1133 zwanzig=

1328 1064 1399 1124 hier
1450 1064 1669 1124 anzutressen.

1330 1112 1460 1172 tausend
1486 1112 1576 1172 Arten
1617 1109 1672 1169 von
1698 1112 1889 1172 Pflanzen,
1919 1112 1979 1172 und
2016 1114 2075 1174 wie
2106 1118 2186 1178 viele
2212 1121 2317 1181 mögen

1328 1156 1413 1216 nicht
1439 1157 1555 1217 annoch
1591 1157 1615 1217 in
1652 1157 1707 1217 den
1743 1158 1859 1218 großen
1895 1160 2086 1220 Wildnissen
2127 1166 2183 1226 und
2219 1168 2243 1228 in
2274 1169 2324 1229 der

1333 1203 1428 1263 Tiefe
1449 1201 1501 1261 des
1528 1201 1660 1261 Meeres
1687 1204 1755 1264 oder
1782 1204 1850 1264 auch
1877 1204 2020 1264 zwischen
2047 1211 2315 1271 unzugänglichen

1331 1252 1465 1312 Klüften
1497 1252 1558 1312 und
1584 1252 1812 1312 Felsenspalten
1838 1255 2024 1315 unentdeckt
2046 1255 2200 1315 geblieben
2227 1258 2324 1318 seyn?

1325 1306 1529 1366 Jnzwischen
1558 1303 1592 1363 ist
1616 1300 1638 1360 in
1667 1303 1763 1363 diesem
1803 1306 2014 1366 Preußischen
2037 1306 2180 1366 Cabinet
2198 1306 2242 1366 die
2266 1305 2333 1365 An=

1330 1359 1402 1419 zahl
1426 1356 1477 1416 der
1506 1356 1556 1416 in=
1574 1355 1636 1415 und
1665 1354 1910 1414 ausländischen
1939 1356 2109 1416 Gewächse
2138 1357 2206 1417 sehr
2235 1359 2336 1419 groß,

1329 1405 1377 1465 die
1410 1407 1474 1467 man
1518 1404 1583 1464 noch
1616 1407 1729 1467 täglich
1767 1406 1799 1466 zu
1833 1404 2022 1464 vergrößern
2061 1407 2109 1467 sich
2142 1407 2331 1467 bearbeitet,

1325 1453 1385 1513 wie
1416 1455 1491 1515 denn
1527 1455 1572 1515 die
1597 1455 1849 1515 Sammlungen
1880 1455 1935 1515 von
1971 1458 2152 1518 Früchten,
2178 1458 2304 1518 Harzen

1331 1505 1517 1565 Wurzeln,
1539 1506 1698 1566 Rinden,
1725 1504 1906 1564 Saamen,
1938 1506 1995 1566 und
2021 1506 2244 1566 insonderheit
2270 1506 2321 1566 von

1328 1551 1493 1611 Hölzern,
1504 1553 1615 1613 welche
1637 1551 1754 1611 letztern
1781 1554 1807 1614 in
1839 1554 2020 1614 viereckigte
2048 1554 2158 1614 Tafeln
2185 1555 2334 1615 geschnit¬

1329 1601 1373 1661 ten
1412 1599 1439 1659 in
1473 1599 1573 1659 zwölf
1596 1601 1817 1661 Behältnissen
1851 1602 1895 1662 ein
1929 1602 2050 1662 schönes
2084 1605 2222 1665 Ansehen
2262 1605 2327 1665 ma¬

1328 1646 1429 1706 chen,
1451 1646 1633 1706 vorzüglich
1660 1645 1756 1705 genug
1783 1646 1863 1706 sind.

1562 1691 1651 1751 (Der
1677 1690 1798 1750 Schluß
1838 1691 1914 1751 folgt
1940 1691 2099 1751 künftig.)

1678 1784 1983 1844 Königsberg.

1384 1832 1450 1892 Die
1475 1837 1583 1897 hiesige
1608 1837 1777 1897 Akademie
1796 1837 1868 1897 hat,
1886 1835 1934 1895 den
1959 1837 2086 1897 Monat
2111 1839 2195 1899 May
2220 1840 2328 1900 durch,

1335 1888 1549 1948 verschiedene
1578 1888 1714 1948 gelehrte
1737 1885 1867 1945 Proben
1901 1886 1991 1946 ihres
2015 1888 2144 1948 Fleißes
2168 1889 2331 1949 abgelegt.

1334 1936 1406 1996 Den
1445 1939 1534 1999 16ten
1573 1937 1784 1997 vertheidigte
1812 1936 1895 1996 Herr
1935 1935 1990 1995 M.
2013 1936 2123 1996 Georg
2152 1936 2323 1996 Christoph

1341 1986 1520 2046 Pisanski,
1548 1989 1600 2049 der
1627 1985 1907 2045 Cathedralschule
1941 1984 2083 2044 Rector,
2115 1986 2168 2046 der
2195 1984 2242 2044 die
2269 1984 2337 2044 Ge¬

1336 2034 1461 2094 schichte
1486 2034 1597 2094 unsres
1633 2034 1854 2094 Vaterlandes
1890 2033 1955 2093 mit
1990 2034 2075 2094 einem
2127 2034 2322 2094 rühmlichen

1338 2082 1430 2142 Eifer
1451 2085 1481 2145 zu
1508 2083 1683 2143 bearbeiten
1715 2082 1761 2142 sich
1787 2082 1962 2142 bemühet,
1989 2084 2050 2144 und
2076 2084 2174 2144 davon
2211 2083 2324 2143 bereits

1338 2133 1574 2193 unterschiedne
1600 2130 1685 2190 zwar
1716 2127 1817 2187 kleine
1848 2130 1918 2190 aber
1949 2130 2024 2190 aller
2045 2133 2332 2193 Aufmerksamkeit

1335 2184 1482 2244 würdige
1502 2178 1756 2238 Abhandlungen
1780 2175 1840 2235 ans
1858 2178 1934 2238 Licht
1953 2181 2113 2241 gestellet;
2149 2181 2220 2241 eine
2238 2181 2332 2241 histo=

1323 2230 1421 2290 rische
1444 2229 1674 2289 Streitschrift
1697 2223 1745 2283 von
1779 2225 1790 2285 4
1823 2224 1965 2284 Bogen,
1988 2228 2103 2288 welche
2125 2229 2179 2289 den
2214 2231 2322 2291 dritten

1334 2276 1439 2336 Theil
1457 2276 1551 2336 seines
1580 2270 1791 2330 Grundrisses
1826 2270 1881 2330 der
1904 2273 2115 2333 Preußischen
2150 2275 2322 2335 Gelehrten

313 2326 463 2386 Rahmen
496 2321 674 2381 gebracht,
707 2319 809 2379 damit
836 2322 873 2382 sie
901 2327 982 2387 einem
1031 2328 1111 2388 jeden
1150 2327 1203 2387 bey
1230 2327 1284 2387 dem
1339 2327 1484 2387 Historie
1506 2322 1695 2382 ausmacht,
1722 2321 1781 2381 und
1814 2321 1862 2381 die
1884 2318 2013 2378 Gestalt
2041 2320 2089 2380 der
2116 2322 2326 2382 Preußischen

1342 2375 1601 2435 Gelehrsamkeit
1623 2369 1644 2429 im
1683 2372 1774 2432 17ten
1807 2366 2044 2426 Jahrhundert
2067 2369 2250 2429 schilderte,
2273 2375 2331 2435 wi=

1335 2426 1385 2486 der
1414 2423 1459 2483 die
1476 2420 1646 2480 Einwürfe
1663 2420 1821 2480 folgender
1850 2419 1918 2479 drey
1935 2419 1991 2479 auf
2009 2419 2139 2479 hiesiger
2162 2426 2326 2486 Akademie

1338 2472 1552 2532 studierenden
1581 2469 1705 2529 Herrn,
1723 2467 1875 2527 Gotthilf
1893 2466 2051 2526 Friedrich
2080 2469 2215 2529 Busolt,
2232 2473 2333 2533 Gott¬

1337 2521 1391 2581 lieb
1425 2519 1597 2579 Reinhold
1625 2518 1752 2578 Weiß,
1780 2518 1879 2578 beyde
1908 2518 1968 2578 aus
2002 2518 2234 2578 Königsberg,
2263 2524 2323 2584 und

1335 2572 1424 2632 Hrn.
1454 2566 1612 2626 Friedrich
1646 2564 1799 2624 Theodor
1822 2566 1957 2626 Mitzel,
1981 2566 2037 2626 aus
2071 2569 2241 2629 Schaaken
2281 2572 2331 2632 ge¬

1334 2619 1463 2679 bürtig.
1515 2612 1587 2672 Der
1616 2613 1700 2673 durch
1735 2615 1813 2675 seine
1842 2614 2040 2674 vorzügliche
2069 2620 2328 2680 Gelehrsamkeit

1333 2667 1396 2727 und
1418 2658 1646 2718 insbesondere
1668 2664 1752 2724 durch
1790 2662 1832 2722 die
1854 2664 2113 2724 Vertheidigung
2151 2667 2198 2727 der
2225 2667 2320 2727 guten

1341 2714 1454 2774 Sache
1475 2710 1526 2770 der
1552 2709 1578 2769 in
1604 2709 1655 2769 der
1672 2710 1774 2770 Bibel
1790 2712 1970 2772 enthaltnen
1997 2712 2213 2772 Offenbarung
2235 2715 2332 2775 gnug¬

1342 2764 1387 2824 sam
1427 2758 1580 2818 bekannte
1603 2760 1688 2820 Herr
1705 2760 1750 2820 O.
1767 2760 1920 2820 Theodor
1943 2760 2113 2820 Christoph
2147 2763 2333 2823 Lilienthal,

1333 2811 1545 2871 ordentlicher
1567 2808 1678 2868 Lehrer
1700 2808 1753 2868 der
1774 2808 2103 2868 Gottesgelahrtheit
2120 2810 2172 2870 bey
2200 2811 2326 2871 hiesiger

1339 2861 1441 2921 hohen
1469 2858 1599 2918 Schule
1628 2858 1684 2918 und
1719 2861 1769 2921 der
1792 2858 2069 2918 Cathedralkirche
2087 2858 2251 2918 Pfarrer,
2280 2861 2324 2921 ein

2211 2909 2335 2969 ehma=
