2479 3508
233 345 281 405 den
314 345 537 405 Betrachtung
565 343 625 403 und
658 342 712 402 zur
734 345 968 405 Beförderung
1001 345 1088 405 ihrer
1110 345 1240 405 Natur¬

227 395 376 455 kenntniß
408 392 466 452 mit
489 391 776 451 uneigennütziger
798 393 1064 453 Willfährigkeit
1086 395 1240 455 dargebo¬

224 441 295 501 ten.
345 437 410 497 Ein
438 438 520 498 jeder
548 434 673 494 Freund
706 437 755 497 der
778 440 1035 500 Wissenschaften
1074 441 1150 501 wird
1183 443 1232 503 sich

239 488 420 548 verbunden
451 485 632 545 erkennen,
658 487 708 547 dem
754 491 986 551 edelmüthigen
1017 491 1153 551 Besitzer
1178 491 1243 551 die¬

239 538 286 598 ses
308 533 576 593 Naturschatzes,
603 536 629 596 zu
666 539 792 599 welchem
835 539 987 599 Fremden
1020 539 1077 599 und
1104 539 1241 599 Einhei=

234 585 363 645 mischen
395 583 435 643 ein
467 585 591 645 Zutritt
613 585 773 645 verstattet
799 586 908 646 wird,
935 589 1038 649 Dank
1070 589 1095 649 zu
1132 589 1240 649 sagen,

239 632 300 692 und
327 631 373 691 ihm
421 634 586 694 aufrichtig
607 634 892 694 anzuwünschen,
919 635 971 695 daß
1007 636 1038 696 er
1064 637 1152 697 selbst
1184 635 1235 695 des

242 682 387 742 Anblicks
413 679 437 739 so
463 682 679 742 vortreflicher
705 682 760 742 und
796 682 961 742 nutzbarer
987 685 1148 745 Sachen,
1173 685 1233 745 und

240 778 369 838 übrigen
402 778 553 838 Vorzüge
580 779 628 839 bis
662 779 710 839 ins
738 783 867 843 späteste
889 781 975 841 Alter
1008 783 1067 843 mit
1090 781 1240 841 Vergnü¬

229 835 281 895 gen
313 828 459 888 genießen
492 828 601 888 möge.
638 828 685 888 Es
712 831 879 891 verdienet
901 831 995 891 dieses
1021 831 1246 891 Naturalien¬

235 879 362 939 cabinet
384 876 442 936 mit
469 878 543 938 allem
587 876 693 936 Recht
720 876 773 936 das
806 879 1061 939 Preußische
1094 880 1237 940 genaunt

235 931 267 991 zu
300 927 452 987 werden,
480 927 561 987 weil
583 927 670 987 darin
704 927 927 987 insonderheit
960 927 1019 987 und
1053 928 1232 988 vorzüglich

235 975 310 1035 alles
338 974 387 1034 das
421 973 622 1033 aufbehalten
656 975 754 1035 wird,
782 975 895 1035 womit
918 975 967 1035 die
984 976 1131 1036 göttliche
1159 975 1240 1035 Vor¬

237 1020 352 1080 sehung
383 1022 468 1082 unser
494 1022 645 1082 Preußen
671 1022 731 1082 aus
757 1022 832 1082 allen
863 1022 969 1082 dreyen
999 1022 1231 1082 Naturreichen

234 1067 410 1127 beschenket
432 1070 515 1130 hat,
546 1070 608 1130 und
640 1070 801 1130 hienächst
833 1068 968 1128 dasselbe
999 1070 1025 1130 in
1057 1070 1155 1130 seiner
1176 1070 1238 1130 Art

235 1118 289 1178 das
317 1115 420 1175 einige
443 1115 502 1175 von
531 1115 558 1175 so
586 1113 695 1173 weitem
734 1113 897 1173 Inbegrif
914 1114 969 1174 ist,
986 1113 1007 1173 so
1035 1115 1062 1175 in
1084 1115 1232 1175 Preußen

234 1163 309 1223 kann
340 1162 543 1222 aufgewiesen
574 1162 721 1222 werden.
763 1160 828 1220 Die
854 1160 1022 1220 mehresten
1058 1160 1240 1220 Cabinette,

239 1216 264 1276 so
301 1213 368 1273 man
405 1213 431 1273 in
467 1210 581 1270 großen
623 1208 680 1268 und
717 1207 903 1267 berühmten
935 1207 1075 1267 Städten
1112 1207 1246 1267 antrift,

234 1261 399 1321 enthalten
431 1261 492 1321 nur
513 1261 762 1321 Sammlungen
793 1258 844 1318 von
881 1258 1020 1318 fremden
1052 1257 1243 1317 Seltenhei=

229 1312 311 1372 ten,
333 1314 393 1374 und
421 1312 557 1372 möchten
586 1312 683 1372 daher
706 1309 864 1369 vielmehr
886 1309 1247 1369 Raritätenkam¬

230 1363 343 1423 mern
384 1360 430 1420 als
476 1360 1030 1420 Naturalienbehältnisse
1078 1360 1237 1420 genennet

234 1410 383 1470 werden.
431 1407 505 1467 Bey
533 1410 585 1470 dem
623 1410 883 1470 gegenwärtigen
921 1409 995 1469 aber
1017 1410 1059 1470 ist
1086 1410 1155 1470 man
1193 1407 1240 1467 be¬

230 1458 363 1518 mühet,
391 1458 476 1518 nicht
498 1458 556 1518 nur
584 1458 637 1518 das
664 1456 711 1516 bey
745 1458 803 1518 uns
825 1458 937 1518 seltene
965 1458 1018 1518 von
1050 1458 1232 1518 entlegenen

234 1509 362 1569 Orten;
389 1506 516 1566 sondern
549 1506 617 1566 auch
645 1506 692 1566 die
714 1506 841 1566 Körper
868 1506 894 1566 so
922 1506 942 1566 in
975 1507 1022 1567 der
1049 1506 1145 1566 Nähe
1172 1508 1230 1568 und

239 1556 455 1616 vornehmlich
482 1554 507 1614 in
539 1556 688 1616 Preußen
714 1554 869 1614 gefunden
900 1554 1044 1614 werden,
1066 1556 1127 1616 und
1154 1556 1236 1616 nicht

233 1605 291 1665 nur
318 1607 371 1667 das
399 1605 565 1665 Seltene,
592 1605 725 1665 sondern
758 1605 828 1665 auch
855 1602 908 1662 das
935 1602 1123 1662 Gemeine,
1150 1602 1176 1662 so
1198 1602 1246 1662 öf¬

239 1652 300 1712 ters
327 1652 394 1712 eben
426 1652 519 1712 darum
566 1650 617 1710 das
644 1647 815 1707 nutzbarste
836 1647 887 1707 ist,
914 1649 971 1709 mit
992 1646 1106 1706 großem
1148 1649 1235 1709 Fleiß

736 1691 781 1751 Es
818 1691 945 1751 machen
982 1691 1033 1751 sich
1069 1691 1115 1751 die
1151 1691 1238 1751 eines

234 1700 422 1760 zusammen
454 1697 483 1757 zu
525 1694 683 1754 bringen.

239 1745 413 1805 sträflichen
440 1742 620 1802 Vorwurfs
642 1739 806 1799 schuldig,
828 1739 939 1799 welche
966 1739 1050 1799 allein
1082 1736 1129 1796 die
1151 1736 1246 1796 Wer¬

233 1790 268 1850 ke
288 1790 337 1850 der
363 1788 477 1848 Natur
502 1787 556 1847 aus
582 1784 701 1844 andern
731 1784 980 1844 Weltgegenden
1020 1782 1065 1842 sich
1100 1784 1243 1844 bekannt

235 1837 393 1897 machen,
421 1834 502 1894 ohne
525 1834 568 1894 sich
596 1834 628 1894 um
673 1834 722 1894 die
744 1834 924 1894 Geschenke
952 1834 980 1894 zu
1019 1834 1248 1894 bekümmern,

236 1885 355 1945 womit
380 1885 426 1945 die
451 1885 642 1945 Vorsehung
678 1887 725 1947 ihr
756 1888 941 1948 Vaterland
977 1888 1144 1948 gesegnet,
1174 1884 1233 1944 und

235 1936 294 1996 mit
317 1938 371 1998 dem
415 1936 541 1996 seltenen
580 1938 640 1998 und
668 1936 985 1996 ungewöhnlichen,
1014 1937 1046 1997 so
1074 1938 1122 1998 die
1150 1936 1243 1996 Neu¬

241 1990 347 2050 gierde
372 1987 490 2047 reizet,
515 1989 561 2049 sich
592 1984 823 2044 beschäftigen,
848 1987 907 2047 und
937 1987 984 2047 die
1002 1984 1239 2044 Unwissenheit

235 2037 263 2097 in
303 2035 358 2095 den
398 2037 566 2097 Dingen,
589 2035 706 2095 womit
736 2037 774 2097 sie
808 2035 925 2095 täglich
960 2034 1150 2094 umgehen,
1173 2034 1234 2094 und

235 2088 346 2148 woran
368 2087 421 2147 ihr
443 2085 651 2145 Geburtsort
673 2085 759 2145 einen
786 2085 957 2145 Ueberfluß
984 2085 1058 2145 hat,
1081 2084 1133 2144 sich
1155 2082 1240 2142 nicht

240 2138 300 2198 zur
329 2136 484 2196 Schande
512 2133 712 2193 anrechnen.
768 2133 818 2193 Es
852 2133 912 2193 hat
935 2133 1018 2193 diese
1046 2130 1240 2190 Preußische

239 2186 461 2246 Naturalien=
472 2184 530 2244 und
552 2182 794 2242 Kunstkammer
821 2181 953 2241 dadurch
980 2183 1048 2243 nach
1075 2181 1133 2241 und
1160 2181 1228 2241 nach

229 2234 289 2294 ihr
322 2229 525 2289 Wachsthum
575 2231 755 2291 erhalten,
794 2231 848 2291 daß
887 2231 990 2291 einige
1035 2229 1237 2289 vorzügliche

239 2276 491 2336 Sammlungen
533 2273 588 2333 von
624 2279 719 2339 dieser
751 2276 811 2336 Art
837 2277 988 2337 derselben
1029 2277 1236 2337 einverleibet

240 2324 389 2384 worden.
418 2324 500 2384 Was
529 2321 579 2381 der
602 2324 723 2384 fleißige
746 2327 806 2387 und
829 2327 901 2387 auch
930 2330 1107 2390 außerhalb
1130 2324 1240 2384 Preu¬

230 2380 288 2440 ßen
335 2372 510 2432 berühmte
551 2371 825 2431 Angerburgische
861 2378 995 2438 Probst
1025 2375 1228 2435 Helwing

246 2428 337 2488 durch
370 2423 475 2483 eigene
501 2417 710 2477 Bemühung
751 2421 809 2481 und
855 2425 973 2485 fremde
1006 2426 1176 2486 Beyhülfe
1203 2424 1228 2484 in

238 2476 360 2536 funfzig
386 2473 515 2533 Jahren
548 2467 599 2527 von
632 2465 838 2525 Preußischen
871 2470 929 2530 und
962 2473 1077 2533 andern
1104 2473 1238 2533 Natur=

235 2524 365 2584 schätzen
394 2521 598 2581 gesammelt,
610 2518 678 2578 was
707 2515 752 2575 die
775 2515 849 2575 alten
883 2518 990 2578 Lehrer
1014 2522 1059 2582 der
1082 2521 1234 2581 Arzeney=

242 2572 476 2632 wissenschaft,
502 2569 706 2629 Löselius
738 2566 799 2626 und
831 2566 1059 2626 Wosegin,
1091 2571 1152 2631 und
1184 2569 1233 2629 die

242 2620 281 2680 um
328 2620 374 2680 die
403 2617 679 2677 Königsbergsche
709 2614 790 2674 hohe
825 2615 951 2675 Schule
975 2620 1229 2680 wohlverdiente

243 2667 398 2727 Männer
426 2664 475 2724 der
503 2664 625 2724 Doctor
659 2664 725 2724 von
759 2662 941 2722 Sanden
981 2664 1041 2724 und
1075 2667 1125 2727 der
1147 2667 1219 2727 Pro

231 2719 321 2779 fessor
350 2713 480 2773 Hedio
504 2712 657 2772 besessen,
680 2712 828 2772 wovon,
851 2715 919 2775 was
942 2715 993 2775 den
1027 2715 1146 2775 letztern
1181 2715 1232 2775 be=

230 2767 334 2827 trift,
362 2765 417 2825 das
445 2761 649 2821 Verzeichniß
678 2763 699 2823 in
733 2760 782 2820 dem
821 2761 975 2821 Anhange
1004 2765 1097 2825 seiner
1119 2764 1235 2824 auser¬

230 2817 354 2877 lesenen
383 2813 576 2873 Bibliothek
594 2811 644 2871 sich
667 2813 831 2873 befindet;
855 2808 923 2868 was
952 2811 996 2871 die
1019 2814 1133 2874 neuern
1162 2813 1234 2873 Leh¬

234 2867 286 2927 rer
328 2867 428 2927 dieser
470 2861 670 2921 Akademie,
700 2864 948 2924 Borekius,
972 2863 1230 2923 Charisius,
1267 2864 1337 2924 ten.
1385 2858 1437 2918 Es
1461 2858 1496 2918 ist
1514 2861 1650 2921 nämlich
1674 2864 1703 2924 in
1727 2866 1779 2926 der
1810 2867 1927 2927 außern
1958 2864 2169 2924 Vertheilung
2205 2862 2257 2922 der

1269 345 1431 405 Fischer
1464 344 1523 404 und
1551 345 1779 405 Rappolt,
1801 346 1871 406 was
1904 345 1953 405 der
1986 345 2061 405 erste
2089 351 2278 411 reformirte

1271 392 1498 452 Hofprediger
1526 395 1845 455 Schrottberg,
1867 395 1932 455 und
1965 392 2013 452 der
2041 392 2165 452 Doctor
2187 398 2284 458 Loh¬

1264 441 1335 501 rer
1369 440 1413 500 ein
1453 442 1530 502 Arzt
1558 441 1580 501 in
1620 443 1786 503 Danzig,
1809 443 1870 503 mit
1898 442 2015 502 Mühe
2049 442 2109 502 und
2143 445 2282 505 Kosten,

1269 490 1366 550 theils
1394 490 1503 550 selbst,
1531 491 1623 551 theils
1651 491 1737 551 durch
1765 491 1863 551 andre
1891 488 2071 548 zusammen
2110 492 2278 552 gebracht;

1274 538 1342 598 was
1369 539 1592 599 insonderheit
1620 541 1725 601 einige
1747 542 1922 602 Liebhaber
1955 539 2007 599 von
2041 542 2284 602 Börnsteinna¬

1270 586 1409 646 turalien
1440 586 1465 646 zu
1492 586 1723 646 verschiedenen
1749 592 1852 652 Zeiten
1883 589 2037 649 besessen,
2074 589 2171 649 siehet
2198 589 2264 649 man

1273 637 1437 697 nunmehr
1459 637 1484 697 in
1521 637 1619 697 diesem
1661 637 1871 697 Preußischen
1903 638 2058 698 Cabinett
2084 640 2280 700 vereiniget.

1270 685 1434 745 Ueberdem
1486 687 1548 747 sind
1584 687 1687 747 kleine
1718 688 1970 748 Sammlungen
2017 688 2079 748 aus
2115 691 2280 751 Holland,

240 730 288 790 des
315 730 471 790 Beyfalls
493 732 569 792 aller
591 731 845 791 vernünftigen,
878 733 905 793 so
938 733 996 793 wie
1024 735 1104 795 aller
1133 733 1235 793 seiner
1273 733 1478 793 Hamburg,
1517 733 1656 793 Lübeck,
1695 736 1846 796 Berlin,
1885 736 2003 796 Halle,
2047 739 2171 799 Leipzig
2215 739 2273 799 und

1268 778 1458 838 Dreßden,
1484 781 1546 841 wie
1572 784 1644 844 auch
1681 784 1783 844 einige
1820 782 1944 842 Stücke
1975 785 2031 845 aus
2068 786 2119 846 des
2151 786 2263 846 großen

1279 828 1389 888 Arztes
1417 829 1549 889 Gerh.
1566 831 1798 891 Paludans
1826 834 1970 894 Nachlaß
2003 834 2080 894 dazu
2103 836 2273 896 gestoßen;

1270 879 1455 939 desjenigen
1492 879 1574 939 nicht
1601 879 1626 939 zu
1663 882 1848 942 gedenken,
1890 880 1957 940 was
1989 881 2071 941 sonst
2102 883 2127 943 in
2164 885 2262 945 vielen

1274 927 1403 987 Jahren
1441 925 1495 985 von
1523 926 1739 986 Preußischen
1778 927 1837 987 und
1870 927 2005 987 fremden
2039 933 2265 993 Naturgütern

1273 975 1608 1035 zusammengetragen
1645 975 1804 1035 worden,
1835 975 1970 1035 welches
2006 980 2078 1040 alles
2109 981 2135 1041 in
2171 981 2263 1041 diesen

1274 1019 1395 1079 Schatz
1418 1019 1501 1079 nicht
1518 1022 1633 1082 anders
1662 1022 1705 1082 als
1734 1022 1811 1082 viele
1828 1022 1938 1082 Bäche
1961 1025 1982 1085 in
2016 1028 2099 1088 einen
2122 1026 2187 1086 See
2210 1029 2276 1089 ein¬

1272 1067 1405 1127 geleitet
1430 1067 1578 1127 worden.

1320 1109 1405 1169 Wie
1434 1115 1501 1175 dies
1536 1115 1734 1175 angeführte
1763 1115 1847 1175 einen
1882 1115 1961 1175 jeden
1995 1118 2182 1178 überhaupt
2211 1121 2266 1181 von

1273 1160 1322 1220 der
1348 1159 1475 1219 Menge
1500 1160 1556 1220 und
1582 1161 1733 1221 Vielheit
1754 1163 1804 1223 der
1820 1160 1946 1220 Sachen
1977 1163 2002 1223 in
2033 1166 2204 1226 demselben
2230 1169 2280 1229 be¬

1273 1207 1503 1267 nachrichtigen
1539 1207 1644 1267 kann,
1670 1209 1695 1269 so
1726 1210 1877 1270 verdient
1902 1211 1972 1271 auch
2013 1212 2058 1272 die
2089 1213 2163 1273 gute
2189 1213 2279 1273 Ord¬

1270 1258 1352 1318 nung
1379 1255 1519 1315 bemerkt
1541 1252 1571 1312 zu
1603 1258 1743 1318 werden,
1754 1257 1821 1317 nach
1848 1258 1977 1318 welcher
1999 1261 2076 1321 diese
2103 1261 2274 1321 zahlreiche

1274 1306 1398 1366 Stücke
1426 1309 1626 1369 aufgestellet
1654 1309 1735 1369 sind.
1807 1307 1855 1367 Es
1888 1309 2001 1369 würde
2029 1313 2176 1373 weniger
2204 1312 2279 1372 vor¬

1271 1363 1426 1423 theilhaft
1449 1360 1537 1420 seyn,
1549 1360 1638 1420 wenn
1667 1360 1783 1420 solche,
1794 1360 1849 1420 wie
1872 1360 1894 1420 in
1928 1363 2050 1423 einigen
2073 1363 2183 1423 andern
2206 1364 2278 1424 Na¬

1268 1410 1620 1470 turalienbehaltnissen
1652 1410 1823 1470 verwirret
1855 1410 1911 1470 wie
1943 1413 1989 1473 die
2010 1416 2196 1476 Leichnams
2218 1417 2274 1477 auf

1273 1458 1323 1518 dem
1369 1458 1611 1518 Schlachtfelde
1632 1461 1869 1521 übereinander
1890 1464 2021 1524 liegen,
2047 1464 2118 1524 oder
2138 1464 2198 1524 nur
2219 1464 2269 1524 zur

1273 1506 1376 1566 bloßen
1409 1508 1589 1568 Ergötzung
1623 1509 1671 1569 der
1693 1512 1802 1572 Augen
1841 1511 1906 1571 nach
1945 1512 2031 1572 einer
2059 1512 2271 1572 willkührlich

1268 1554 1546 1614 angenommenen
1577 1557 1729 1617 Gestalt,
1750 1560 1836 1620 ohne
1857 1559 1922 1619 eine
1948 1560 1973 1620 in
2004 1560 2054 1620 der
2080 1562 2191 1622 Natur
2227 1563 2277 1623 ge¬

1273 1603 1428 1663 grundete
1475 1602 1702 1662 Aehnlichkeit
1744 1606 1945 1666 beysammen
1992 1608 2059 1668 seyn
2111 1608 2271 1668 möchten.

1272 1646 1357 1706 Nur
1382 1646 1429 1706 bey
1458 1646 1543 1706 einer
1568 1649 1845 1709 wohlgetroffenen
1879 1653 2089 1713 Eintheilung
2123 1655 2194 1715 nach
2223 1655 2270 1715 der

1276 1694 1366 1754 Folge
1402 1691 1462 1751 und
1498 1691 1838 1751 Uebereinstimmung
1874 1694 1924 1754 der
1960 1696 2137 1756 Geschöpfe
2174 1699 2274 1759 selbst,

1273 1739 1343 1799 mag
1374 1734 1424 1794 das
1450 1736 1652 1796 Wachsthum
1704 1739 1753 1799 der
1774 1742 2057 1802 Naturgeschichte
2088 1745 2174 1805 durch
2210 1745 2280 1805 der¬

1273 1786 1408 1846 gleichen
1444 1784 1620 1844 zahlreiche
1646 1787 1898 1847 Sammlungen
1944 1788 2110 1848 befördert
2131 1793 2277 1853 werden.

1275 1832 1347 1892 Wie
1371 1832 1501 1892 muͤhsam
1541 1833 1569 1893 es
1598 1833 1659 1893 sey,
1683 1837 1710 1897 in
1739 1837 1897 1897 denselden
1932 1840 1994 1900 eine
2023 1840 2175 1900 geschickte
2193 1843 2271 1903 Ein¬

1263 1885 1409 1945 richtung
1435 1888 1465 1948 zu
1491 1886 1648 1946 machen,
1684 1888 1785 1948 davon
1826 1888 1942 1948 können
1983 1891 2039 1951 nur
2070 1891 2191 1951 wenige
2222 1891 2277 1951 ur¬

1264 1936 1409 1996 theilen,
1448 1936 1498 1996 die
1526 1936 1706 1996 gnugsame
1734 1939 1879 1999 Einsicht
1908 1939 2008 1999 hierin
2042 1939 2171 1999 haben,
2205 1942 2265 2002 und

1271 1985 1319 2045 die
1341 1986 1428 2046 selbst
1450 1984 1488 2044 ein
1527 1984 1640 2044 solches
1663 1987 1761 2047 Werk
1788 1989 2028 2049 ausgeführet.
2072 1989 2197 2049 Sogar
2230 1987 2278 2047 de¬

1268 2034 1352 2094 nen,
1374 2034 1422 2094 die
1443 2031 1490 2091 sich
1517 2031 1591 2091 ihre
1613 2034 1709 2094 ganze
1736 2037 1921 2097 Lebenszeit
1943 2037 2033 2097 allein
2060 2037 2117 2097 mit
2139 2037 2187 2097 der
2203 2037 2277 2097 Na¬

1264 2082 1537 2142 turwissenschaft
1562 2082 1789 2142 beschäftiget,
1819 2083 1858 2143 ist
1888 2085 1915 2145 es
1950 2085 2264 2145 höchstbeschwerlich

1276 2132 1434 2192 gewesen,
1467 2127 1683 2187 weitläuftige
1705 2133 2023 2193 Natumalienschätze
2050 2136 2076 2196 in
2119 2138 2181 2198 eine
2214 2135 2266 2195 der

1278 2181 1388 2241 Natur
1415 2178 1552 2238 gemäße
1579 2178 1736 2238 Ordnung
1768 2181 1799 2241 zu
1837 2184 1989 2244 bringen.
2048 2184 2263 2244 Börhave

1278 2229 1433 2289 bemerket
1454 2226 1478 2286 in
1514 2224 1564 2284 dem
1610 2223 1705 2283 Leben
1736 2229 2123 2289 Svammordams,
2149 2232 2178 2292 so
2209 2234 2274 2294 die¬

1268 2279 1316 2339 ses
1344 2277 1458 2337 letztern
1491 2273 1594 2333 Bibel
1616 2272 1664 2332 der
1687 2276 1800 2336 Natur
1823 2276 2008 2336 vorgesetzet
2030 2279 2078 2339 ist,
2095 2279 2144 2339 S.
2155 2279 2192 2339 5.
2209 2278 2268 2338 wie

1268 2326 1366 2386 dieser
1387 2324 1599 2384 unermüdete
1625 2324 1873 2384 Naturforscher
1900 2324 1982 2384 viele
2003 2324 2117 2384 Jahre
2143 2325 2261 2385 darauf

1268 2375 1454 2435 verwenden
1485 2372 1624 2432 müssen,
1646 2372 1671 2432 in
1703 2375 1796 2435 seines
1828 2373 1946 2433 Vaters
1973 2375 2267 2435 Naturalienkam¬

1264 2423 1330 2483 mer
1358 2423 1425 2483 eine
1448 2420 1604 2480 geschickte
1626 2423 1872 2483 Eintheilung,
1911 2423 1972 2483 und
2001 2422 2062 2482 mit
2090 2426 2185 2486 dieser
2213 2429 2257 2489 ein

1268 2473 1416 2533 richtiges
1448 2467 1659 2527 Verzeichniß
1692 2471 1718 2531 zu
1756 2473 1909 2533 machen,
1946 2471 2009 2531 und
2042 2472 2099 2532 wie
2126 2473 2158 2533 er
2190 2476 2269 2536 viel¬

1268 2521 1353 2581 mals
1390 2518 1528 2578 darüber
1566 2520 1768 2580 empfindlich
1806 2521 1971 2581 geklaget.
2030 2524 2103 2584 Bey
2147 2525 2242 2585 diesem

1269 2569 1480 2629 Preußischen
1514 2572 1861 2632 Naturaliencabinett
1883 2569 1942 2629 hat
1959 2571 2030 2631 man
2058 2572 2133 2632 diese
2155 2574 2263 2634 Mühe

1268 2620 1329 2680 und
1356 2619 1396 2679 die
1423 2616 1515 2676 vielen
1547 2620 1856 2680 Schwierigkeiten,
1877 2620 1985 2680 welche
2011 2623 2078 2683 noch
2109 2625 2238 2685 überdem

1270 2665 1323 2725 von
1366 2667 1412 2727 der
1445 2662 1524 2722 Lage
1551 2663 1609 2723 und
1642 2669 1901 2729 Beschaffenheit
1934 2670 2039 2730 unsers
2066 2671 2161 2731 Ortes
2194 2669 2267 2729 her¬

1265 2715 1416 2775 rühren,
1439 2709 1578 2769 glücklich
1607 2718 1850 2778 überwunden,
1877 2718 1937 2778 und
1970 2718 2056 2778 durch
2089 2718 2261 2778 fortgesetz¬

1258 2763 1305 2823 ten
1343 2760 1432 2820 Fleiß
1465 2757 1534 2817 eine
1561 2765 1719 2825 Ordnung
1752 2766 1932 2826 bewirket,
1965 2766 2018 2826 bey
2050 2767 2177 2827 welcher
2209 2765 2256 2825 die

1263 2814 1396 2874 Kenner
1418 2810 1512 2870 dieser
1534 2811 1661 2871 Sachen
1694 2815 1794 2875 wenig
1821 2817 1847 2877 zu
1880 2817 2023 2877 erinnern
2050 2815 2150 2875 finden
2178 2814 2267 2874 dörf¬

2178 2915 2244 2975 Na
