2479 3508
310 318 397 378 Man
427 318 486 378 hat
504 318 703 378 geglaubet,
728 317 780 377 daß
815 318 927 378 beydes
962 318 1009 378 die
1033 318 1180 378 Schaale
1204 318 1267 378 und

262 367 314 427 der
345 366 475 426 Körper
507 365 558 425 des
595 363 735 423 Thieres
767 366 824 426 aus
856 366 944 426 einem
996 365 1053 425 und
1090 366 1261 426 demselben

276 415 319 475 Ey
346 413 558 473 gekommen,
586 410 645 470 und
673 410 727 470 daß
760 411 830 471 jene
858 413 907 473 sich
940 413 966 473 so
999 413 1178 473 entwickele
1206 413 1265 473 und

280 463 393 523 größer
414 461 517 521 werde
538 460 584 520 als
606 461 719 521 dieser.
766 458 853 518 Doch
880 461 1003 521 dieses,
1029 458 1091 518 wie
1117 464 1194 524 schön
1236 461 1261 521 es

279 510 352 570 auch
381 509 426 569 sich
449 507 539 567 hören
568 509 659 569 läßt,
688 506 818 566 verhält
853 509 898 569 sich
932 509 954 569 in
989 508 1040 568 der
1069 509 1159 569 That
1188 509 1273 569 nicht

280 557 362 617 also.
409 559 460 619 Im
502 557 704 617 Gegentheil
720 557 849 617 scheinet
870 555 916 615 es,
932 556 989 616 daß
1016 557 1072 617 nur
1098 557 1186 617 allein
1212 557 1269 617 das

280 604 383 664 Thier
410 604 466 664 aus
497 604 543 664 dem
586 601 626 661 Ey
653 604 792 664 komme,
819 604 886 664 oder
912 604 995 664 darin
1026 604 1181 664 enthalten
1218 605 1274 665 sey,

276 703 410 763 welches
435 702 484 762 der
509 700 673 760 folgenden
703 697 772 757 Zeit
793 699 991 759 vorbehalten
1016 697 1164 757 worden.

1194 745 1279 805 wel¬

322 748 409 808 Herr
442 748 661 808 Reaumür
689 746 727 806 ist
750 745 799 805 der
821 745 897 805 erste
920 745 1155 805 Schriftsteller

277 795 339 855 cher
371 795 422 855 der
449 795 538 855 Welt
564 795 631 855 eine
653 792 830 852 Nachricht
857 792 914 852 von
951 792 1002 852 der
1029 795 1159 855 wahren
1196 794 1279 854 Zeu¬

280 846 444 906 gungsart
466 843 514 903 der
536 842 680 902 Schalen
707 840 935 900 mitgetheilet,
946 842 1004 902 und
1026 842 1073 902 sich
1101 843 1265 903 ungemein

281 892 358 952 viele
392 891 503 951 Mühe
531 891 664 951 gegeben
704 891 781 951 hat,
804 890 853 950 die
882 890 953 950 dazu
987 891 1137 951 nöthigen
1165 889 1276 949 Beob¬

283 942 460 1002 achtungen
496 939 704 999 anzustellen.

787 935 821 995 Er
856 938 936 998 nahm
983 939 1098 999 wahr,
1133 939 1184 999 daß
1225 936 1270 996 die

286 987 410 1047 Schale
438 985 492 1045 der
514 985 671 1045 gemeinen
705 981 970 1041 Gartenschnecke
987 984 1046 1044 aus
1074 984 1155 1044 einer
1172 982 1269 1042 zähen

284 1031 432 1091 Materie
463 1028 646 1088 sichtbarlich
681 1026 869 1086 verfertiget
890 1025 1023 1085 wurde,
1049 1030 1158 1090 welche
1178 1028 1276 1088 zuerst

284 1081 332 1141 als
360 1079 431 1139 eine
459 1076 677 1136 Feuchtigkeit
705 1073 764 1133 aus
798 1073 852 1133 dem
896 1073 1022 1133 Körper
1050 1074 1104 1134 des
1131 1075 1273 1135 Thieres

278 1127 518 1187 ausdünstete,
556 1124 619 1184 und
647 1123 764 1183 darauf
797 1121 866 1181 nach
899 1121 957 1181 und
995 1123 1064 1183 nach
1098 1124 1182 1184 durch
1215 1120 1284 1180 Be=

286 1175 437 1235 rührung
461 1175 507 1235 der
531 1172 607 1232 Luft
625 1172 671 1232 sich
695 1172 834 1232 härtete.

338 1224 382 1284 Es
406 1224 450 1284 ist
467 1224 512 1284 zur
535 1223 656 1283 Gnüge
680 1222 838 1282 bekannt,
862 1222 914 1282 daß
946 1219 997 1279 alle
1022 1216 1142 1276 Thiere
1166 1216 1286 1276 bestän=

284 1276 332 1336 dig
355 1276 572 1336 ausdünsten,
600 1273 659 1333 und
681 1272 741 1332 mit
763 1273 845 1333 einem
884 1268 1025 1328 gewissen
1058 1267 1281 1327 Dunstkreise,

285 1324 414 1384 welcher
441 1324 497 1384 aus
519 1321 611 1381 ihnen
638 1321 725 1381 selbst
747 1321 840 1381 seinen
872 1320 1032 1380 Ursprung
1064 1318 1198 1378 nimmt,
1214 1318 1271 1378 und

291 1375 339 1435 die
361 1372 458 1432 Figur
481 1369 567 1429 ihres
590 1369 736 1429 Körpers
758 1369 833 1429 hat,
861 1369 1013 1429 umgeben
1041 1369 1121 1429 sind.
1182 1366 1273 1426 Alles

283 1420 350 1480 was
382 1420 428 1480 die
450 1419 684 1479 Ausdünstung
716 1416 767 1476 der
790 1416 971 1476 Schnecken
1008 1413 1175 1473 besonders
1212 1413 1279 1473 hat,

278 1467 349 1527 ist,
388 1470 442 1530 daß
475 1465 524 1525 ihr
552 1464 753 1524 Dunstkreis
787 1461 819 1521 um
869 1464 907 1524 sie
940 1464 1032 1524 herum
1082 1461 1158 1521 hart
1181 1461 1278 1521 wird,

285 1515 331 1575 bis
374 1515 404 1575 er
447 1515 482 1575 zu
525 1515 608 1575 einer
645 1513 712 1573 Art
754 1512 838 1572 eines
885 1512 1057 1572 steinernen
1104 1509 1276 1569 Gehäuses

285 1563 419 1623 kömmt,
446 1563 591 1623 welches,
617 1560 695 1620 weil
716 1560 747 1620 es
773 1560 980 1620 allenthalben
1012 1560 1042 1620 an
1069 1557 1157 1617 ihrem
1199 1557 1281 1617 Kör¬

288 1610 342 1670 per
363 1610 504 1670 anliegt,
530 1610 595 1670 auch
626 1608 756 1668 einerley
782 1608 878 1668 Figur
904 1608 958 1668 mit
979 1605 1145 1665 demselben
1176 1602 1271 1662 haben

289 1655 391 1715 muß:
429 1652 466 1712 da
500 1652 654 1712 hingegen
692 1651 738 1711 der
771 1649 968 1709 Dunstkreis
1002 1649 1133 1709 anderer
1166 1644 1282 1704 Thiere

296 1697 345 1757 sich
373 1697 590 1757 gemeiniglich
618 1694 808 1754 zerstreuet,
831 1691 889 1751 und
926 1691 948 1751 in
984 1691 1034 1751 der
1062 1688 1274 1748 umgebenden

287 1743 361 1803 Luft
381 1741 430 1801 sich
455 1739 617 1799 verlieret.
667 1736 786 1796 Dieser
811 1733 1003 1793 Unterscheid
1033 1733 1067 1793 ist
1092 1733 1215 1793 klarlich
1250 1728 1275 1788 in

291 1793 348 1853 der
370 1790 628 1850 Beschaffenheit
645 1787 692 1847 der
719 1787 972 1847 ausdünstenden
999 1784 1136 1844 Materie
1158 1781 1289 1841 gegrün¬

293 1843 367 1903 det,
394 1840 441 1900 als
463 1840 569 1900 welche
601 1840 649 1900 bey
687 1837 734 1897 den
766 1837 946 1897 Schnecken
984 1834 1042 1894 von
1074 1834 1196 1894 zäher,
1218 1831 1276 1891 und

294 1892 442 1952 gleichsam
476 1890 635 1950 steinigter
658 1888 772 1948 Natur
795 1886 851 1946 ist.
898 1885 948 1945 Es
977 1885 1017 1945 ist
1046 1882 1141 1942 daher
1165 1883 1283 1943 gewiß,

298 1941 349 2001 daß
375 1941 452 2001 diese
479 1939 597 1999 Schale
624 1936 675 1996 gar
702 1936 784 1996 nicht
805 1933 851 1993 die
872 1933 981 1993 Natur
1017 1933 1068 1993 der
1095 1930 1275 1990 thierischen

285 1992 431 2052 Knochen
463 1987 569 2047 habe,
590 1987 666 2047 weil
687 1984 721 2044 sie
752 1984 854 2044 weder
885 1982 945 2042 wie
972 1981 1088 2041 andere
1119 1981 1286 2041 Knochen,

290 2040 338 2100 als
365 2038 471 2098 irgend
509 2035 593 2095 eines
620 2034 801 2094 thierischen
839 2031 982 2091 Körpers
1015 2028 1152 2088 gebildet
1180 2025 1280 2085 wird;

293 2088 418 2148 sondern
459 2084 529 2144 bloß
561 2083 646 2143 durch
682 2082 763 2142 einen
799 2079 990 2139 allmalichen
1032 2077 1138 2137 Zusatz
1164 2074 1279 2134 kleiner

303 2133 497 2193 Theilchen;
524 2131 577 2191 daß
605 2130 658 2190 wir
686 2130 744 2190 also
767 2127 831 2187 hier
853 2127 896 2187 ein
918 2127 1074 2187 Beyspiel
1090 2124 1208 2184 haben,
1220 2121 1268 2181 von

301 2226 528 2286 Bildungsart
554 2223 608 2283 von
641 2222 695 2282 den
721 2220 862 2280 Steinen
894 2222 954 2282 und
987 2224 1103 2284 andern
1129 2220 1276 2280 Fossilien

292 2273 470 2333 erborget.

343 2318 419 2378 Der
448 2317 536 2377 Kopf
553 2312 603 2372 der
625 2312 786 2372 Schnecke
803 2315 842 2375 ist
865 2318 986 2378 allezeit
1015 2317 1047 2377 an
1086 2315 1136 2375 dem
1181 2312 1286 2372 Mun¬

285 2372 337 2432 de,
358 2371 425 2431 oder
452 2366 503 2426 der
525 2360 675 2420 Oefnung
707 2360 754 2420 der
781 2366 926 2426 Schale,
953 2366 1010 2426 und
1036 2366 1088 2426 der
1109 2360 1276 2420 Schwanz

291 2423 327 2483 an
365 2423 412 2483 dem
460 2411 756 2471 entgegengesetzten
789 2414 904 2474 Ende,
937 2414 1010 2474 oder
1043 2413 1100 2473 wie
1128 2411 1196 2471 man
1234 2410 1281 2470 ge¬

294 2470 476 2530 meiniglich
499 2461 603 2521 redet,
626 2456 659 2516 an
687 2454 736 2514 der
759 2455 869 2515 Spitze
892 2461 941 2521 der
969 2461 1118 2521 Schale,
1141 2458 1201 2518 und
1229 2457 1278 2517 der

291 2518 480 2578 Schnecke,
502 2512 632 2572 welcher
654 2502 702 2562 sich
730 2503 784 2563 von
812 2508 941 2568 Natur,
974 2509 1033 2569 aus
1067 2506 1191 2566 welcher
1218 2505 1283 2565 Ur¬

290 2567 370 2627 sache
391 2565 423 2625 es
445 2563 513 2623 auch
546 2559 609 2619 seyn
637 2555 737 2615 mag,
759 2551 785 2611 in
823 2551 886 2611 eine
908 2557 1190 2617 Schraubenlinie
1217 2553 1281 2613 dre¬

294 2613 369 2673 het,
397 2611 521 2671 bringet
544 2605 587 2665 die
604 2602 815 2662 Windungen
843 2597 886 2657 der
914 2601 1033 2661 Schale
1056 2602 1185 2662 hervor.

341 2658 449 2718 Wenn
475 2656 521 2716 die
547 2655 706 2715 Schnecke
727 2647 815 2707 nackt
836 2644 887 2704 aus
919 2647 970 2707 dem
1012 2649 1052 2709 Ey
1084 2649 1279 2709 gekommen,

294 2709 355 2769 und
383 2709 460 2769 ganz
477 2706 549 2766 klein
583 2703 644 2763 ist,
667 2699 794 2759 dunstet
811 2691 844 2751 sie
867 2694 1000 2754 alsobald
1034 2698 1122 2758 aus,
1151 2697 1211 2757 und
1240 2696 1272 2756 es

286 2759 386 2819 bildet
403 2757 453 2817 sich
482 2754 543 2814 eine
566 2751 716 2811 Schale,
745 2746 794 2806 die
823 2742 912 2802 ihrer
941 2743 1052 2803 kleinen
1087 2745 1197 2805 Größe
1226 2743 1276 2803 ge¬

288 2811 357 2871 mäß
383 2809 439 2869 ist,
465 2806 522 2866 und
554 2804 585 2864 an
617 2804 693 2864 allen
725 2795 857 2855 Theilen
890 2790 977 2850 ihres
1003 2799 1142 2859 Körpers
1174 2796 1268 2856 dichte

1308 315 1482 375 anlieget,
1528 318 1657 378 welcher
1698 321 1770 381 noch
1805 322 1838 382 zu
1873 321 1945 381 zart
1974 319 2041 379 ist,
2082 323 2132 383 sich
2166 323 2194 383 in
2240 328 2307 388 eine

1315 363 1596 423 Schraubenlinie
1619 366 1646 426 zu
1685 369 1823 429 drehen.
1879 367 1983 427 Diese
2012 367 2138 427 Schale
2161 369 2199 429 ist
2227 374 2309 434 dem¬

1309 412 1381 472 nach
1413 410 1469 470 nur
1496 409 1553 469 erst
1574 410 1620 470 der
1646 415 1869 475 Mittelpunkt
1896 415 2072 475 derjenigen
2103 416 2315 476 Schrauben¬

1306 460 1417 520 linie,
1449 458 1564 518 welche
1591 459 1638 519 sich
1671 464 1824 524 nachhero
1851 462 1887 522 um
1930 464 2088 524 denselben
2125 464 2310 524 herumdre¬

1311 507 1386 567 het;
1406 506 1471 566 doch
1502 506 1557 566 mit
1578 508 1663 568 einem
1704 509 1754 569 gar
1779 512 1890 572 kleinen
1916 512 2061 572 Anfange
2087 512 2137 572 der
2163 512 2217 572 aus
2238 515 2288 575 dem

1311 554 1552 614 Mittelpunkte
1593 557 1809 617 entstehenden
1865 560 2061 620 Schraube.

2140 560 2301 620 Hernach

1310 601 1425 661 wächst
1447 601 1499 661 das
1526 601 1647 661 Thier;
1674 604 1763 664 wenn
1790 607 1822 667 es
1849 607 1906 667 nun
1938 608 2091 668 aufhören
2123 612 2202 672 sollte
2234 608 2313 668 aus¬

278 650 337 710 und
365 652 413 712 daß
446 652 489 712 die
511 652 662 712 Zeugung
690 652 738 712 der
766 652 890 712 Schale
918 650 961 710 ein
989 649 1173 709 Kunstwerk
1206 652 1270 712 sey,
1309 649 1520 709 zudünsten,
1558 651 1689 711 würden
1722 652 1770 712 die
1803 654 1895 714 neuen
1933 655 2047 715 Theile
2074 658 2128 718 des
2161 656 2307 716 Körpers

1309 694 1396 754 nackt
1423 694 1541 754 bleiben
1578 697 1717 757 müssen.
1764 700 1852 760 Doch
1889 703 1981 763 dafür
2013 706 2048 766 ist
2075 706 2234 766 gesorget:
2266 704 2297 764 es

1311 742 1441 802 dünstet
1457 745 1644 805 immerfort
1664 746 1739 806 aus,
1765 748 1825 808 und
1856 750 1936 810 jeder
1967 751 2063 811 Theil
2084 751 2133 811 des
2160 754 2305 814 Körpers

1313 792 1410 852 wird,
1431 792 1533 852 sobald
1553 792 1582 852 er
1607 795 1753 855 formiret
1773 795 1919 855 worden,
1940 798 1998 858 mit
2018 798 2169 858 derselben
2199 801 2306 861 Scha¬

1313 840 1461 900 lenrinde
1485 841 1639 901 bedecket,
1663 843 1773 903 welche
1798 843 1855 903 aus
1879 843 1927 903 der
1952 846 2004 906 neu
2038 849 2301 909 ausgedünsteten

1315 887 1377 947 und
1400 888 1433 948 an
1462 888 1512 948 der
1536 889 1609 949 Luft
1627 890 1671 950 sich
1700 891 1869 951 hartenden
1904 894 2045 954 Materie
2068 894 2214 954 entsteht.

1363 933 1438 993 Der
1465 933 1644 993 wachsende
1678 933 1801 993 Körper
1835 936 1883 996 der
1911 941 2079 1001 Schnecke
2106 945 2220 1005 drehet
2253 942 2296 1002 sich

1313 980 1395 1040 rund
1419 981 1454 1041 um
1496 981 1548 1041 den
1585 981 1673 1041 ersten
1715 978 1832 1038 Punkt
1863 982 1998 1042 herum,
2035 988 2093 1048 und
2129 992 2211 1052 wenn
2247 990 2311 1050 sol=

1312 1025 1381 1085 ches
1410 1025 1572 1085 geschehen
1608 1025 1665 1085 ist,
1695 1025 1764 1085 noch
1799 1025 1938 1085 einmal.
1985 1029 2043 1089 So
2067 1035 2147 1095 leget
2177 1037 2223 1097 sich
2258 1037 2298 1097 ein

1315 1070 1604 1130 Schraubengang
1629 1070 1681 1130 auf
1706 1072 1752 1132 den
1782 1072 1930 1132 andern,
1954 1073 1983 1133 da
2019 1075 2048 1135 zu
2085 1079 2214 1139 gleicher
2238 1082 2308 1142 Zeit

1317 1118 1365 1178 die
1387 1118 1506 1178 Schale
1533 1117 1576 1177 sich
1604 1116 1630 1176 in
1663 1118 1814 1178 derselben
1842 1121 1971 1181 Gestalt
1988 1123 2160 1183 formiret,
2183 1126 2220 1186 um
2269 1127 2301 1187 sie

1319 1171 1345 1231 zu
1377 1166 1535 1226 bedecken.
1588 1166 1657 1226 Die
1684 1166 1799 1226 andern
1837 1172 1942 1232 Kreise
1969 1172 2022 1232 der
2049 1172 2169 1232 Schale
2196 1175 2296 1235 bilden

1317 1215 1366 1275 sich
1389 1216 1543 1276 nachhero
1567 1216 1621 1276 auf
1644 1216 1771 1276 dieselbe
1794 1218 1916 1278 Weise,
1938 1219 2043 1279 welche
2072 1221 2121 1281 bey
2150 1221 2199 1281 der
2222 1221 2310 1281 Gar¬

1314 1264 1500 1324 tenschnecke
1532 1267 1680 1327 zuweilen
1718 1267 1766 1327 bis
1793 1267 1850 1327 auf
1877 1267 1941 1327 vier
1973 1270 2031 1330 und
2069 1273 2153 1333 einen
2192 1273 2302 1333 halben

1317 1317 1366 1377 sich
1395 1318 1555 1378 belaufen.

1366 1365 1431 1425 Aus
1457 1365 1548 1425 dieser
1566 1366 1756 1426 Erzeugung
1783 1366 1832 1426 der
1849 1366 1990 1426 Schalen
2016 1369 2115 1429 folget
2141 1369 2190 1429 nun
2224 1368 2306 1428 noth=

1314 1413 1467 1473 wendig,
1489 1413 1541 1473 daß
1574 1412 1616 1472 die
1638 1410 1732 1470 ersten
1759 1413 1870 1473 Kreise
1892 1415 1976 1475 einer
1998 1416 2109 1476 jungen
2136 1416 2310 1476 Schnecke,

1309 1461 1419 1521 welche
1446 1461 1541 1521 davon
1572 1461 1628 1521 nur
1653 1461 1708 1521 erst
1729 1461 1825 1521 zween
1856 1461 1927 1521 hat,
1948 1464 2064 1524 gerade
2085 1464 2150 1524 eben
2181 1464 2206 1524 so
2232 1464 2302 1524 groß

1314 1510 1375 1570 seyn
1402 1509 1541 1569 müssen,
1563 1508 1609 1568 als
1636 1509 1682 1569 die
1708 1509 1822 1569 beyden
1848 1509 1942 1569 ersten
1973 1512 2082 1572 Kreise
2103 1512 2186 1572 einer
2212 1511 2300 1571 völlig

1314 1556 1525 1616 erwachsenen
1552 1557 1737 1617 Schnecke,
1763 1557 1809 1617 die
1830 1557 1980 1617 derselben
2011 1557 2072 1617 vier
2094 1559 2166 1619 hat.
2197 1558 2295 1618 Denn

1310 1603 1384 1663 alles
1419 1605 1487 1665 was
1518 1602 1576 1662 von
1611 1602 1665 1662 der
1690 1602 1818 1662 Schale
1849 1599 1972 1659 einmal
1997 1602 2090 1662 fertig
2121 1602 2307 1662 geworden,

1313 1646 1391 1706 kann
1436 1643 1485 1703 sich
1520 1643 1647 1703 hernach
1682 1642 1711 1702 in
1751 1642 1799 1702 sich
1834 1643 1922 1703 selbst
1947 1643 2031 1703 nicht
2066 1646 2153 1706 mehr
2184 1643 2310 1703 vergrö¬

1314 1685 1416 1745 ßern:
1440 1685 1570 1745 sondern
1604 1685 1687 1745 wenn
1716 1685 1753 1745 sie
1776 1685 1963 1745 zunimmt,
1991 1685 2019 1745 so
2052 1688 2126 1748 wird
2159 1690 2219 1750 nur
2248 1690 2308 1750 im¬

1317 1728 1381 1788 mer
1414 1730 1458 1790 ein
1491 1730 1588 1790 neues
1616 1730 1724 1790 Stück
1753 1730 1801 1790 der
1823 1730 1948 1790 Schale
1975 1733 2007 1793 an
2047 1734 2095 1794 dem
2144 1736 2301 1796 äußersten

1317 1781 1438 1841 Rande
1462 1781 1650 1841 angesetzet.
1706 1779 1795 1839 Doch
1834 1784 1917 1844 setzet
1946 1784 1989 1844 sich
2023 1784 2057 1844 an
2096 1786 2145 1846 der
2174 1788 2301 1848 inneren

1322 1831 1421 1891 Seite
1449 1831 1548 1891 etwas
1571 1834 1659 1894 mehr
1681 1832 1830 1892 Materie
1853 1832 1919 1892 an,
1942 1834 1980 1894 um
2025 1837 2074 1897 die
2096 1837 2218 1897 Schale
2246 1840 2301 1900 mit

1314 1883 1365 1943 der
1386 1882 1458 1942 Zeit
1479 1882 1593 1942 stärker
1614 1882 1645 1942 zu
1671 1883 1816 1943 machen.
1868 1882 1965 1942 Denn
1997 1884 2064 1944 man
2091 1885 2162 1945 kann
2199 1887 2302 1947 allzeit

1319 1930 1432 1990 sehen,
1459 1930 1545 1990 daß,
1573 1930 1707 1990 obwohl
1730 1927 1772 1987 die
1805 1930 1896 1990 ersten
1924 1930 2031 1990 Kreise
2064 1930 2134 1990 oder
2156 1930 2306 1990 Schrau¬

1316 1981 1480 2041 bengänge
1507 1978 1553 2038 bey
1580 1978 1667 2038 einer
1693 1978 1806 2038 jungen
1833 1981 2018 2041 Schnecke,
2049 1978 2106 2038 von
2143 1978 2292 2038 derselben

1312 2025 1427 2085 Größe
1462 2025 1522 2085 mit
1545 2025 1628 2085 einer
1662 2025 1778 2085 älteren
1812 2025 1901 2085 sind,
1929 2025 2084 2085 dieselben
2118 2025 2185 2085 doch
2219 2025 2307 2085 nach¬

1316 2073 1391 2133 hero
1419 2073 1483 2133 viel
1511 2073 1602 2133 dicker
1636 2073 1786 2133 werden,
1820 2074 1868 2134 als
1901 2073 1938 2133 sie
1966 2076 2144 2136 anfänglich
2183 2076 2306 2136 waren.

1315 2121 1391 2181 Das
1420 2118 1673 2178 neuerwachsene
1696 2118 1795 2178 Theil
1813 2118 1862 2178 des
1890 2121 2044 2181 Thieres,
2067 2124 2194 2184 welches
2222 2124 2304 2184 sonst

300 2181 382 2241 einem
424 2178 535 2238 Theile
554 2178 635 2238 eines
660 2175 836 2235 thierischen
866 2175 1030 2235 Körpers,
1048 2172 1177 2232 welcher
1196 2171 1277 2231 seine
1320 2169 1408 2229 nackt
1426 2165 1579 2225 geblieben
1609 2163 1708 2223 wäre,
1733 2166 1879 2226 formiret
1897 2170 2209 2230 angezeigtermaßen
2239 2172 2309 2232 ver¬

1317 2217 1447 2277 mittelst
1482 2213 1532 2273 der
1561 2214 1794 2274 Ausdünstung
1834 2211 1902 2271 eine
1936 2214 2066 2274 Decke,
2095 2218 2208 2278 welche
2243 2220 2299 2280 das

1320 2264 1399 2324 schon
1428 2263 1558 2323 bedeckte
1581 2258 1677 2318 Theil
1701 2261 1756 2321 nur
1780 2258 1870 2318 dicker
1893 2258 1950 2318 und
1979 2261 2091 2321 stärker
2115 2261 2233 2321 macht.

1357 2312 1402 2372 An
1433 2312 1483 2372 den
1519 2307 1711 2367 gemeinen,
1742 2309 1859 2369 kleinen
1895 2307 1950 2367 und
1981 2304 2133 2364 schönsten
2159 2309 2305 2369 Garten¬

1317 2363 1494 2423 schnecken,
1522 2357 1559 2417 ist
1582 2354 1629 2414 die
1652 2358 1868 2418 Grundfarbe
1901 2357 1949 2417 der
1983 2354 2106 2414 Schale
2129 2357 2306 2417 gemeinig¬

1317 2411 1367 2471 lich
1396 2408 1542 2468 gelblich,
1566 2402 1700 2462 weißlich
1729 2407 1796 2467 oder
1819 2408 1943 2468 röthlich
2000 2404 2056 2464 und
2090 2405 2152 2465 mit
2175 2408 2304 2468 schwar¬

1312 2460 1367 2520 zen
1395 2456 1544 2516 Streifen
1583 2449 1654 2509 oder
1677 2455 1809 2515 Linien,
1843 2454 1886 2514 die
1920 2454 1980 2514 mit
1998 2452 2052 2512 den
2092 2458 2301 2518 Schrauben¬

1317 2506 1422 2566 kreisen
1449 2500 1644 2560 fortlaufen,
1666 2503 1851 2563 ausgelegt.
1900 2503 1973 2563 Der
2000 2503 2079 2563 Hals
2106 2506 2190 2566 einer
2212 2506 2302 2566 noch¬

1312 2554 1509 2614 wachsenden
1544 2548 1696 2608 Schnecke
1719 2551 1865 2611 formiret
1883 2551 2074 2611 vornämlich
2103 2554 2148 2614 die
2165 2555 2300 2615 Schale.

1312 2599 1430 2659 Dieser
1458 2600 1495 2660 ist
1523 2596 1647 2656 allezeit
1674 2599 1776 2659 nackt,
1810 2599 1868 2659 und
1907 2599 2042 2659 arbeitet
2069 2602 2226 2662 beständig
2259 2602 2291 2662 an

1316 2649 1490 2709 derjenigen
1528 2643 1654 2703 Decke,
1687 2646 1824 2706 welche,
1856 2646 1951 2706 indem
1999 2648 2051 2708 der
2079 2649 2162 2709 Hals
2189 2647 2294 2707 weiter

1319 2697 1435 2757 heraus
1468 2688 1606 2748 wächst,
1638 2692 1690 2752 dem
1733 2694 1898 2754 folgenden
1936 2694 2052 2754 Theile
2074 2695 2126 2755 des
2153 2694 2296 2754 Körpers

1311 2745 1429 2805 dienet.
1481 2736 1584 2796 Benn
1610 2742 1677 2802 man
1708 2742 1893 2802 annimmt,
1920 2742 1976 2802 daß
2002 2742 2094 2802 dieser
2116 2742 2197 2802 Hals
2224 2738 2290 2798 gelb

1309 2797 1382 2857 sey,
1408 2793 1469 2853 und
1507 2788 1537 2848 an
1574 2791 1654 2851 einer
1685 2793 1827 2853 gewissen
1865 2793 1976 2853 Stelle
2007 2793 2093 2853 einen
2124 2787 2290 2847 schwarzen

2158 2838 2287 2898 Flecken
