2479 3508
159 369 381 429 Naturstücke
407 358 456 418 die
476 352 673 412 Verfügung
705 347 870 407 gemacht,
896 348 1009 408 welche
1042 346 1091 406 für
1124 347 1167 407 die

169 416 377 476 vernünftige
403 401 604 461 Erkänntniß
630 392 674 452 der
700 392 812 452 Natur
845 392 907 452 und
933 395 989 455 für
1022 395 1071 455 das
1097 392 1172 452 Ge¬

163 461 329 521 dächtniß,
355 452 447 512 unter
479 444 552 504 allen
585 440 634 500 die
659 443 937 503 vortheilhafteste
963 443 1031 503 ist;
1056 443 1142 503 indem

170 510 250 570 jedem
291 499 483 559 Naturreich
518 490 558 550 ein
594 488 779 548 besonderer
802 494 901 554 Raum
948 491 1161 551 angewiesen,

165 556 221 616 und
250 551 306 611 das
330 547 352 607 so
381 540 461 600 jedem
507 537 717 597 beyzuzahlen
746 541 769 601 in
798 542 1031 602 Ordnungen,
1054 542 1151 602 Fami

164 599 247 659 sien,
264 591 475 651 Geschlechter
498 583 553 643 und
587 586 714 646 Arten,
737 588 809 648 nach
837 589 887 649 den
921 589 1154 649 mehrentheils

163 643 354 703 äußerlichen
391 634 593 694 Merkmalen
620 634 832 694 abgesondert
853 637 997 697 worden.
1050 635 1153 695 Wenn

162 692 256 752 gleich
279 685 423 745 hiedurch
452 682 473 742 in
508 682 652 742 mancher
681 685 803 745 Absicht
826 685 875 745 der
893 685 1082 745 Schönheit
1099 685 1160 745 und

157 735 206 795 dem
247 733 360 793 außern
390 730 524 790 Aufputz
545 731 643 791 etwas
669 736 882 796 benommen,
898 736 992 796 indem
1032 736 1071 796 ein
1101 736 1155 796 das

161 784 259 844 ganze
280 781 342 841 mit
363 778 445 838 einem
488 781 554 841 mal
570 781 782 841 übersehende
804 784 896 844 Auge
923 783 974 843 itzo
1006 784 1161 844 vielleicht

160 831 303 891 weniger
333 828 492 888 reizendes
526 830 645 890 findet,
671 830 718 890 als
752 832 839 892 wenn
878 831 954 891 alles
988 831 1074 891 ohne
1109 829 1166 889 na¬

158 879 292 939 türliche
324 876 483 936 Ordnung
515 877 587 937 blos
619 879 670 939 zur
697 879 841 939 Pracht,
868 881 924 941 wie
945 879 971 939 in
1002 880 1162 940 Grotten,

163 927 210 987 die
232 924 374 984 Thiere,
401 927 602 987 Gewächse,
629 927 777 987 Steine,
804 930 988 990 Conchilien
1015 928 1073 988 und
1100 927 1163 987 Co=

162 975 260 1035 rallen
290 975 319 1035 zu
345 975 427 1035 einer
453 977 591 1037 gewissen
626 978 857 1038 unerwarteten
887 978 1014 1038 Gestalt
1045 978 1162 1038 zusam¬

154 1073 202 1133 lich
231 1076 405 1136 prächtigen
439 1077 647 1137 Gegenstand
669 1076 701 1136 zu
724 1076 861 1136 zeigen;
883 1077 915 1137 so
943 1076 981 1136 ist
1009 1079 1080 1139 doch
1108 1079 1167 1139 all¬

159 1124 224 1184 hier
251 1124 294 1184 die
317 1127 452 1187 Absicht,
480 1126 546 1186 eine
568 1127 927 1187 zusammenhangende
950 1127 1151 1187 Erkänntniß

161 1175 212 1235 der
239 1175 347 1235 Natur
373 1175 398 1235 zu
425 1172 616 1232 erweitern,
643 1175 823 1235 glücklicher
845 1175 1010 1235 erreichet.
1057 1178 1155 1238 Ohne

162 1222 302 1282 Zweifel
319 1222 356 1282 ist
378 1222 404 1282 es
427 1222 632 1282 zuträglicher
660 1224 713 1284 für
736 1224 784 1284 den
817 1225 995 1285 Verstand,
1012 1224 1065 1284 das
1093 1224 1162 1284 Ge¬

411 1357 604 1417 Berlin,
629 1360 677 1420 den
714 1360 774 1420 22.
806 1360 914 1420 May.

205 1404 255 1464 Am
300 1402 533 1462 Sonnabende
556 1404 767 1464 Vormittage
795 1404 895 1464 rückte
924 1403 984 1463 aus
1013 1402 1145 1462 Bernau

161 1452 202 1512 ein
234 1449 399 1509 Bataillon
435 1450 492 1510 von
529 1450 580 1510 dem
627 1452 896 1512 Itzenplitzischen
933 1451 1155 1511 Garnisonre¬

161 1500 301 1560 gimente
322 1500 389 1560 hier
411 1500 478 1560 ein,
505 1500 540 1560 um
582 1501 728 1561 während
760 1503 806 1563 der
833 1502 947 1562 großen
973 1503 1087 1563 Revüe
1114 1500 1160 1560 die

158 1553 306 1613 Schloß=
323 1551 381 1611 und
408 1552 524 1612 andere
546 1553 695 1613 Wachten
722 1554 753 1614 zu
780 1554 923 1614 besetzen.
955 1553 998 1613 Am
1035 1551 1157 1611 Sonn=

157 1603 223 1663 tage
252 1602 318 1662 früh
347 1602 530 1662 marschirte
553 1605 608 1665 das
636 1605 981 1665 Cavallevieregiment
1004 1605 1070 1665 Sr.
1093 1603 1154 1663 Kö=

154 1654 242 1714 nigl.
270 1655 398 1715 Hoheit
421 1655 476 1715 des
505 1655 649 1715 Prinzen
684 1656 861 1716 Heinrichs
901 1654 956 1714 von
996 1654 1145 1714 Preußen

163 1707 247 1767 durch
276 1706 389 1766 hiesige
412 1707 611 1767 Residenzien
640 1706 696 1766 vor
719 1708 770 1768 das
799 1707 952 1767 Hallische
976 1706 1083 1766 Thor,
1100 1705 1134 1765 um

161 1757 292 1817 daselbst
323 1760 353 1820 zu
389 1757 581 1817 campiren,
622 1757 714 1817 allwo
745 1757 815 1817 auch
851 1758 891 1818 ein
932 1757 1064 1817 gleiches
1095 1754 1150 1814 von

166 1808 248 1868 zwey
275 1808 450 1868 Escadrons
482 1804 528 1864 der
555 1803 668 1863 Garde
694 1805 730 1865 du
762 1804 865 1864 Corps
892 1804 1056 1864 geschahe.
1104 1807 1150 1867 Zu

158 1858 288 1918 gleicher
314 1858 381 1918 Zeit
397 1854 517 1914 rückten
543 1851 616 1911 auch
647 1851 694 1911 die
726 1849 782 1909 zur
814 1847 928 1907 großen
965 1849 1079 1909 Revüe
1111 1847 1157 1907 be¬

161 1906 316 1966 stimmten
367 1897 792 1957 Infanterieregimenter,
832 1894 943 1954 Prinz
989 1897 1155 1957 Heinrich,

164 1954 269 2014 Prinz
291 1951 502 2011 Ferdinand,
524 1945 585 2005 von
614 1942 774 2002 Wunsch,
802 1940 857 2000 von
891 1939 1146 1999 Düringshofen

163 2005 223 2065 und
251 2002 356 2062 Prinz
374 1996 517 2056 Wilhelm
563 1992 617 2052 von
646 1990 895 2050 Braunschweig
929 1990 990 2050 mit
1013 1990 1156 2050 klingen=

154 2052 209 2112 den
243 2049 349 2109 Spiel
366 2046 422 2106 und
451 2040 617 2100 fliegenden
652 2037 780 2097 Fahnen
808 2037 874 2097 hier
897 2037 964 2097 ein.
1010 2037 1148 2097 Gestern

162 2100 233 2160 früh
278 2092 460 2152 marschirte
516 2088 565 2148 die
610 2088 808 2148 sämmtliche
859 2086 980 2146 hiesige
1019 2085 1157 2145 Garni¬

163 2145 209 2205 son
246 2142 333 2202 nebst
359 2142 410 2202 den
452 2139 664 2199 eingerückten
701 2136 928 2196 Regimentern
975 2133 1005 2193 in
1052 2133 1145 2193 bester

164 2193 298 2253 Parade
327 2190 380 2250 vor
413 2190 467 2250 das
501 2187 651 2247 Hallische
680 2184 766 2244 Thor
793 2187 820 2247 in
859 2187 907 2247 die
929 2184 1059 2244 Gegend
1092 2181 1146 2241 von

167 2243 382 2303 Tempelhof,
394 2237 496 2297 wohin
525 2234 569 2294 sich
599 2233 666 2293 auch
689 2231 763 2291 Sr.
786 2233 882 2293 Maj.
900 2234 944 2294 der
967 2231 1069 2291 König
1098 2230 1154 2290 mit

169 2294 252 2354 einem
295 2291 358 2351 sehr
380 2288 570 2348 zahlreichen
597 2279 739 2339 Gefolge
761 2282 914 2342 erhoben,
930 2282 988 2342 und
1015 2279 1067 2339 von
1094 2278 1146 2338 den

163 2342 374 2402 sämmtlichen
416 2335 648 2395 Regimentern
691 2330 892 2390 verschiedne
928 2328 1145 2388 Manöuvres

153 2393 275 2453 machen
308 2390 430 2450 ließen,
457 2385 483 2445 so
510 2382 584 2442 dann
617 2378 691 2438 über
713 2379 761 2439 die
788 2383 1000 2443 eingerückten
1033 2378 1155 2438 Caval¬

164 2439 255 2499 lerier
294 2440 353 2500 und
392 2431 787 2491 Infanterievegimenter
827 2432 875 2492 die
908 2428 1151 2488 Specialrevüe

158 2485 305 2545 hielten.

431 2527 582 2587 Wien,
611 2527 666 2587 vom
708 2527 749 2587 5.
777 2528 880 2588 May.

204 2575 277 2635 Die
301 2575 357 2635 vor
380 2578 499 2638 einigen
535 2575 643 2635 Tagen
666 2575 854 2635 geschehene
878 2578 1025 2638 Ankunft
1037 2572 1145 2632 unsres

154 2626 377 2686 Internuncii
395 2623 422 2683 zu
450 2623 735 2683 Constantinopel,
746 2629 919 2689 Freyherrn
942 2629 998 2689 von
1021 2622 1148 2682 Prenk=

158 2676 216 2736 ler,
238 2676 275 2736 ist
303 2673 447 2733 manchen
479 2670 650 2730 voreiligen
682 2674 965 2734 Staatsgrüblern
997 2672 1152 2732 bedenkli=

157 2725 223 2785 cher
246 2722 512 2782 vorgekommen,
546 2720 595 2780 als
624 2720 673 2780 die
702 2724 812 2784 Sache
846 2726 901 2786 von
935 2727 985 2787 sich
1019 2721 1135 2781 selbsten

154 2778 207 2838 ist.
255 2772 345 2832 Man
375 2772 554 2832 verninmt
572 2772 787 2832 zuverläßig,
811 2775 864 2835 daß
895 2779 984 2839 Ihro
1002 2771 1151 2831 Kayserl.

162 2829 304 2889 Königl.
327 2823 429 2883 Maj.
453 2821 548 2881 diesen
577 2823 737 2883 Minister
766 2822 810 2882 die
834 2827 1066 2887 Anheroreise,
1095 2820 1129 2880 um

158 2880 234 2940 seine
264 2876 352 2936 eigne
377 2871 820 2931 Familienangelegenheiten
856 2876 879 2936 in
909 2876 1063 2936 Ordnung
1099 2873 1127 2933 zu
1181 2870 1234 2930 der
1258 2872 1370 2932 Krone
1400 2878 1488 2938 selbst
1513 2879 1743 2939 administriret
1773 2873 1926 2933 werden,
1951 2873 1997 2933 die
2022 2872 2162 2932 Pächter

1196 346 1342 406 dächtniß
1370 348 1429 408 und
1451 348 1500 408 die
1522 345 1706 405 Erlernung
1734 351 1783 411 der
1800 351 2098 411 Naturgeschichte,
2110 351 2190 411 wenn

1200 395 1333 455 Körper
1359 395 1415 455 und
1442 392 1684 452 Materialien,
1710 395 1756 455 die
1782 398 1848 458 nach
1875 398 1957 458 ihrem
1999 400 2199 460 Ursprunge,

1201 441 1254 501 der
1277 443 1400 503 Anlage
1433 443 1493 503 und
1526 443 1574 503 der
1596 443 1817 503 Aehnlichkeit
1845 449 2023 509 zusammen
2056 449 2190 509 gehören

1200 489 1259 549 und
1285 491 1456 551 verwandt
1477 491 1563 551 sind,
1589 493 1658 553 auch
1689 494 1775 554 nahe
1806 496 1856 556 bey
1892 499 2043 559 einander
2079 500 2199 560 stehen,

1190 536 1278 596 wenn
1310 539 1398 599 gleich
1425 539 1560 599 dadurch
1597 539 1648 599 der
1675 543 1842 603 sinnlichen
1874 548 2061 608 Schönheit
2088 548 2192 608 etwas

1198 586 1344 646 entzogen
1375 588 1511 648 würde;
1537 587 1627 647 indem
1668 586 1734 646 man
1770 589 1820 649 bey
1851 592 1966 652 solcher
1987 597 2189 657 Anordnung

1198 633 1282 693 einen
1315 637 1393 697 jeden
1425 634 1509 694 durch
1542 634 1594 694 den
1621 634 1832 694 Augenschein
1870 640 2059 700 überführen
2097 646 2197 706 kann,

1194 681 1294 741 worin
1323 685 1371 745 die
1396 685 1597 745 verwandten
1627 685 1756 745 Sachen
1791 688 2104 748 übereinstimmen,
2133 694 2190 754 und

1191 734 1332 794 wodurch
1365 733 1398 793 sie
1421 734 1469 794 sich
1497 733 1753 793 unterscheiden.
1798 736 1950 796 Denen,
1978 738 2022 798 die
2044 741 2125 801 nicht
2153 742 2202 802 so¬

1187 783 1280 843 wohl
1297 784 1358 844 mit
1380 781 1473 841 diesen
1505 784 1630 844 Gütern
1662 784 1713 844 der
1735 783 1849 843 Natur
1882 783 1943 843 wie
1965 786 2089 846 Kinder
2121 789 2199 849 spie¬

1185 831 1262 891 len,
1289 831 1335 891 als
1362 831 1517 891 vielmehr
1539 831 1585 891 sich
1611 832 1647 892 um
1690 833 1773 893 eine,
1799 831 1825 891 so
1851 834 1913 894 viel
1934 834 2085 894 möglich,
2111 840 2199 900 deut.

1198 879 1270 939 liche
1291 879 1430 939 Einsicht
1451 880 1549 940 davon
1580 882 1760 942 bewerben,
1787 882 1864 942 wird
1890 884 1962 944 diese
1988 887 2189 947 Anordnung

1190 927 1236 987 die
1268 930 1444 990 nützlichste
1471 930 1559 990 seyn.
1632 930 1741 990 Wenn
1773 932 1877 992 jedoch
1909 933 1960 993 der
1997 936 2090 996 Raum
2143 937 2194 997 der

1193 978 1382 1038 Schranken
1415 978 1475 1038 und
1502 980 1735 1040 Behältnisse,
1763 981 1833 1041 oder
1866 982 1915 1042 die
1937 982 2050 1042 Größe
2084 987 2202 1047 einzel¬

158 1022 368 1082 mengefüget
395 1028 528 1088 wären,
560 1028 595 1088 um
642 1028 694 1088 dem
735 1028 858 1088 Gesicht
890 1028 972 1088 einen
1008 1028 1157 1088 wunder=
1194 1026 1250 1086 ner
1277 1028 1400 1088 Stüke
1421 1028 1498 1088 diese
1524 1028 1699 1088 natürliche
1726 1031 1879 1091 Ordnung
1916 1031 1977 1091 und
2009 1034 2106 1094 Folge
2138 1036 2199 1096 auf

1190 1077 1341 1137 einander
1368 1079 1449 1139 nicht
1469 1079 1632 1139 verstatten
1663 1079 1800 1139 wollen,
1826 1079 1851 1139 so
1877 1082 1933 1142 hat
1953 1083 2024 1143 man
2056 1083 2101 1143 sich
2132 1083 2187 1143 kein

1193 1127 1363 1187 Bedenken
1395 1130 1554 1190 gemacht,
1586 1129 1612 1189 in
1645 1130 1761 1190 solchem
1804 1130 1883 1190 Fall
1911 1131 1968 1191 von
2006 1134 2059 1194 der
2086 1136 2197 1196 vorge=

1193 1178 1363 1238 zeichneten
1396 1175 1499 1235 Regel
1528 1175 1768 1235 abzuweichen.

1394 1224 1479 1284 (Die
1500 1225 1701 1285 Fortsetzung
1728 1225 1815 1285 folgt
1836 1225 1995 1285 künftig.)

1189 1360 1319 1420 bringen
1350 1360 1522 1420 erlaubet,
1553 1363 1677 1423 folglich
1714 1363 1767 1423 daß
1804 1363 1898 1423 solche
1929 1363 1993 1423 eine
2024 1366 2190 1426 häusliche

1186 1404 1486 1464 Nothwendigkeit
1511 1405 1560 1465 zum
1599 1407 1742 1467 Grunde
1762 1409 1860 1469 habe.
1905 1407 2008 1467 Unter
2038 1411 2091 1471 den
2121 1416 2194 1476 De¬

1190 1452 1339 1512 peschen,
1366 1452 1474 1512 welche
1500 1455 1588 1515 unser
1604 1455 1670 1515 Hof
1692 1458 1748 1518 von
1774 1457 1887 1517 andern
1919 1458 2037 1518 erhält,
2059 1461 2193 1521 beschäf¬

1187 1503 1302 1563 tigen,
1329 1501 1378 1561 die
1399 1503 1449 1563 von
1481 1503 1632 1563 Dresden
1663 1506 1723 1566 und
1749 1506 1804 1566 von
1835 1506 2037 1566 Warschau,
2064 1509 2194 1569 sonder¬

1185 1552 1236 1612 lich
1268 1554 1320 1614 das
1346 1554 1601 1614 Ministerium,
1633 1557 1694 1617 und
1726 1557 1793 1617 man
1835 1557 1955 1617 nimmt
1982 1557 2100 1617 wahr,
2127 1560 2178 1620 daß

1188 1603 1238 1663 der
1272 1603 1343 1663 Hof
1372 1605 1427 1665 auf
1456 1606 1505 1666 den
1545 1607 1673 1667 jetzigen
1707 1608 1840 1668 Zustand
1885 1607 1940 1667 der
1980 1607 2108 1667 Sachen
2153 1610 2180 1670 in

1196 1652 1320 1712 Pohlen
1358 1655 1401 1715 ein
1434 1655 1688 1715 aufmerksames
1717 1658 1808 1718 Auge
1836 1658 1944 1718 habe,
1983 1658 2090 1718 seitdem
2140 1658 2188 1718 die

1187 1706 1350 1766 russischen
1391 1709 1544 1769 Truppen
1584 1709 1612 1769 so
1641 1711 1720 1771 weit
1755 1712 1783 1772 in
1817 1709 1948 1769 Pohlen
1999 1712 2191 1772 eingedrun¬

1193 1761 1252 1821 gen
1280 1757 1359 1817 sind.

1391 1805 1688 1865 Strasburg,
1717 1810 1768 1870 vom
1821 1811 1860 1871 2.
1883 1811 1991 1871 May.

1236 1849 1448 1909 Verwichnen
1480 1853 1692 1913 Sonnabend
1714 1855 1815 1915 trafen
1842 1857 1889 1917 der
1916 1858 2000 1918 Herr
2017 1858 2107 1918 Graf
2129 1859 2181 1919 von

1189 1895 1336 1955 Broglio
1361 1897 1415 1957 und
1445 1897 1494 1957 der
1514 1900 1646 1960 jüngere
1667 1901 1774 1961 Prinz
1800 1902 1853 1962 von
1883 1903 2104 1963 Lichtenstein,
2120 1906 2192 1966 wel¬

1190 1943 1254 2003 cher
1275 1943 1335 2003 aus
1361 1942 1511 2002 Spanien
1542 1947 1647 2007 zurück
1678 1948 1824 2008 kömmt,
1855 1947 1885 2007 in
1916 1951 2051 2011 hiesiger
2077 1953 2187 2013 Stadt

1185 1990 1250 2050 ein.
1301 1990 1351 2050 In
1382 1990 1599 2050 abgewichner
1620 1993 1731 2053 Nacht
1752 1993 1863 2053 verließ
1889 1993 1939 2053 der
1965 1994 1985 2054 so
2010 1996 2101 2056 lange
2117 1997 2187 2057 Zeit

1185 2037 1250 2097 mit
1270 2037 1320 2097 dem
1361 2037 1603 2097 vorzüglichsten
1634 2037 1730 2097 Ruhm
1771 2037 1881 2097 allhier
1902 2042 2073 2102 gestandne
2094 2046 2184 2106 Com=

1184 2085 1342 2145 mendant
1362 2082 1471 2142 Baron
1501 2082 1554 2142 von
1585 2082 1727 2142 Trelons
1753 2085 1777 2145 in
1807 2085 1891 2145 einem
1941 2088 2029 2148 mehr
2060 2090 2104 2150 als
2134 2092 2173 2152 90

1181 2134 1325 2194 jährigen
1354 2131 1437 2191 Alter
1460 2130 1482 2190 zu
1511 2133 1711 2193 allgemeinem
1751 2134 1918 2194 Bedauren
1947 2139 1996 2199 das
2019 2140 2180 2200 Zeitliche.

1454 2179 1603 2239 Bern,
1625 2184 1685 2244 vom
1736 2187 1768 2247 1.
1797 2186 1907 2246 May.

1236 2232 1281 2292 Zu
1311 2229 1414 2289 Lucern
1443 2229 1477 2289 ist
1501 2232 1564 2292 eine
1588 2234 1685 2294 große
1703 2237 1864 2297 Rebellion
1900 2240 2101 2300 entstanden,
2113 2240 2170 2300 und

1182 2281 1212 2341 zu
1244 2276 1409 2336 Schweitz
1430 2278 1487 2338 und
1509 2285 1730 2345 Unterwalden
1762 2288 1798 2348 ist
1819 2288 1891 2348 alles
1923 2289 1948 2349 in
1974 2291 2026 2351 der
2052 2292 2176 2352 größten

1185 2327 1407 2387 Unordnung.
1454 2328 1500 2388 Es
1526 2333 1587 2393 sind
1614 2336 1670 2396 bey
1697 2338 1758 2398 uns
1784 2339 2078 2399 außerordentliche
2100 2339 2182 2399 Cou¬

1175 2375 1242 2435 rirs
1279 2378 1548 2438 angekommen,
1585 2386 1678 2446 durch
1725 2387 1839 2447 welche
1870 2388 1973 2448 Hülfe
2010 2390 2181 2450 verlanget

1180 2423 1276 2483 wird.
1326 2423 1398 2483 Der
1423 2429 1520 2489 große
1539 2434 1617 2494 Rath
1648 2437 1702 2497 hat
1727 2437 1775 2497 sich
1800 2437 1940 2497 darüber
1959 2437 2183 2497 versammlet,

1182 2471 1241 2531 und
1266 2473 1338 2533 man
1369 2476 1435 2536 will
1454 2479 1580 2539 wissen,
1617 2487 1671 2547 daß
1708 2487 1750 2547 ein
1787 2487 1938 2547 Succurs
1975 2485 2028 2545 von
2053 2485 2161 2545 10000

1185 2523 1292 2583 Mann
1327 2526 1502 2586 verwilligt
1530 2536 1590 2596 ist,
1625 2538 1732 2598 welche
1767 2536 1955 2596 ungesäumt
1983 2536 2165 2596 marschiren

1175 2575 1289 2635 sollen.

1428 2630 1594 2690 Paris,
1623 2635 1685 2695 vom
1728 2635 1796 2695 11.
1818 2634 1928 2694 May.

1227 2670 1309 2730 Der
1337 2675 1460 2735 Herzog
1495 2679 1550 2739 von
1585 2682 1735 2742 Choiseul
1757 2679 1839 2739 wird
1867 2682 2045 2742 nunmehro
2080 2679 2176 2739 unge=

1182 2721 1291 2781 saumt
1317 2721 1360 2781 die
1385 2729 1612 2789 Besichtigung
1643 2731 1698 2791 der
1717 2730 1883 2790 Seehäfen
1920 2729 2018 2789 dieses
2050 2725 2166 2785 Reichs

1181 2769 1402 2829 vornehmen.
1448 2777 1538 2837 Man
1567 2778 1748 2838 versichert,
1771 2775 1822 2835 daß
1851 2775 1895 2835 die
1919 2774 2093 2834 Einkünfte
2117 2772 2167 2832 des

1174 2820 1292 2880 Reichs
1328 2823 1413 2883 nicht
1442 2826 1550 2886 weiter
1579 2826 1601 2886 in
1636 2826 1739 2886 Pacht
1768 2826 1916 2886 bleiben,
1939 2821 2070 2881 sondern
2105 2820 2161 2880 von

2082 2921 2167 2981 aber
