2479 3508
622 1207 748 1267 39tes
788 1208 953 1268 Stück.
1017 1210 1237 1270 Montag,
1270 1213 1332 1273 den
1381 1214 1459 1274 15.
1491 1213 1656 1273 Junius
1697 1213 1846 1273 1764.

645 1277 789 1337 Riga,

233 1335 328 1395 Ob
361 1330 457 1390 gleich
490 1327 617 1387 Schiffe
644 1327 707 1387 und
740 1329 874 1389 Handel
900 1327 950 1387 den
990 1330 1207 1390 vornehmsten

205 1371 408 1431 Flor
433 1372 527 1432 dieser
553 1373 661 1433 Stadt
681 1375 894 1435 ausmachen,
915 1372 939 1432 so
959 1372 1023 1432 lebt
1049 1374 1112 1434 man
1143 1372 1206 1432 doch

220 1421 291 1481 auch
316 1419 370 1479 für
388 1419 436 1479 die
455 1419 738 1479 Wissenschaften,
751 1419 810 1479 und
835 1419 883 1479 den
914 1419 997 1479 guten
1023 1419 1209 1479 Geschmack
1246 1418 1366 1478 träge:
1402 1411 1505 1471 "Von
1542 1419 1595 1479 der
1632 1424 1740 1484 Stadt
1771 1425 1861 1485 Riga
1898 1427 1952 1487 zur
1983 1433 2211 1493 Gesundheit.

211 1470 392 1530 darinnen.
441 1466 547 1526 Nicht
575 1467 633 1527 nur
666 1465 724 1525 hat
751 1467 820 1527 man
853 1466 911 1526 seit
933 1467 1023 1527 1761
1051 1466 1120 1526 nach
1147 1466 1194 1526 dem

222 1518 384 1578 Beyspiel
412 1517 524 1577 andrer
558 1516 764 1576 Hauptörter
808 1516 850 1576 ein
889 1518 1208 1578 wöchentliches

223 1567 637 1627 Intelligenzblatt
662 1566 756 1626 unter
786 1566 839 1626 dem
875 1566 987 1626 Titel:
1018 1569 1212 1629 Rigische

212 1619 432 1679 Anzeigen
461 1616 517 1676 von
546 1619 703 1679 allerhand
732 1618 862 1678 Sachen
891 1620 930 1680 rc.
947 1619 1122 1679 publicirt,
1151 1619 1218 1679 son,

212 1671 284 1731 dern
312 1670 345 1730 es
379 1672 446 1732 auch
480 1670 541 1730 mit
569 1670 653 1730 einem
698 1670 915 1730 gelehrten
949 1670 1133 1730 Blatte,
1156 1670 1205 1730 als

214 1721 474 1781 Beyträgen
513 1721 539 1781 zu
572 1721 680 1781 jenen,
708 1721 1002 1781 vergesellschaftet,
1024 1721 1126 1781 davon
1154 1721 1213 1781 alle

213 1769 358 1829 vierzehn
390 1769 480 1829 Tage
501 1769 546 1829 ein
572 1768 688 1828 Bogen
714 1769 880 1829 erscheint.
932 1769 1007 1829 Der
1027 1769 1209 1829 verstorbne

211 1817 301 1877 Herr
322 1817 448 1877 Doctor
474 1814 518 1874 der
544 1814 660 1874 Rechte
681 1814 741 1874 und
767 1813 928 1873 Secretär
949 1814 999 1874 der
1015 1817 1201 1877 Regierung

213 1864 434 1924 Winkler,
470 1861 651 1921 unternahm
702 1858 762 1918 mit
783 1858 969 1918 Zuziehung
1000 1861 1131 1921 anderer
1161 1859 1211 1919 ge¬

216 1914 348 1974 schickter
375 1912 523 1972 Männer
545 1906 602 1966 und
629 1906 772 1966 Freunde
799 1905 830 1965 am
873 1903 962 1963 ersten
995 1903 1068 1963 diese
1095 1904 1206 1964 Sache

212 1965 265 2025 zum
309 1959 428 2019 Nutzen
461 1955 509 2015 des
537 1951 682 2011 Publici,
694 1951 753 2011 und
781 1951 829 2011 des
852 1951 970 2011 kleinen
998 1951 1116 2011 Zirkels
1144 1951 1197 2011 von

210 2008 411 2068 Liebhabern
442 2002 493 2062 der
525 1999 788 2059 Gelehrsamkeit
809 1999 932 2059 sowohl
959 1999 1004 2059 als
1031 1999 1201 2059 besonders

211 2051 265 2111 der
287 2049 471 2109 Geschichte
494 2046 591 2106 dieses
614 2049 754 2109 Landes.
803 2049 896 2109 Nach
923 2046 1016 2106 seinem
1060 2046 1146 2106 Tode
1173 2047 1205 2107 ist

213 2099 271 2159 das
298 2097 392 2157 Werk
419 2100 593 2160 fortgesetzt
620 2098 773 2158 worden,
805 2100 868 2160 und
900 2097 1005 2157 bisher
1037 2097 1058 2157 in
1095 2097 1184 2157 gutem

214 2150 337 2210 Gange
360 2148 537 2208 geblieben.
587 2147 673 2207 Man
706 2148 814 2208 richtet
836 2148 862 2208 in
895 2148 949 2208 den
977 2145 1192 2205 gelehrten

210 2199 464 2259 Beyträgen
494 2199 544 2259 sein
573 2200 885 2260 Hauptaugenmerk
914 2198 970 2258 auf
988 2194 1203 2254 Liefland,

216 2251 295 2311 seine
322 2249 549 2309 Einwohner,
581 2249 766 2309 Producten
799 2249 862 2309 und
894 2244 1111 2304 dergleichen,
1133 2242 1201 2302 was

211 2300 444 2360 gemeinnützig
471 2300 535 2360 seyn
562 2297 667 2357 kann,
694 2297 763 2357 doch
790 2297 912 2357 versagt
934 2297 1002 2357 man
1029 2294 1098 2354 auch
1125 2291 1204 2351 nicht

208 2351 303 2411 dem,
331 2348 394 2408 was
421 2348 500 2408 sonst
522 2348 574 2408 zum
612 2348 792 2408 Unterricht
814 2348 882 2408 oder
910 2347 957 2407 zur
984 2342 1196 2402 Belustigung

205 2398 314 2458 dienen
346 2396 444 2456 kann,
465 2395 532 2455 nach
559 2393 657 2453 seinem
699 2393 834 2453 Werth,
846 2396 897 2456 den
924 2393 1063 2453 Zutritt.
1111 2387 1204 2447 Weil

208 2443 287 2503 diese
309 2443 521 2503 nordische
543 2443 712 2503 Provinz,
729 2442 776 2502 die
798 2443 866 2503 noch
888 2443 999 2503 immer
1021 2440 1084 2500 eine
1100 2437 1206 2497 Korn¬

208 2491 351 2551 kammer
378 2491 480 2551 heißen
511 2491 614 2551 kann,
645 2488 712 2548 was
749 2488 800 2548 den
831 2493 964 2553 Umlauf
991 2488 1041 2548 der
1068 2486 1206 2546 Gelehr¬

211 2539 340 2599 samkeit
366 2539 506 2599 betrift,
537 2540 671 2600 ziemlich
703 2537 760 2597 von
797 2539 843 2599 den
880 2539 1030 2599 reicheren
1067 2536 1206 2596 Musen¬

206 2590 330 2650 quellen
359 2587 500 2647 entfernt
523 2587 585 2647 ist,
614 2587 642 2647 so
677 2588 795 2648 werden
829 2590 931 2650 hierin
966 2588 1067 2648 einige
1096 2587 1203 2647 Nach¬

206 2638 324 2698 richten
357 2635 416 2695 und
454 2633 497 2693 ein
530 2635 659 2695 Auszug
692 2635 800 2695 obiger
833 2641 957 2701 Stücke
990 2635 1076 2695 nicht
1104 2635 1195 2695 völlig

206 2688 432 2748 auswärtigen
466 2682 565 2742 Lesern
604 2685 802 2745 gleichgültig
831 2688 918 2748 seyn.
991 2682 1040 2742 Es
1079 2682 1117 2742 ist
1151 2682 1189 2742 ein

206 2738 359 2798 Beytrag
388 2736 415 2796 zu
444 2733 489 2793 der
512 2733 625 2793 Kunde
649 2733 761 2793 solcher
785 2736 971 2796 Schriften,
994 2735 1050 2795 und
1079 2733 1197 2793 fremde

209 2790 336 2850 Waare
364 2784 463 2844 findet
497 2783 546 2843 bey
586 2783 640 2843 der
674 2781 779 2841 Mode
819 2787 990 2847 gleichfalls
1024 2784 1200 2844 Belieben.

209 2840 278 2900 Die
307 2840 413 2900 Ostsee
442 2835 554 2895 beuget
583 2835 632 2895 sich
668 2834 723 2894 von
752 2838 900 2898 Preußen
936 2841 1070 2901 hieher,
1099 2835 1204 2895 macht

1249 1285 1315 1345 uns
1337 1282 1397 1342 mit
1420 1284 1636 1344 Deutschland
1658 1285 1852 1345 verwandt,
1875 1288 1935 1348 und
1968 1291 2079 1351 bringt
2102 1294 2162 1354 uns
2184 1295 2245 1355 mit

1246 1330 1364 1390 großen
1391 1327 1586 1387 handelnden
1613 1330 1747 1390 Reichen
1778 1333 1804 1393 in
1835 1336 2103 1396 Bekanntschaft.

1295 1372 1412 1432 1761.
1460 1373 1537 1433 Istes
1567 1375 1625 1435 und
1656 1375 1732 1435 IItes
1763 1379 1862 1439 Stück
1892 1380 1945 1440 der
1969 1384 2128 1444 gelehrten
2158 1386 2222 1446 Bey

1243 1466 1327 1526 Man
1356 1467 1418 1527 setzt
1442 1467 1487 1527 die
1504 1470 1675 1530 Vortheile
1698 1474 1919 1534 hauptsachlich
1948 1476 2062 1536 darin,
2080 1482 2130 1542 daß
2159 1485 2238 1545 diese

1252 1518 1360 1578 Stadt
1382 1518 1403 1578 in
1436 1518 1522 1578 einer
1545 1520 1680 1580 Anhöhe
1702 1524 1822 1584 gebaut
1849 1524 1908 1584 und
1936 1527 1995 1587 mit
2012 1530 2234 1590 Sandbergen

1244 1566 1275 1626 in
1303 1569 1384 1629 einer
1406 1569 1578 1629 ziemlichen
1611 1572 1741 1632 Strecke
1763 1575 1914 1635 umgeben
1953 1577 2011 1637 ist,
2044 1578 2152 1638 welche
2185 1582 2233 1642 die

1244 1619 1321 1679 Luft
1338 1622 1455 1682 trocken
1483 1619 1538 1679 und
1567 1622 1666 1682 reiner
1689 1622 1850 1682 erhalten.
1906 1621 1984 1681 Das
2012 1626 2145 1686 felsichte
2168 1629 2250 1689 Pie¬

1249 1670 1339 1730 mont
1357 1670 1396 1730 ist
1414 1670 1566 1730 gesunder
1589 1672 1634 1732 als
1663 1673 1707 1733 die
1731 1674 1798 1734 fette
1821 1676 1973 1736 Ukraine.
2013 1677 2081 1737 Die
2104 1680 2239 1740 ansehn¬

1239 1721 1316 1781 liche
1344 1723 1444 1783 breite
1472 1724 1595 1784 Düna
1634 1724 1711 1784 liegt
1734 1727 1806 1787 noch
1840 1729 1895 1789 auf
1919 1727 1985 1787 zwo
2013 1727 2135 1787 Meilen
2169 1730 2224 1790 von

1244 1769 1293 1829 der
1322 1772 1499 1832 Mündung
1527 1774 1588 1834 ab,
1617 1775 1671 1835 und
1700 1775 1788 1835 führt
1811 1777 1854 1837 ein
1883 1778 2005 1838 leichtes
2039 1778 2099 1838 und
2128 1781 2232 1841 klares

1247 1817 1462 1877 Flußwasser.
1514 1819 1603 1879 (Die
1627 1822 1745 1882 Neva
1780 1825 1808 1885 zu
1843 1828 2046 1888 Petersburg
2081 1830 2120 1890 ist
2143 1831 2238 1891 salpe¬

1236 1862 1390 1922 trischer,
1423 1864 1486 1924 und
1518 1867 1698 1927 verursacht
1726 1870 1778 1930 den
1805 1874 2071 1934 Wassertrinkern
2109 1876 2134 1936 im
2172 1879 2241 1939 An¬

1243 1907 1335 1967 fange
1367 1909 1593 1969 Durchfälle.)
1640 1915 1691 1975 In
1728 1915 1780 1975 der
1811 1919 1924 1979 Stadt
1951 1924 2007 1984 hat
2033 1924 2100 1984 man
2147 1927 2234 1987 zwar

1236 1956 1318 2016 nicht
1340 1954 1495 2014 taugliche
1511 1957 1682 2017 Pumpen,
1704 1960 1776 2020 aber
1798 1964 1828 2024 es
1855 1966 1890 2026 ist
1912 1967 1979 2027 nach
2006 1972 2234 2032 holländischer

1237 2002 1379 2062 Manier
1404 2002 1468 2062 eine
1493 2005 1641 2065 Kunst,
1666 2005 1729 2065 wie
1754 2008 1823 2068 man
1858 2011 1891 2071 es
1922 2015 2049 2075 nennt,
2075 2020 2236 2080 angelegt,

1239 2049 1372 2109 dadurch
1406 2048 1460 2108 das
1489 2046 1611 2106 Wasser
1639 2049 1667 2109 in
1706 2055 1967 2115 unterirrdischen
2001 2061 2133 2121 Röhren
2173 2067 2233 2127 aus

1238 2098 1288 2158 dem
1328 2097 1408 2157 Fluß
1437 2094 1459 2154 in
1488 2094 1532 2154 die
1556 2097 1675 2157 meisten
1704 2101 1834 2161 Häuser
1863 2103 1891 2163 zu
1927 2106 2045 2166 großer
2068 2112 2238 2172 Bequem¬

1238 2148 1359 2208 lichkeit
1383 2145 1510 2205 geleitet
1535 2145 1633 2205 wird.
1692 2149 1767 2209 Bey
1802 2156 2023 2216 Gelegenheit
2047 2159 2128 2219 wird
2164 2162 2209 2222 dem

1235 2194 1566 2254 liefländischen
1596 2202 1820 2262 gedörrten
1856 2208 2027 2268 Roggen
2063 2210 2116 2270 der
2140 2211 2234 2271 Vor¬

1234 2247 1288 2307 zug
1313 2241 1469 2301 gegeben,
1482 2243 1554 2303 weil
1573 2248 1603 2308 er
1628 2249 1676 2309 sich
1695 2255 1949 2315 Jahrhunderte
1968 2257 2118 2317 hindurch
2150 2264 2234 2324 hält.

1235 2293 1310 2353 Von
1339 2291 1460 2351 Fischen
1496 2295 1576 2355 wird
1600 2303 1815 2363 angemerkt,
1850 2306 1902 2366 die
1937 2312 2082 2372 Karpe
2111 2315 2227 2375 gehöre

1243 2342 1305 2402 hier
1341 2342 1421 2402 nicht
1444 2343 1473 2403 zu
1508 2348 1640 2408 Hause,
1669 2354 1801 2414 dagegen
1842 2357 1980 2417 ersetzten
2015 2360 2043 2420 es
2073 2363 2233 2423 Lachse,

1233 2390 1544 2450 Strömlinge,
1573 2401 1632 2461 und
1660 2402 1709 2462 die
1732 2404 1818 2464 fetten
1852 2408 2015 2468 berufenen
2049 2413 2229 2473 Butten.

1235 2440 1321 2500 Man
1351 2443 1466 2503 künstle
1490 2443 1536 2503 oft
1554 2446 1576 2506 in
1607 2452 1803 2512 Gastereyen
1833 2455 1861 2515 zu
1891 2456 1971 2516 viel.

2041 2458 2216 2518 Seneca

1229 2491 1412 2551 erröthete,
1435 2493 1468 2553 da
1491 2494 1524 2554 er
1552 2501 1674 2561 einmal
1703 2503 1758 2563 auf
1787 2506 1869 2566 einen
1904 2506 2104 2566 Korbwagen
2138 2508 2215 2568 fuhr

1239 2536 1270 2596 er
1296 2539 1383 2599 hatte
1415 2543 1489 2603 aber
1515 2548 1621 2608 Recht
1640 2551 1671 2611 zu
1703 2554 1821 2614 sagen:
1853 2554 1946 2614 durat
1972 2554 2109 2614 peruersa
2141 2556 2228 2616 recti

1235 2587 1448 2647 verecundia.

1274 2634 1372 2694 Illtes
1399 2642 1522 2702 Stück.
1573 2643 1615 2703 1)
1665 2644 1740 2704 Vom
1778 2649 1970 2709 barberschen
2002 2651 2163 2711 Brunnen
2195 2652 2219 2712 in

1232 2682 1450 2742 "Curland.”
1503 2691 1627 2751 Dieser
1652 2697 1839 2757 Brunnen,
1864 2697 1911 2757 der
1935 2697 2023 2757 1739
2047 2700 2105 2760 auf
2124 2700 2217 2760 hohen

1234 2736 1358 2796 Befehl
1382 2742 1563 2802 untersucht
1581 2745 1728 2805 worden,
1752 2745 1892 2805 sprudelt
1911 2745 1938 2805 zu
1967 2747 2120 2807 Barbern
2144 2748 2228 2808 nicht

1234 2784 1315 2844 weit
1342 2789 1396 2849 von
1429 2793 1542 2853 Mitau
1570 2796 1596 2856 in
1635 2793 1715 2853 einer
1743 2791 1856 2851 Gruft
1878 2793 1931 2853 von
1970 2793 2061 2853 unten
2100 2795 2153 2855 auf
2181 2796 2213 2856 an

1239 2841 1308 2901 drey
1330 2841 1420 2901 tiefen
1449 2847 1609 2907 Quellen.
1659 2844 1742 2904 Der
1764 2841 1896 2901 Geruch
1925 2841 1980 2901 des
2009 2841 2148 2901 Wassers
2184 2842 2225 2902 ist

2120 2895 2243 2955 schwe=
