2479 3508
579 1184 707 1244 46tes
754 1184 913 1244 Stück.
975 1184 1196 1244 Montag,
1227 1184 1287 1244 den
1334 1184 1386 1244 9.
1418 1183 1562 1243 Julius
1608 1181 1752 1241 1764.

397 1254 586 1314 Breslau
625 1254 687 1314 und
720 1254 909 1314 Leipzig.

193 1309 510 1369 Sammlung,
538 1303 614 1363 oder
643 1303 717 1363 nach
746 1302 794 1362 der
829 1300 959 1360 Mode:
995 1299 1146 1359 Maga¬

244 1354 344 1414 /zin
385 1351 450 1411 von
491 1346 733 1406 Einfållen,
759 1346 814 1406 mit
834 1344 885 1404 dem
926 1342 1066 1402 Motto:

206 1398 266 1458 Sat
285 1396 369 1456 mihi
388 1396 453 1456 sunt
477 1393 570 1453 pauci
585 1393 743 1453 lectores;
776 1387 818 1447 est
837 1387 911 1447 satis
930 1387 1028 1447 vnus:

260 1443 295 1503 Si
315 1443 360 1503 me
386 1443 477 1503 nemo
508 1439 603 1499 legat,
625 1436 664 1496 sat
685 1434 771 1494 mihi
791 1434 897 1494 nullus
918 1431 993 1491 erit.

593 1487 627 1547 I.
645 1484 843 1544 Audoeni
872 1479 983 1539 Epigr.
1006 1479 1070 1539 lib.
1088 1479 1122 1539 2.

166 1542 205 1602 96
235 1542 350 1602 Seiten
379 1539 402 1599 in
432 1539 506 1599 8vo.
553 1536 627 1596 Der
646 1534 801 1594 Verfasser
825 1530 871 1590 der
894 1529 1143 1589 Dithyram¬

163 1595 255 1655 ben,
273 1592 335 1652 Hr.
353 1588 457 1648 Prof.
481 1587 793 1647 Willamovius
828 1583 856 1643 in
886 1581 995 1641 Thorn
1031 1581 1070 1641 ist
1094 1576 1145 1636 zu¬

168 1643 256 1703 gleich
284 1639 333 1699 der
357 1637 500 1697 Urheber
523 1637 611 1697 dieser
634 1637 744 1697 kleinen
773 1631 1044 1691 Abhandlungen.
1066 1627 1143 1687 Der

163 1692 295 1752 Inhalt
320 1691 418 1751 davon
453 1685 488 1745 ist
512 1685 632 1745 dieser:
674 1687 714 1747 1)
738 1682 999 1742 Grabschriften,
1029 1679 1074 1739 2)
1098 1677 1143 1737 die

164 1739 365 1799 allerneueste
391 1737 525 1797 Manier
546 1733 654 1793 höflich
681 1735 737 1795 und
758 1733 871 1793 galant
887 1733 918 1793 zu
944 1730 1057 1790 reden,
1078 1726 1135 1786 von

169 1787 351 1847 Menantes
381 1782 429 1842 dem
469 1781 631 1841 zweyten;
661 1782 705 1842 3)
730 1778 798 1838 eine
829 1775 921 1835 kleine
946 1775 1142 1835 Geschichte;

168 1835 205 1895 4)
232 1834 279 1894 der
306 1831 412 1891 Ritter
434 1825 508 1885 ohne
535 1822 662 1882 Ähnen,
684 1821 726 1881 ein
753 1819 938 1879 Gespräch;
966 1819 1008 1879 5)
1030 1817 1146 1877 Ueber¬

169 1878 346 1938 setzungen;
369 1875 413 1935 6)
435 1873 501 1933 eine
524 1864 795 1924 Bildergallerie;
824 1865 867 1925 7)
890 1858 1023 1918 Anhang
1051 1858 1134 1918 eines

165 1924 423 1984 Briefwechsels,
439 1918 489 1978 der
510 1915 565 1975 zum
606 1912 733 1972 Muster
754 1909 855 1969 dienen
886 1905 982 1965 kann,
998 1905 1048 1965 wie
1069 1903 1129 1963 man

165 1974 305 2034 gelehrte
327 1964 570 2024 Streitigkeiten
598 1957 705 2017 führen
733 1957 802 2017 soll.
847 1953 922 2013 Die
944 1951 1138 2011 Schreibart

163 2023 184 2083 in
217 2021 310 2081 diesen
343 2014 479 2074 Stücken
507 2010 561 2070 hat
578 2008 812 2068 durchgehends
840 2001 922 2061 zwar
944 1999 987 2059 die
1010 1996 1140 2056 Satyre

167 2069 221 2129 zum
257 2061 468 2121 Augenmerk,
483 2058 553 2118 aber
574 2055 654 2115 nicht
675 2052 800 2112 allemal
821 2051 871 2111 den
896 2046 1047 2106 darinnen
1073 2045 1142 2105 vor¬

168 2112 321 2172 züglichen
356 2106 525 2166 Rabner
554 2105 604 2165 zum
656 2103 786 2163 Muster
809 2100 1019 2160 genommen.
1064 2088 1137 2148 Wir

164 2163 275 2223 wollen
307 2159 396 2219 dieses
424 2157 481 2217 mit
498 2154 613 2214 einigen
646 2154 772 2214 Proben
800 2148 953 2208 darthun.
980 2144 1043 2204 Aus
1070 2142 1122 2202 dem

167 2211 261 2271 ersten
293 2208 367 2268 Fach
399 2205 493 2265 dieses
519 2202 693 2262 Magazins
726 2202 832 2262 mögen
864 2196 1007 2256 folgende
1033 2191 1139 2251 Grab¬

166 2258 302 2318 schriften
336 2254 524 2314 hinläͤnglich
547 2249 632 2309 seyn.

214 2303 385 2363 Finette
414 2300 503 2360 ruhet
525 2294 606 2354 hier.
649 2291 731 2351 Wie
753 2292 869 2352 ungern
897 2287 966 2347 starb
994 2285 1028 2345 sie
1049 2285 1145 2345 nicht,

167 2351 334 2411 Warum?
359 2348 370 2408 —
425 2345 504 2405 Der
528 2342 594 2402 Tod
619 2339 756 2399 verdirbt
781 2339 817 2399 ein
848 2339 925 2399 schön
956 2333 1094 2393 Gesicht.

218 2434 306 2494 Steh
336 2437 417 2497 still,
440 2437 454 2497 o
477 2433 632 2493 Wandrer
656 2429 714 2489 steh
737 2432 796 2492 und
827 2432 922 2492 weine

167 2479 246 2539 Hier
273 2479 357 2539 unter
389 2479 478 2539 diesem
521 2472 753 2532 Leichensteine,

168 2524 250 2584 Hier
271 2527 347 2587 liegt
369 2524 409 2584 ein
437 2524 575 2584 Mann,
597 2521 645 2581 dem
687 2522 769 2582 selten
798 2524 880 2584 einer
902 2522 1011 2582 gleich.

168 2572 210 2632 Er
232 2572 296 2632 war
318 2570 451 2630 geehrt,
473 2569 591 2629 beliebt
613 2567 671 2627 und
693 2570 789 2630 reich,

157 2622 231 2682 Und
254 2620 320 2680 doch
351 2619 396 2679 ein
427 2615 732 2675 Menschenfreund,
756 2617 1061 2677 empfindungsvoll
1077 2613 1136 2673 und

680 2661 799 2721 milde,

167 2720 280 2780 Klug,
312 2715 448 2775 redlich,
480 2715 586 2775 groß,
610 2710 755 2770 gelehrt!
794 2711 877 2771 Was
909 2715 1007 2775 fehlet
1031 2709 1121 2769 diesem

689 2758 812 2818 Bilde?

1187 1243 1287 1303 „Der
1311 1249 1416 1309 Name
1441 1244 1534 1304 bloß,
1559 1246 1570 1306 o
1600 1246 1688 1306 wüßt
1706 1246 1770 1306 ich,
1800 1246 1858 1306 wer
1883 1246 1906 1306 er
1930 1243 2041 1303 wär!"

1187 1295 1230 1355 Es
1253 1294 1289 1354 ist
1305 1294 1318 1354 —
1349 1293 1392 1353 ich
1415 1291 1487 1351 weis
1510 1291 1532 1351 es
1562 1291 1656 1351 nicht,
1672 1289 1737 1349 denn
1760 1291 1855 1351 dieses
1870 1291 1958 1351 Grab
1981 1293 1994 1353 —
2032 1294 2068 1354 ist
2083 1298 2156 1358 leer.

1227 1381 1311 1441 Hier
1335 1381 1412 1441 liegt
1444 1381 1482 1441 ein
1514 1380 1668 1440 frommes
1700 1376 1784 1436 Weib
1816 1380 1869 1440 zum
1909 1384 2071 1444 Schmerz
2095 1387 2148 1447 der

1694 1424 1806 1484 ganzen
1834 1426 1957 1486 Stadt,

1181 1468 1245 1528 Für
1267 1473 1309 1533 die
1332 1470 1367 1530 sie
1389 1470 1453 1530 Tag
1482 1470 1532 1530 für
1554 1470 1618 1530 Tag
1648 1470 1668 1530 so
1691 1470 1754 1530 treu
1784 1471 1898 1531 gebetet
1920 1476 1991 1536 hat.

1187 1519 1246 1579 Sie
1270 1521 1364 1581 starb,
1388 1520 1446 1580 und
1471 1518 1629 1578 hinterließ
1659 1518 1706 1578 den
1736 1521 1859 1581 Kubach
1884 1521 1965 1581 ihrer
1990 1524 2095 1584 Nichte

1694 1568 1767 1628 viel
1784 1569 1907 1629 Narben
1941 1572 1965 1632 im
2000 1576 2154 1636 Gesichte.

1188 1570 1250 1630 Und
1276 1572 1357 1632 ihrem
1396 1569 1489 1629 lieben
1515 1569 1615 1629 Mann

1235 1667 1312 1727 Hier
1333 1667 1423 1727 dieser
1445 1668 1598 1728 Marmor
1620 1667 1696 1727 deckt
1718 1667 1766 1727 den
1795 1670 1997 1730 allergrößten
2026 1673 2151 1733 Mann.

1189 1721 1257 1781 Mit
1281 1719 1386 1779 Gunst
1410 1722 1463 1782 sah
1494 1721 1539 1781 ihn
1570 1718 1623 1778 sein
1654 1718 1775 1778 Fürst,
1806 1718 1859 1778 das
1883 1719 1966 1779 Volk
1989 1721 2049 1781 mit
2066 1721 2156 1781 Ehr¬

1696 1766 1799 1826 furcht
1817 1769 1871 1829 an.

1190 1808 1252 1868 Die
1271 1811 1449 1871 Nachwelt
1468 1811 1557 1871 würd
1585 1811 1629 1871 ihn
1666 1814 1736 1874 auch
1764 1814 1853 1874 klug,
1890 1819 1960 1879 groß
1988 1819 2050 1879 und
2078 1819 2148 1879 edel

1688 1856 1833 1916 nennen,

1181 1897 1274 1957 Hätt
1292 1897 1325 1957 er
1343 1897 1377 1957 sie
1403 1897 1454 1957 nur
1481 1897 1591 1957 erleben
1626 1900 1762 1960 können.

1228 1987 1310 2047 Hier
1331 1983 1400 2043 ruht
1426 1983 1465 2043 ein
1491 1984 1587 2044 lieber
1613 1986 1799 2046 Ehemann,

1180 2031 1253 2091 Den
1282 2031 1326 2091 die
1345 2028 1485 2088 betrübte
1508 2031 1582 2091 Frau
1611 2031 1746 2091 niemals
1769 2034 1916 2094 vergessen
1945 2037 2040 2097 kann.

1186 2079 1275 2139 Kaum
1313 2076 1394 2136 hatte
1410 2076 1454 2136 ihn
1485 2074 1536 2134 der
1560 2076 1619 2136 Tod
1642 2078 1702 2138 aus
1725 2079 1807 2139 ihrem
1852 2083 1904 2143 Arm
1942 2087 2121 2147 genommen

1191 2127 1238 2187 So
1263 2124 1377 2184 brachte
1401 2121 1431 2181 sie
1455 2124 1503 2184 ihn
1528 2124 1593 2184 hier
1618 2127 1666 2187 zur
1691 2127 1786 2187 Ruh,

1185 2176 1246 2236 Und
1271 2172 1363 2232 deckte
1382 2169 1461 2229 seine
1481 2174 1591 2234 Gruft
1604 2175 1666 2235 mit
1685 2179 1807 2239 theurem
1851 2182 2005 2242 Marmor
2024 2184 2079 2244 zu.

1181 2223 1252 2283 Aus
1276 2220 1385 2280 Liebe?

1485 2223 1591 2283 Nein,
1613 2227 1662 2287 aus
1691 2231 1819 2291 Furcht,
1841 2231 1861 2291 er
1891 2234 2004 2294 möchte
2019 2235 2146 2295 wieder.

1692 2279 1851 2339 kommen.

1229 2363 1308 2423 Hier
1329 2363 1409 2423 liegt
1429 2365 1468 2425 ein
1496 2369 1595 2429 Held,
1610 2372 1656 2432 der
1676 2375 1735 2435 aus
1763 2375 1789 2435 so
1810 2375 1949 2435 mancher
1977 2378 2123 2438 Schlacht

1185 2410 1274 2470 Doch
1296 2410 1344 2470 nie
1365 2411 1406 2471 ein
1435 2415 1531 2475 Glied
1559 2421 1676 2481 verletzt
1698 2426 1801 2486 zurück
1823 2423 1988 2483 gebracht;

1191 2456 1230 2516 Er
1247 2458 1348 2518 suchte
1365 2459 1411 2519 nie
1436 2463 1483 2523 den
1515 2467 1601 2527 Tod,
1618 2473 1688 2533 drum
1728 2473 1822 2533 suchte
1839 2467 1925 2527 jener
1942 2470 2012 2530 ihn.

1230 2550 1383 2610 Girgil
1409 2556 1488 2616 liegt
1508 2563 1594 2623 hier,
1619 2566 1674 2626 ließ
1699 2565 1748 2625 sich
1774 2563 1816 2623 der
1841 2560 1902 2620 Tod
1934 2563 2075 2623 betrügen

1182 2597 1226 2657 Er
1246 2600 1355 2660 würde
1375 2606 1497 2666 warlich
1523 2611 1586 2671 hier
1613 2612 1690 2672 nicht
1710 2608 1825 2668 liegen.

1229 2654 1310 2714 Das
1333 2659 1444 2719 zweyte
1467 2664 1562 2724 Stück
1585 2667 1622 2727 ist
1645 2667 1704 2727 eine
1727 2664 1778 2724 gar
1802 2664 1830 2724 zu
1854 2664 1927 2724 stark
1943 2664 2157 2724 aufgefrischte

1184 2703 1282 2763 Copie
1305 2709 1354 2769 des
1383 2712 1559 2772 verjährten
1587 2712 1841 2772 Menantes.
1886 2712 1957 2772 Aus
1991 2712 2040 2772 dem
2085 2709 2162 2769 drit¬

1186 2757 1231 2817 ten
1265 2757 1338 2817 mag
1365 2760 1457 2820 dieser
1491 2766 1656 2826 brausende
1684 2758 2002 2818 Gedankenstrudel,
2029 2759 2154 2819 welcher
