2479 3508
245 374 286 434 len
322 370 380 430 und
410 369 645 429 Ehrenämter,
675 367 910 427 Schwachheit
929 369 993 429 und
1011 367 1117 427 Alters
1141 367 1246 427 halber

240 421 430 481 resigniret.
479 416 531 476 Er
553 414 621 474 war
648 416 717 476 reich
749 418 812 478 und
839 419 1019 479 hinterläßt
1041 416 1124 476 durch
1157 414 1252 474 seinen

254 464 322 524 Tod
346 467 403 527 auf
433 464 478 524 die
502 464 640 524 300000
669 464 732 524 Pf.
756 465 877 525 Sterl.
924 464 969 524 Er
999 467 1067 527 war
1102 467 1171 527 auch
1206 464 1252 524 ein

247 522 339 582 guter
382 518 442 578 und
475 515 822 575 patriotischgesinnter
860 516 1087 576 verständiger
1126 515 1261 575 Mann,

246 569 457 629 ohngeachtet
478 567 504 627 er
530 569 669 629 niemals
695 568 762 628 eine
788 566 984 626 Bedienung
1010 566 1067 626 bey
1098 566 1191 626 Hofe
1217 564 1263 624 be¬

256 617 369 677 kleidet
391 618 461 678 hat.
510 616 634 676 Wegen
662 616 748 676 eines
775 614 1002 674 Schimpfes,
1035 615 1089 675 der
1116 613 1170 673 ihm
1214 613 1240 673 im

258 667 347 727 Jahr
374 667 458 727 1740
490 667 543 727 von
570 667 622 727 dem
665 664 845 724 damaligen
877 664 1183 724 Premierminister
1200 660 1268 720 Ro¬

252 718 320 778 bert
342 715 512 775 Walpole,
528 715 750 775 nachmaligen
778 712 904 772 Grafen
938 712 990 772 von
1022 712 1165 772 Oxford,
1176 712 1207 772 da
1235 712 1266 772 er

249 766 274 826 in
301 769 347 829 den
374 766 665 826 Angelegenheiten
693 764 739 824 der
750 763 1047 823 Kaufmannschaft
1063 763 1114 823 von
1142 760 1260 820 London

254 817 305 877 sich
328 813 486 873 geschäftig
509 813 656 873 erwiese,
674 813 730 873 und
753 813 805 873 das
828 813 924 873 Wert
941 813 986 873 für
1004 813 1037 873 sie
1055 811 1179 871 führte,
1191 807 1270 867 wie¬

255 867 409 927 derfuhr,
425 864 461 924 ist
477 864 523 924 ihm
565 861 683 921 bereits
709 861 761 921 vor
782 863 812 923 20
844 861 967 921 Jahren
994 864 1060 924 eine
1076 859 1262 919 marmorne

258 915 390 975 Statue
413 912 440 972 in
468 913 694 973 Lebensgröße
716 911 771 971 auf
794 911 843 971 der
865 911 997 971 hiesigen
1026 909 1135 969 Börse
1158 907 1268 967 aufge¬

256 967 371 1027 richtet
392 963 542 1023 worden.
588 961 663 1021 Von
694 958 920 1018 Portsmouth
956 960 1010 1020 vom
1061 960 1166 1020 27sten
1202 953 1267 1013 Au=

256 1015 329 1075 gust
356 1010 440 1070 wird
467 1007 652 1067 gemeldet,
689 1007 746 1067 daß
785 1007 911 1067 Befehl
943 1004 1170 1064 angekommen
1207 1004 1270 1064 sey,

261 1061 330 1121 drey
361 1057 491 1117 Schiffe
512 1055 567 1115 von
597 1053 647 1113 der
673 1052 757 1112 Linie
779 1052 1009 1112 auszurüsten,
1035 1055 1165 1115 nemlich
1201 1051 1270 1111 Es¬

257 1112 319 1172 sex,
342 1108 455 1168 Afrika
484 1103 540 1163 und
569 1097 830 1157 Dorsets'hire;
859 1102 910 1162 daß
939 1100 1023 1160 zwey
1052 1103 1182 1163 Schiffe
1206 1100 1262 1160 von

258 1160 311 1220 der
338 1154 422 1214 Linie
449 1151 502 1211 von
534 1151 719 1211 Plymouth
752 1148 810 1208 und
837 1151 905 1211 noch
932 1150 1006 1210 zwey
1033 1151 1091 1211 von
1113 1151 1250 1211 Chattam

263 1207 453 1267 dazustossen
477 1204 633 1264 würden.
703 1202 801 1262 Ihre
830 1201 1068 1261 Bestimmung
1091 1198 1161 1258 sagt
1184 1198 1270 1258 man,

262 1260 352 1320 wäre
375 1256 443 1316 nach
472 1255 591 1315 Turcks
625 1252 778 1312 Island,
812 1249 869 1309 von
909 1251 1039 1311 welcher
1068 1249 1175 1309 Insel
1198 1246 1276 1306 neu¬

257 1312 310 1372 lich
335 1306 382 1366 die
406 1303 596 1363 Engländer
626 1303 715 1363 durch
745 1303 792 1363 den
823 1300 1042 1360 französischen
1072 1301 1155 1361 Chef
1173 1297 1268 1357 d'Es=

258 1358 350 1418 cadre
377 1355 428 1415 den
459 1351 588 1411 Grafen
620 1349 795 1409 d'Estaing
821 1351 996 1411 vertrieben
1028 1351 1177 1411 worden.
1214 1348 1265 1408 Es

265 1409 323 1469 sind
350 1402 467 1462 Briefe
489 1402 547 1462 aus
574 1399 729 1459 Carolina
756 1402 841 1462 hier,
879 1402 996 1462 welche
1029 1402 1178 1462 melden,
1210 1402 1268 1462 daß

264 1455 464 1515 verschiedne
486 1452 685 1512 französische
712 1452 886 1512 Kaufleute
908 1452 939 1512 zu
966 1452 1113 1512 Mobille
1134 1452 1171 1512 an
1198 1449 1250 1509 dem

265 1503 341 1563 Fluß
368 1500 580 1560 Mißisippi,
602 1500 738 1560 welches
760 1500 819 1560 nun
853 1500 901 1560 den
940 1500 1152 1560 Engländern
1179 1500 1271 1560 zuge¬

259 1555 369 1615 höret,
392 1552 441 1612 sich
476 1551 570 1611 fertig
598 1551 742 1611 gemacht
765 1548 893 1608 hätten,
921 1548 970 1608 den
999 1549 1065 1609 Orr
1094 1551 1126 1611 zu
1155 1549 1276 1609 verlas¬

268 1604 336 1664 sen,
363 1601 421 1661 und
448 1601 516 1661 nach
543 1598 669 1658 Europa
696 1599 801 1659 zurück
823 1599 854 1659 zu
881 1599 1012 1659 kehren,
1040 1599 1123 1659 ohne
1145 1597 1203 1657 erst
1219 1598 1266 1658 den

270 1652 459 1712 Indianern
491 1649 517 1709 in
544 1646 596 1706 der
618 1646 738 1706 dasigen
771 1646 908 1706 Gegend
929 1646 997 1706 ihre
1024 1646 1192 1706 Schulden
1219 1644 1271 1704 ab¬

264 1699 443 1759 zutragen.
495 1694 562 1754 Aus
588 1692 685 1752 dieser
706 1691 840 1751 Ursache
861 1691 948 1751 hätte
964 1691 1056 1751 ihnen
1087 1691 1169 1751 Mr.
1190 1691 1277 1751 Ste¬

264 1742 354 1802 ward
387 1740 441 1800 der
468 1737 622 1797 englische
664 1733 926 1793 Surintendent
954 1733 1026 1793 über
1059 1730 1108 1790 die
1136 1730 1267 1790 Sachen

270 1790 318 1850 der
342 1781 520 1841 Indianer
544 1778 751 1838 angedeutet,
776 1778 848 1838 man
882 1775 992 1835 würde
1026 1776 1064 1836 sie
1094 1775 1180 1835 nicht
1204 1775 1276 1835 eher

273 1838 366 1898 gehen
398 1832 510 1892 lassen,
536 1831 586 1891 bis
612 1829 642 1889 sie
668 1830 736 1890 ihre
756 1828 924 1888 Schulden
950 1828 987 1888 an
1019 1828 1068 1888 die
1094 1828 1269 1888 Indianer

272 1891 402 1951 bezahlt
422 1885 552 1945 hätten.

491 1936 751 1996 Warschau,
775 1933 828 1993 den
864 1933 928 1993 17.
953 1933 1064 1993 Sept.

325 1989 458 2049 Gestern
490 1985 619 2045 wurden
655 1982 702 2042 die
733 1984 1011 2044 Reichsinsignien
1048 1981 1197 2041 abermal
1224 1980 1280 2040 auf

270 2039 321 2099 dem
363 2037 492 2097 Schloß
518 2034 543 2094 in
575 2031 621 2091 der
647 2031 920 2091 Landbotenstube
947 2031 972 2091 in
999 2031 1210 2091 Gegenwart
1226 2028 1272 2088 des

273 2088 426 2148 Bischofs
458 2085 516 2145 von
554 2083 632 2143 Culm
676 2079 754 2139 Exc.
781 2082 838 2142 vom
877 2082 982 2142 Herrn
1009 2079 1278 2139 Kronbewahrer

274 2140 392 2200 Czerny
415 2136 637 2196 vorgezeiget.
686 2130 756 2190 Sie
779 2129 919 2189 bestehen
947 2130 1005 2190 aus
1033 2130 1049 2190 5
1072 2127 1223 2187 Kronen,
1234 2129 1282 2189 da¬

279 2189 334 2249 von
364 2187 415 2247 die
436 2185 501 2245 eine
532 2182 587 2242 vom
633 2179 749 2239 Kaiser
770 2178 850 2238 Otto
872 2180 927 2240 ist,
942 2181 1053 2241 welche
1079 2179 1104 2239 er
1135 2178 1185 2238 dem
1221 2177 1286 2237 Bo¬

277 2236 422 2296 leslaus,
439 2232 492 2292 dem
531 2229 622 2289 ersten
655 2229 762 2289 König
790 2229 811 2289 in
844 2229 946 2289 Polen
974 2229 1140 2289 verehret.
1206 2228 1276 2288 Die

276 2283 376 2343 andre
398 2279 456 2339 hat
478 2278 525 2338 der
552 2276 657 2336 König
679 2276 833 2336 Ludwig,
855 2276 902 2336 der
924 2279 1055 2339 zugleich
1088 2276 1193 2336 König
1220 2275 1273 2335 von

280 2330 404 2390 Ungern
439 2324 529 2384 war,
552 2324 676 2384 machen
705 2321 823 2381 lassen;
852 2326 897 2386 die
921 2327 1016 2387 dritte
1045 2324 1084 2384 ist
1108 2325 1164 2385 vom
1215 2324 1283 2384 Kö=
1312 2330 1475 2390 nehmen.

272 2383 349 2443 nige
377 2376 555 2436 Sigmund
594 2372 644 2432 dem
690 2372 828 2432 dritten,
862 2375 911 2435 der
940 2378 1074 2438 zugleich
1108 2374 1218 2434 König
1252 2372 1274 2432 in

277 2430 466 2490 Schweden
494 2423 585 2483 war;
613 2420 661 2480 die
684 2420 786 2480 vierte
803 2421 840 2481 ist
863 2425 905 2485 die
928 2426 1063 2486 Krone,
1091 2423 1209 2483 womit
1232 2422 1280 2482 die

275 2482 405 2542 Könige
440 2476 496 2536 von
531 2472 639 2532 Polen
673 2468 798 2528 bedeckt
822 2471 918 2531 sind,
947 2474 1038 2534 wenn
1073 2473 1106 2533 sie
1141 2471 1186 2531 sich
1221 2467 1277 2527 von

280 2527 507 2587 Lehnsfürsten
540 2521 690 2581 huldigen
717 2518 833 2578 lassen,
853 2521 964 2581 welche
998 2524 1094 2584 daher
1128 2521 1199 2581 auch
1232 2521 1283 2581 die

282 2578 602 2638 Huldigungskrone
621 2566 842 2626 zubenahmet
875 2571 978 2631 wird;
1017 2573 1077 2633 und
1109 2572 1152 2632 die
1177 2569 1287 2629 fünfte

278 2628 312 2688 ist
336 2626 382 2686 die
406 2627 515 2687 Krone
540 2623 592 2683 für
621 2621 667 2681 die
697 2614 865 2674 Königin.
912 2623 1064 2683 Alsdenn
1099 2620 1162 2680 sind
1192 2620 1273 2680 zwey

280 2676 500 2736 Reichsapfel
523 2673 619 2733 davon
658 2667 743 2727 einer
771 2664 824 2724 für
852 2663 905 2723 den
938 2671 1067 2731 König,
1095 2672 1148 2732 der
1181 2668 1278 2728 andre

281 2727 332 2787 für
355 2724 400 2784 die
429 2721 571 2781 Königin
600 2721 651 2781 ist,
675 2718 737 2778 auf
755 2712 840 2772 deren
863 2712 988 2772 ersterem
1029 2719 1074 2779 die
1097 2719 1165 2779 vier
1189 2718 1290 2778 Thei¬

280 2778 307 2838 le
330 2775 384 2835 der
407 2769 496 2829 Welt
518 2769 701 2829 vorgestellt
723 2767 745 2827 zu
773 2763 877 2823 sehen,
901 2764 1005 2824 ferner
1022 2768 1100 2828 zwey
1128 2769 1288 2829 Scepter,

281 2826 351 2886 eins
376 2822 428 2882 für
453 2820 499 2880 den
535 2820 660 2880 König,
684 2819 742 2879 das
767 2812 867 2872 andre
891 2811 937 2871 für
963 2815 1009 2875 die
1028 2817 1198 2877 Königin,
1217 2817 1275 2877 und

284 2876 357 2936 eben
386 2873 413 2933 so
431 2868 600 2928 zweyerley
630 2867 743 2927 goldne
766 2861 873 2921 Ketten
902 2859 941 2919 um
982 2864 1033 2924 den
1056 2867 1140 2927 Hals
1164 2864 1186 2924 zu
1209 2864 1288 2924 hän=

283 2927 341 2987 gen
368 2927 419 2987 für
447 2921 498 2981 den
525 2918 636 2978 König
662 2918 720 2978 und
747 2917 793 2977 die
813 2912 982 2972 Königin,
1003 2915 1061 2975 und
1094 2918 1205 2978 zuletzt
1225 2917 1283 2977 da=

1294 366 1595 426 Reichsschwerdt,
1608 369 1741 429 welches
1766 369 1850 429 einen
1881 364 2013 424 güldnen
2044 360 2123 420 Grif
2142 363 2201 423 mit
2220 366 2292 426 alten

1298 416 1492 476 Gothischen
1520 416 1720 476 Buchstaben
1748 418 1820 478 hat,
1848 416 1909 476 und
1937 413 2025 473 unter
2059 411 2109 471 dem
2160 410 2242 470 Grif
2270 412 2297 472 in

1298 464 1351 524 der
1374 467 1497 527 Klinge
1520 464 1562 524 ein
1590 466 1681 526 Loch,
1709 467 1838 527 welches
1866 467 1920 527 von
1953 464 2001 524 dem
2050 461 2201 521 Schlage
2234 461 2304 521 ver¬

1299 515 1443 575 ursachet
1473 515 1536 575 seyn
1577 515 1647 575 soll,
1671 515 1722 575 den
1763 515 1960 575 Uladislaus
1996 513 2042 573 der
2071 512 2175 572 vierte
2205 509 2308 569 damit

1301 563 1402 623 wider
1431 565 1487 625 das
1511 563 1601 623 Thor
1630 563 1680 623 von
1715 569 1924 629 Smolensko
1947 566 2088 626 gethan,
2129 565 2173 625 als
2202 560 2230 620 er
2253 559 2309 619 sel¬

1299 610 1366 670 bige
1395 613 1508 673 Stadt
1525 613 1667 673 entsetzet
1685 617 1758 677 hat.
1804 618 1865 678 Ein
1894 616 2087 676 Engländer
2110 613 2166 673 hat
2184 608 2308 668 folgen¬

1298 661 1332 721 de
1361 661 1581 721 Schilderung
1610 664 1700 724 Ihro
1729 664 1898 724 Majestät
1927 666 1977 726 des
2006 664 2136 724 jetzigen
2171 661 2300 721 Königs

1303 712 1371 772 noch
1403 712 1455 772 vor
1482 712 1529 772 der
1551 712 1656 772 Wahl
1673 715 1698 775 in
1725 715 1772 775 die
1794 715 1942 775 Londner
1964 715 2101 775 Zeitung
2133 712 2222 772 setzen
2249 710 2307 770 las¬

1299 760 1374 820 sen:
1429 758 1505 818 Der
1538 760 1636 820 Graf
1664 764 1909 824 Poniatowski
1931 765 1968 825 ist
1996 763 2040 823 ein
2073 762 2176 822 Sohn
2215 760 2301 820 eines

1303 810 1421 870 braven
1452 810 1683 870 Edelmanns,
1720 814 1848 874 welcher
1885 813 1936 873 den
1978 813 2090 873 König
2127 813 2209 873 Carl
2235 811 2291 871 von

1302 861 1489 921 Schweden
1517 861 1572 921 aus
1600 861 1650 921 der
1684 864 1910 924 unglücklichen
1949 863 2110 923 Schlacht
2133 861 2187 921 bey
2221 858 2309 918 Pul¬

1301 907 1376 967 tava
1404 912 1702 972 herausgebracht;
1729 915 1788 975 und
1816 912 1870 972 ihn
1903 912 1961 972 mit
1984 912 2032 972 der
2060 912 2179 972 grösten
2212 909 2314 969 Uner¬

1304 960 1548 1020 schrockenheit,
1570 961 1732 1021 Klugheit
1755 960 1814 1020 und
1842 962 1944 1022 Treue
1972 963 2112 1023 glücklich
2134 962 2199 1022 nach
2221 957 2313 1017 Ben=

1306 1002 1357 1062 der
1389 1007 1543 1067 geführet
1569 1008 1641 1068 hat,
1668 1007 1874 1067 ohnerachtet
1900 1004 1925 1064 er
1957 1007 2014 1067 von
2050 1010 2148 1070 seinem
2195 1009 2313 1069 trium¬

1302 1051 1478 1111 phirenden
1531 1052 1671 1112 Feinde,
1692 1055 1796 1115 Peter
1827 1052 1879 1112 dem
1926 1052 2092 1112 Großen,
2119 1055 2186 1115 sehr
2218 1055 2305 1115 hitzig

1304 1100 1466 1160 verfolget
1488 1101 1612 1161 wurde.
1662 1102 1786 1162 Dieser
1814 1101 1911 1161 junge
1938 1100 2025 1160 Herr
2053 1100 2112 1160 von
2145 1103 2231 1163 Adel
2253 1105 2312 1165 hat

1306 1146 1364 1206 alle
1391 1148 1438 1208 die
1459 1151 1702 1211 ausnehmende
1729 1151 1903 1211 Tugenden
1930 1148 2030 1208 seines
2046 1148 2167 1208 Vaters
2189 1148 2310 1208 geerbt,

1310 1198 1344 1258 ist
1367 1198 1604 1258 wohlgestaltet
1622 1201 1683 1261 und
1712 1201 1762 1261 von
1791 1201 1876 1261 einer
1900 1201 2023 1261 schönen
2052 1198 2176 1258 Länge,
2194 1198 2312 1258 bräun¬

1305 1251 1398 1311 licht,
1415 1252 1470 1312 hat
1487 1251 1575 1311 freye
1598 1252 1658 1312 und
1681 1252 1869 1312 männliche
1892 1252 2119 1312 Gesichtszüge
2142 1251 2202 1311 und
2230 1249 2307 1309 ganz

1305 1303 1460 1363 schwarze
1478 1303 1611 1363 Augen.
1658 1303 1709 1363 Er
1733 1306 1854 1366 drücket
1878 1303 1924 1363 sich
1953 1304 2016 1364 sehr
2040 1303 2132 1363 wohl
2151 1302 2225 1362 aus,
2249 1299 2312 1359 we¬

1304 1354 1355 1414 gen
1386 1353 1484 1413 seines
1511 1354 1702 1414 natürlichen
1733 1357 1826 1417 guten
1852 1354 2069 1414 Verstandes,
2095 1352 2146 1412 den
2173 1351 2204 1411 er
2220 1351 2307 1411 durch

1305 1403 1440 1463 studiren
1474 1403 1530 1463 und
1559 1404 1689 1464 Uebung
1718 1404 1853 1464 glücklich
1882 1404 2018 1464 erhöhet
2035 1402 2108 1462 hat,
2132 1402 2153 1462 so
2188 1399 2244 1459 daß
2279 1399 2306 1459 er

1307 1452 1438 1512 Bücher
1466 1452 1523 1512 und
1551 1455 1709 1515 Gelehrte
1736 1453 1847 1513 kennt,
1869 1452 1927 1512 und
1959 1452 2001 1512 die
2022 1449 2181 1509 belebteste
2203 1449 2319 1509 Spra¬

1304 1503 1374 1563 chen
1402 1500 1456 1560 von
1495 1503 1624 1563 Europa
1663 1505 1744 1565 recht
1767 1503 1929 1563 eigentlich
1968 1500 2032 1560 und
2066 1501 2168 1561 flüßig
2207 1498 2315 1558 redet:

1313 1551 1399 1611 Sein
1432 1550 1572 1610 Anstand
1599 1551 1636 1611 ist
1659 1554 1739 1614 edel,
1761 1554 1825 1614 frey
1858 1551 1917 1611 und
1945 1550 2160 1610 verbindlich,
2193 1548 2252 1608 und
2280 1548 2306 1608 er

1312 1599 1386 1659 kann
1413 1599 1481 1659 sehr
1504 1602 1651 1662 vertraut
1673 1602 1763 1662 seyn,
1790 1602 1859 1662 doch
1886 1599 1965 1659 wird
1987 1599 2018 1659 er
2040 1599 2141 1659 nichts
2173 1596 2231 1656 von
2263 1596 2315 1656 der

1309 1649 1536 1709 Hochachtung
1562 1649 1742 1709 verlieren,
1758 1649 1804 1709 die
1831 1649 1897 1709 man
1924 1646 1975 1706 ihm
2022 1646 2145 1706 einmal
2172 1646 2203 1706 zu
2239 1642 2316 1702 wid¬

1309 1691 1376 1751 men
1405 1691 1448 1751 sich
1482 1691 1616 1751 schuldig
1646 1693 1775 1753 erkandt
1800 1691 1876 1751 hat:
1906 1690 1977 1750 aber
2002 1691 2078 1751 über
2103 1691 2179 1751 alles
2199 1691 2232 1751 ist
2247 1691 2295 1751 ihm

1317 1736 1412 1796 nichts
1441 1733 1465 1793 so
1489 1733 1618 1793 theuer,
1633 1733 1681 1793 als
1710 1733 1758 1793 die
1773 1730 1945 1790 Wohlfart
1960 1733 2055 1793 seines
2075 1736 2319 1796 Vaterlandes.

1508 1778 1809 1838 Petersburg,
1842 1778 1903 1838 vom
1951 1779 2013 1839 24.
2040 1781 2133 1841 Aug,

1369 1826 1458 1886 Ihro
1483 1828 1634 1888 Kayserl.
1659 1829 1845 1889 Majestät,
1870 1828 1985 1888 welche
2016 1831 2117 1891 einige
2143 1831 2233 1891 Tage
2257 1831 2311 1891 den

1317 1882 1512 1942 Schnupfen
1542 1885 1660 1945 gehabt
1678 1885 1808 1945 haben,
1832 1884 1891 1944 sind
1928 1882 2027 1942 davon
2069 1885 2164 1945 völlig
2200 1885 2317 1945 wieder

1314 1936 1528 1996 hergestellet,
1551 1938 1613 1998 und
1642 1936 1738 1996 haben
1767 1936 1817 1996 dem
1857 1934 1987 1994 Grafen
2016 1936 2213 1996 Rzewuski,
2242 1934 2320 1994 wel¬

1313 1982 1373 2042 cher
1399 1984 1449 2044 von
1485 1984 1535 2044 der
1561 1985 1759 2045 pohlnischen
1795 1984 2221 2044 General=Conföderation
2257 1984 2322 2044 mit

1316 2033 1400 2093 einer
1422 2034 1611 2094 dergleichen
1644 2034 1876 2094 Comwssion,
1893 2034 1940 2094 als
1972 2034 2020 2094 der
2041 2034 2136 2094 Graf
2152 2033 2310 2093 Oskierka

1315 2085 1478 2145 aufhatte,
1495 2082 1610 2142 anhero
1643 2085 1822 2145 gekommen
1849 2082 1912 2142 ist,
1939 2084 2007 2144 eine
2029 2082 2171 2142 Audienz
2203 2082 2319 2142 erthei¬

1317 2133 1373 2193 let.
1419 2130 1497 2190 Der
1526 2128 1616 2188 Graf
1639 2130 1808 2190 Oginski,
1832 2133 1961 2193 melcher
1990 2131 2035 2191 sich
2069 2133 2233 2193 hierselbst
2262 2130 2318 2190 seit

1316 2183 1440 2243 einiger
1463 2178 1532 2238 Zeit
1554 2181 1700 2241 aufhält,
1717 2181 1814 2241 wird,
1837 2181 1896 2241 wie
1918 2181 1982 2241 man
2015 2184 2145 2244 glaubt,
2167 2184 2237 2244 nach
2265 2182 2313 2242 der

1316 2229 1420 2289 Wahl
1449 2226 1537 2286 eines
1570 2227 1664 2287 neuen
1703 2230 1830 2290 Königs
1864 2229 1919 2289 von
1953 2231 2112 2291 Pohlen,
2146 2231 2196 2291 den
2235 2231 2317 2291 Cha¬

1314 2280 1414 2340 racter
1444 2276 1526 2336 eines
1557 2279 1805 2339 Ambassadeurs
1835 2279 1894 2339 von
1936 2279 2048 2339 solchem
2096 2282 2237 2342 Prinzen
2268 2278 2320 2338 an¬

1335 2455 1657 2515 Wechsel-Cours
1674 2457 1689 2517 &
1745 2461 1895 2521 Species
1920 2458 1958 2518 d.
1975 2460 2045 2520 27.
2061 2461 2179 2521 Sept.
2188 2465 2313 2525 1764.

1897 2516 1942 2576 71
1963 2524 2048 2584 Tage
2075 2528 2133 2588 301
2154 2530 2206 2590 gr.

1316 2524 1501 2584 Amsterdam
1543 2521 1585 2581 41
1609 2521 1692 2581 Tage
1710 2524 1770 2584 303
1794 2529 1841 2589 gr.

1319 2575 1493 2635 Hamburg
1519 2565 1531 2625 3
1559 2571 1616 2631 W.
1629 2572 1694 2632 131
1714 2576 1764 2636 gr.

1856 2572 1866 2632 6
1896 2571 1958 2631 W.
1976 2572 2033 2632 130
2068 2575 2119 2635 gr.

1319 2623 1422 2683 Berlin

1810 2623 1952 2683 Dantzig
1992 2623 2026 2683 24
2061 2623 2112 2683 pr.
2130 2625 2209 2685 Cto.

1319 2673 1463 2733 Ducaten
1484 2667 1559 2727 neue
1580 2667 1586 2727 8
1614 2669 1649 2729 fl.
1663 2672 1690 2732 28
1711 2676 1765 2736 gr.

1903 2670 2029 2730 Alberts
2047 2673 2144 2733 Taler
2162 2676 2225 2736 127
2243 2676 2300 2736 gr.

1804 2719 1851 2779 Alt
1870 2721 2008 2781 Polnisch
2033 2723 2105 2783 Geld
2123 2725 2165 2785 11
2184 2724 2231 2784 pr.
2244 2721 2322 2781 Cto.

1317 2723 1434 2783 Rubel
1452 2718 1516 2778 112
1540 2719 1593 2779 gr.

1322 2830 1415 2890 Diese
1433 2826 1571 2886 Gelehrte
1588 2829 1643 2889 und
1666 2831 1826 2891 Politische
1849 2832 1975 2892 Zeitung
1998 2829 2069 2889 wird
2093 2829 2142 2889 des
2164 2826 2319 2886 Montags

1421 2870 1481 2930 und
1510 2873 1653 2933 Freytags
1676 2873 1698 2933 in
1726 2873 1770 2933 dem
1809 2875 2003 2935 Kanterschen
2037 2870 2207 2930 Buchladen

1711 2916 1925 2976 ausgegeben.
