2479 3508
244 360 329 420 gen,
360 359 416 419 und
453 357 588 417 nahmen
626 354 662 414 11
693 356 859 416 Personen
897 357 1075 417 gefangen.
1119 354 1241 414 Diesen

246 406 384 466 Morgen
428 404 465 464 um
524 401 539 461 2
577 404 646 464 Uhr
684 404 791 464 wurde
823 407 994 467 berichtet,
1032 407 1090 467 daß
1128 404 1245 464 gestern

251 456 356 516 Abend
383 454 457 514 beym
500 452 706 512 Untergange
727 452 780 512 der
802 455 929 515 Sonne
945 455 960 515 6
987 455 1172 515 Familien,
1194 451 1256 511 un¬

248 503 327 563 weit
354 503 407 563 der
439 503 534 563 engen
566 500 708 560 Passage
746 503 809 563 sind
842 503 1068 563 abgeschnitten
1106 503 1254 563 worden.

248 554 294 614 Es
325 551 387 611 sind
408 551 542 611 indessen
573 551 583 611 2
614 551 836 611 Compagnien
862 553 934 613 nach
960 553 1006 613 dem
1048 551 1166 611 Feinde
1198 549 1254 609 ab=

246 601 415 661 geschickt,
442 601 478 661 um
520 598 565 658 wo
592 601 752 661 möglich,
778 598 824 658 ihm
866 598 912 658 die
938 598 1114 658 Gesangne
1135 598 1253 658 wieder

248 651 489 711 abzunehmen.
540 649 615 709 Vom
656 649 736 709 Fort
758 649 979 709 Cumberland
999 649 1095 709 haben
1126 646 1186 706 wir
1206 649 1251 709 die

254 703 419 763 Zeitung,
442 701 497 761 daß
530 698 602 758 eine
630 699 723 759 starke
752 697 895 757 Parthey
928 697 1099 757 Indianer
1133 697 1248 757 neulich

252 753 311 813 auf
344 750 409 810 eine
448 748 577 808 Anzahl
610 746 805 806 Europäer,
838 748 893 808 die
920 747 1006 807 nahe
1039 745 1121 805 beym
1170 742 1261 802 Port

249 799 449 859 Dinwiddie
482 795 535 855 von
574 795 714 855 Augusta
754 795 775 855 in
802 795 980 855 Virginien
1014 796 1040 856 im
1084 795 1176 855 Felde
1209 791 1262 851 ar¬

251 849 394 909 beitete,
415 849 494 909 siel,
521 846 558 906 15
585 846 685 906 davon
723 843 865 903 tödtete,
892 846 950 906 und
983 846 1051 906 noch
1089 843 1120 903 16
1163 843 1257 903 theils

246 896 485 956 verwundete,
507 894 607 954 theils
629 894 784 954 gefangen
811 897 938 957 nahm,
960 894 1092 954 worauf
1120 894 1156 954 sie
1183 894 1263 954 gan¬

256 946 283 1006 ze
301 943 317 1003 6
352 945 504 1005 Stunden
533 945 589 1005 auf
613 945 669 1005 das
692 942 776 1002 Fort
794 945 941 1005 feuerte,
970 945 1037 1005 aber
1060 945 1156 1005 nichts
1185 942 1263 1002 aus¬

259 992 372 1052 richten
411 990 540 1050 konnte.

369 1037 572 1097 Kingston
612 1034 666 1094 auf
695 1034 871 1094 Jamaica,
899 1034 954 1094 von
988 1034 1004 1094 9
1054 1037 1147 1097 Jun.

314 1083 387 1143 Mit
407 1082 495 1142 einer
520 1082 573 1142 aus
608 1082 661 1142 der
682 1079 818 1139 Havana
853 1082 1063 1142 angelangten
1088 1085 1259 1145 Chaluppe

260 1136 440 1196 vernimmt
471 1132 574 1192 man,
616 1130 672 1190 daß
698 1130 832 1190 daselbst
863 1130 976 1190 13000
1018 1131 1131 1191 Mann
1173 1130 1265 1190 regu=

260 1184 355 1244 lairer
386 1183 542 1243 Truppen
568 1178 830 1238 angekommen,
857 1178 947 1238 deren
977 1178 1134 1238 Officiers
1165 1178 1260 1238 theils

260 1234 469 1294 Franzosen,
497 1231 596 1291 theils
630 1231 795 1291 Irländer
829 1228 916 1288 sind;
950 1228 1010 1288 daß
1044 1228 1076 1288 an
1110 1228 1159 1288 den
1199 1224 1270 1284 Ve¬

256 1285 493 1345 stungswerken
520 1279 747 1339 unaufhörlich
779 1282 955 1342 gearbeitet
976 1279 1079 1339 wird;
1111 1278 1162 1338 daß
1194 1276 1245 1336 dem

261 1333 343 1393 Fort
366 1333 465 1393 Moro
494 1330 559 1390 eine
582 1330 682 1390 starke
704 1330 858 1390 Citadelle
882 1330 1125 1390 hinzugefügt,
1148 1330 1208 1390 und
1231 1327 1258 1387 in

259 1384 306 1444 dem
349 1380 450 1440 Felsen
482 1381 524 1441 ein
562 1378 651 1438 tiefer
684 1379 816 1439 Graben
854 1381 1066 1441 ausgehauen
1104 1380 1167 1440 ist,
1199 1380 1257 1440 und

265 1432 315 1492 daß
344 1431 412 1491 man
446 1428 497 1488 den
526 1428 685 1488 Schifbau
714 1428 770 1488 auf
793 1426 843 1486 das
872 1428 1014 1488 eifrigste
1032 1428 1184 1488 fortsetze.

487 1476 748 1536 Warschau,
772 1476 828 1536 den
862 1476 925 1536 19.
954 1479 1044 1539 Aug.

309 1526 379 1586 Auf
401 1524 445 1584 die
467 1524 718 1584 bevorstehende
740 1524 876 1584 Königl.
887 1524 990 1584 Wahl
1013 1527 1132 1587 werden
1155 1524 1268 1584 allhier

265 1577 345 1637 viele
367 1575 589 1635 Herrschaften
628 1574 811 1634 verhoffet,
839 1575 930 1635 sogar
964 1575 1033 1635 auch
1072 1575 1271 1635 diejenigen,

263 1622 375 1682 welche
401 1622 454 1682 dem
504 1622 636 1682 vorigen
671 1622 1089 1682 Conventionsreichstage
1123 1622 1265 1682 zuwider

264 1667 426 1727 gewesen,
451 1670 507 1730 aus
532 1670 587 1730 der
614 1667 755 1727 Ursach,
782 1669 857 1729 weil
873 1670 933 1730 alle
954 1670 1187 1730 Zwistigkeiten
1223 1668 1273 1728 be¬

263 1712 339 1772 reits
367 1714 398 1774 an
431 1713 475 1773 die
503 1712 603 1772 Seite
626 1712 730 1772 gesetzt
749 1709 903 1769 werden,
931 1712 989 1772 und
1017 1712 1116 1772 nichts
1145 1712 1275 1772 Widri¬

267 1760 323 1820 ges
351 1759 406 1819 auf
426 1755 476 1815 dem
519 1754 784 1814 bevorstehenden
813 1752 1096 1812 Wahlreichstage
1115 1752 1142 1812 zu
1171 1752 1273 1812 besor¬

270 1807 325 1867 gen
353 1803 469 1863 stehet,
492 1800 585 1860 indem
636 1798 768 1858 derselbe
797 1798 880 1858 nicht
908 1799 996 1859 durch
1030 1799 1073 1859 die
1097 1799 1273 1859 Mehrheit

268 1854 325 1914 der
343 1852 510 1912 Stimmen
540 1851 684 1911 schließen
708 1849 805 1909 wird,
835 1849 927 1909 dabey
957 1851 1003 1911 die
1021 1849 1176 1909 Beysitzer
1200 1849 1251 1909 zum

272 1906 658 1966 Generalcapturgericht
679 1900 761 1960 circa
787 1897 910 1957 liberum
947 1900 1018 1960 Veto
1050 1901 1193 1961 vermöͤge
1215 1902 1265 1962 der

275 1957 487 2017 Constitution
518 1954 569 2014 von
606 1954 694 2014 1683
720 1951 881 2011 erwählet
902 1954 1046 2014 worden,
1062 1954 1201 2014 wodurch
1233 1952 1279 2012 al¬

268 2009 295 2069 so
318 2008 378 2068 alle
401 2005 685 2065 Partheylichkeit
702 2002 924 2062 hinwegfallen
959 2002 1052 2062 wird.
1114 2002 1186 2062 Die
1209 1999 1275 2059 Kö¬

269 2055 359 2115 nigl.
376 2055 529 2115 Insignia
557 2050 620 2110 sind
647 2050 683 2110 am
732 2049 801 2109 6ten
838 2049 933 2109 dieses
966 2049 1056 2109 durch
1088 2049 1135 2109 den
1168 2049 1268 2109 Herrn

272 2101 409 2161 Bischof
431 2100 484 2160 von
511 2100 590 2160 Culm
633 2096 653 2156 in
686 2097 850 2157 Empfang
877 2100 1093 2160 genommen,
1121 2097 1178 2157 mit
1200 2097 1274 2157 wel=

271 2153 338 2213 chen
373 2151 503 2211 derselbe
526 2151 639 2211 allhier
662 2148 809 2208 stündlich
833 2148 991 2208 verhoffet
1009 2148 1105 2208 wird.
1168 2148 1281 2208 Künf¬

273 2202 352 2262 tigen
384 2199 543 2259 Sonntag
571 2196 649 2256 wird
682 2196 740 2256 das
762 2196 1016 2256 Brückengeld,
1049 2196 1176 2256 welches
1208 2195 1276 2255 bis¬

272 2243 346 2303 hero
372 2246 614 2306 eingenommen
645 2240 801 2300 worden,
826 2243 1007 2303 aufhören,
1033 2245 1093 2305 und
1119 2245 1163 2305 die
1184 2243 1269 2303 freye

277 2294 415 2354 Passage
438 2291 487 2351 bis
516 2291 526 2351 2
554 2288 687 2348 Wochen
716 2289 787 2349 nach
810 2291 859 2351 dem
899 2294 1092 2354 Reichstage
1126 2292 1281 2352 fortweh=

273 2344 348 2404 ren.
397 2337 450 2397 Jn
478 2336 494 2396 2
516 2335 650 2395 Wochen
683 2334 742 2394 sind
765 2338 850 2398 2000
883 2342 942 2402 und
970 2343 1072 2403 etliche
1094 2342 1148 2402 100
1175 2342 1277 2402 Tym=

273 2395 331 2455 pfe
353 2393 385 2453 an
413 2386 640 2446 Brückengeld
662 2387 920 2447 eingekommen,
932 2393 1034 2453 welche
1057 2393 1127 2453 Sr.
1138 2392 1277 2452 Durchl.

273 2443 328 2503 der
356 2438 449 2498 Fürst
467 2435 627 2495 Woywod
661 2432 722 2492 von
756 2437 905 2497 Rußland
945 2443 1027 2503 einem
1078 2440 1277 2500 nothdürfti¬

276 2494 327 2554 gen
356 2491 536 2551 Edelmann
565 2482 678 2542 reichen
707 2483 820 2543 laßen.
866 2488 939 2548 Der
973 2490 1154 2550 Spanische
1183 2488 1278 2548 Resi¬

277 2542 352 2602 dent
374 2542 456 2602 Herr
484 2536 621 2596 d'Omis
643 2532 704 2592 hat
725 2530 787 2590 auf
809 2533 932 2593 Befehl
954 2539 1056 2599 seines
1078 2539 1180 2599 Hofes
1209 2538 1277 2598 hie=

276 2592 336 2652 sige
359 2590 469 2650 Stadt
487 2586 658 2646 verlaßen.
714 2578 792 2638 Vom
831 2585 991 2645 Sonntag
1014 2588 1070 2648 auf
1092 2587 1136 2647 den
1170 2587 1280 2647 Mon=

271 2641 319 2701 tag
347 2638 373 2698 in
401 2638 449 2698 der
472 2637 585 2697 Nacht
602 2633 661 2693 hat
689 2629 759 2689 man
792 2628 862 2688 hier
890 2632 933 2692 ein
966 2638 1079 2698 starkes
1107 2635 1269 2695 Gewitter

282 2688 398 2748 gehabt
420 2685 480 2745 mit
503 2685 608 2745 Regen
637 2681 697 2741 und
720 2677 829 2737 Hagel
847 2683 1068 2743 untermischt,
1091 2685 1195 2745 wobey
1223 2685 1273 2745 der

282 2736 389 2796 Stral
416 2735 443 2795 in
476 2733 530 2793 der
557 2730 767 2790 Kreuzkirche
801 2724 887 2784 einen
925 2733 1092 2793 Menschen
1131 2733 1281 2793 getödtet,

282 2787 340 2847 und
368 2785 384 2845 3
406 2781 573 2841 betäubet.
622 2778 784 2838 Folgende
806 2772 886 2832 zwey
919 2783 1157 2843 ungekünstelte
1179 2781 1286 2841 Chro¬

278 2835 416 2895 nosticha
460 2834 517 2894 hat
555 2832 598 2892 ein
635 2828 904 2888 Weltgeistlicher
948 2830 976 2890 in
1014 2835 1166 2895 Preußen
1218 2832 1289 2892 ver=

279 2885 412 2945 fertigt.

1343 353 1449 413 Stanls
1461 352 1544 412 LaVs
1568 354 1685 414 CoMes
1709 354 1940 414 PonlatoVskl
1964 351 2011 411 fit
2035 351 2087 411 reX
2118 354 2288 414 PoLonlae

1402 398 1467 458 Dle
1500 401 1642 461 XXVII.
1664 404 1849 464 AVgVStI.

1344 449 1577 509 StanlsLaVs
1600 450 1691 510 Graf
1720 452 1776 512 Von
1805 451 2084 511 PonlatoWSCkI
2107 445 2198 505 WIrD
2227 449 2283 509 Den

1407 497 1503 557 sieben
1546 500 1611 560 VnD
1661 503 1879 563 zWanzlgsten
1916 500 2072 560 AVgVstl
2110 497 2218 557 Könlg
2255 500 2285 560 In

1411 547 1576 607 PohLen.

1302 591 1341 651 In
1370 595 1426 655 dem
1461 598 1550 658 ersten
1585 599 1641 659 und
1670 600 1777 660 dritten
1811 598 1907 658 Wort
1936 598 2060 658 sowohl
2083 595 2133 655 des
2168 593 2297 653 lateini¬

1298 644 1371 704 schen
1403 646 1445 706 als
1472 649 1624 709 deutschen
1657 649 1714 709 soll
1736 649 1783 709 der
1805 649 1915 709 Name
1937 649 1989 709 des
2022 646 2201 706 Verfassers
2233 643 2296 703 ent¬

1294 693 1396 753 halten
1424 694 1521 754 seyn,
1544 699 1581 759 um
1625 700 1678 760 dem
1723 700 1895 760 bekannten
1929 697 1977 757 Sic
1999 698 2074 758 vos,
2102 697 2161 757 non
2189 694 2296 754 vobis,

1291 744 1541 804 vorzubeugen.

1478 795 1781 855 Petersburg,
1821 795 1878 855 vom
1930 795 1994 855 24.
2027 792 2117 852 Jul.

1344 839 1420 899 Daß
1454 843 1575 903 sowohl
1609 846 1753 906 mancher
1781 846 1836 906 vom
1886 843 1991 903 Glück
2019 843 2140 903 gesucht
2180 840 2301 900 werde,

1297 891 1343 951 als
1369 892 1440 952 auch
1467 894 1611 954 mancher
1637 891 1688 951 sein
1715 894 1813 954 Glück
1839 893 2102 953 vernachläßige,
2129 889 2226 949 davon
2247 890 2298 950 ha¬

1297 941 1348 1001 ben
1374 941 1430 1001 wir
1446 942 1507 1002 hier
1529 942 1564 1002 ein
1590 941 1683 1001 neues
1710 940 1879 1000 Beyspiel.
1910 941 1961 1001 Es
1988 942 2024 1002 ist
2045 942 2173 1002 nemlich
2200 939 2225 999 in
2246 938 2292 998 der

1297 990 1365 1050 4ten
1397 990 1498 1050 Classe
1525 990 1571 1050 der
1598 987 1725 1047 hiesigen
1757 987 2005 1047 Reichslotterie
2032 991 2084 1051 auf
2117 991 2164 1051 die
2191 990 2301 1050 Num¬

1299 1032 1362 1092 mer
1389 1034 1479 1094 7107
1506 1034 1547 1094 ein
1574 1034 1717 1094 Gewinn
1744 1032 1802 1092 von
1839 1034 1950 1094 10000
1982 1037 2109 1097 Rubeln
2146 1037 2305 1097 gesallen,

1299 1080 1358 1140 und
1384 1082 1414 1142 ob
1440 1082 1525 1142 zwar
1551 1084 1596 1144 die
1627 1079 1773 1139 Ziehung
1804 1079 1884 1139 schon
1925 1079 1980 1139 vor
2006 1082 2127 1142 einiger
2153 1082 2228 1142 Zeit
2253 1084 2303 1144 ge¬

1300 1130 1416 1190 schehen
1448 1130 1500 1190 ist,
1528 1130 1553 1190 so
1575 1130 1633 1190 hat
1655 1128 1707 1188 sich
1739 1130 1802 1190 doch
1840 1127 1945 1187 wegen
1983 1129 2077 1189 dieses
2110 1127 2294 1187 Gewinstes

1300 1178 1365 1238 noch
1391 1178 1542 1238 niemand
1568 1179 1628 1239 mit
1649 1178 1699 1238 dem
1745 1181 1856 1241 Billet
1882 1178 2059 1238 gemeldet.
2130 1175 2206 1235 Bis
2232 1178 2282 1238 zum

1299 1228 1379 1288 1sten
1407 1228 1547 1288 October
1569 1228 1607 1288 ist
1629 1228 1677 1288 dem
1716 1228 1850 1288 Besitzer
1889 1227 1959 1287 noch
1992 1228 2218 1288 vorbehalten,
2246 1231 2294 1291 sich

1304 1279 1400 1339 seines
1429 1277 1547 1337 Glücks
1570 1279 1757 1339 theilhaftig
1781 1279 1808 1339 zu
1837 1279 1984 1339 machen.

1499 1328 1817 1388 Königsberg,
1841 1332 1892 1392 den
1928 1333 1991 1393 25.
2015 1333 2107 1393 Aug.

1353 1378 1485 1438 Gestern
1517 1381 1650 1441 feyerten
1682 1378 1787 1438 einige
1814 1378 1872 1438 von
1910 1378 1962 1438 den
1995 1378 2116 1438 Herren
2149 1378 2296 1438 Officiers

1299 1428 1355 1488 des
1392 1428 1552 1488 hochlöbl.
1583 1428 1640 1488 von
1682 1428 1976 1488 Tettenbornschen
2023 1428 2307 1488 Infanterieregi¬

1303 1477 1404 1537 ments
1431 1478 1485 1538 den
1507 1478 1715 1538 Geburtstag
1738 1479 1828 1539 ihres
1850 1476 2015 1536 würdigen
2043 1476 2139 1536 Chefs
2166 1476 2219 1536 auf
2241 1476 2310 1536 eine

1306 1527 1503 1587 vorzügliche
1525 1527 1604 1587 Art.
1653 1527 1733 1587 Des
1765 1527 1855 1587 Hrn.
1883 1526 2053 1586 Generals
2075 1524 2315 1584 Hochwohlge¬

1309 1575 1419 1635 bohren
1449 1577 1575 1637 wurden
1606 1575 1691 1635 nebst
1712 1575 1797 1635 einer
1818 1575 1994 1635 ziemlichen
2024 1575 2155 1635 Anzahl
2171 1575 2221 1635 von
2256 1574 2301 1634 der

1307 1622 1439 1682 hiesigen
1473 1625 1628 1685 Noblesse
1656 1622 1683 1682 in
1717 1622 1805 1682 einen
1834 1622 1928 1682 Saal
1950 1622 2128 1682 geführet,
2167 1619 2310 1679 woselbst

1307 1670 1353 1730 ein
1381 1670 1493 1730 kleines
1531 1667 1670 1727 Theater
1703 1667 1848 1727 errichtet
1877 1667 1965 1727 war,
1998 1665 2054 1725 auf
2082 1667 2212 1727 welchem
2260 1666 2301 1726 ein

1308 1712 1462 1772 Vorspiel
1476 1711 1690 1771 aufgeführet
1709 1708 1841 1768 wurde,
1869 1709 1996 1769 welches
2024 1709 2078 1769 von
2115 1712 2201 1772 einem
2247 1712 2315 1772 hie¬

1315 1752 1388 1812 sigen
1418 1751 1575 1811 Dichter,
1610 1754 1658 1814 dem
1703 1751 1796 1811 Hrn.
1821 1754 2066 1814 Schulcollegen
2101 1757 2218 1817 Lauson
2253 1760 2311 1820 auf

1313 1802 1501 1862 Verlangen
1537 1802 1589 1862 der
1607 1802 1730 1862 Herren
1761 1803 1907 1863 Officiers
1943 1805 2036 1865 diesem
2078 1808 2160 1868 Feste
2190 1813 2301 1873 gemäß

1312 1852 1518 1912 eingerichtet
1546 1854 1696 1914 worden.
1769 1855 1847 1915 Der
1875 1858 2087 1918 Schauplatz
2115 1861 2209 1921 stellte
2243 1864 2309 1924 eine

1308 1904 1461 1964 waldigte
1483 1906 1620 1966 Gegend
1642 1904 1726 1964 vor,
1758 1906 1784 1966 in
1822 1906 1917 1966 dessen
1954 1909 2059 1969 Mitte
2092 1909 2134 1969 ein
2166 1912 2239 1972 Fels
2272 1914 2303 1974 zu

1313 1954 1395 2014 sehen
1426 1954 1519 2014 war,
1545 1954 1601 2014 vor
1633 1956 1761 2016 welchem
1814 1957 1860 2017 die
1882 1957 1953 2017 Zeit
1980 1957 2067 2017 nebst
2093 1959 2144 2019 den
2181 1963 2191 2023 4
2228 1962 2315 2022 Jah¬

1311 2005 1464 2065 reszeiten
1491 2003 1538 2063 sich
1565 2005 1807 2065 unterredeten.
1856 2007 1929 2067 Auf
1946 2005 2066 2065 einmal
2088 2005 2225 2065 eröfnete
2257 2009 2304 2069 sich

1310 2052 1364 2112 der
1389 2052 1493 2112 Fels,
1518 2052 1577 2112 und
1608 2052 1657 2112 der
1677 2052 1766 2112 Herr
1787 2052 1940 2112 General
1960 2052 2069 2112 wurde
2094 2055 2148 2115 auf
2168 2055 2232 2115 eine
2263 2055 2321 2115 an¬

1311 2103 1467 2163 genehme
1493 2100 1552 2160 Art
1573 2100 1774 2160 surprenirt;
1805 2102 1896 2162 indem
1937 2103 1961 2163 er
1988 2103 2118 2163 daselbst
2134 2106 2235 2166 nichts
2260 2105 2320 2165 we¬

1311 2150 1403 2210 niger
1425 2147 1471 2207 als
1497 2147 1548 2207 sein
1580 2147 1663 2207 Bild
1689 2145 1720 2205 zu
1746 2148 1890 2208 erblicken
1922 2153 2144 2213 vermuthete,
2176 2157 2310 2217 welches

1312 2196 1371 2256 mit
1393 2195 1430 2255 55
1459 2193 1632 2253 Lampions
1665 2193 1735 2253 nach
1774 2195 1822 2255 der
1844 2198 1931 2258 Zahl
1953 2198 2001 2258 der
2024 2202 2241 2262 Lebensjahre
2269 2204 2317 2264 er¬

1306 2244 1462 2304 leuchtet,
1489 2241 1549 2301 mit
1570 2240 1651 2300 einer
1677 2243 1905 2303 Lorbeerkrone
1925 2246 2138 2306 geschmückt,
2165 2250 2225 2310 und
2251 2250 2306 2310 von

1313 2297 1415 2357 Mars
1442 2292 1503 2352 und
1530 2291 1669 2351 Bellona
1696 2294 1835 2354 gehalten
1867 2292 1996 2352 wurde.
2059 2295 2157 2355 Unter
2188 2297 2317 2357 demsel¬

1317 2348 1368 2408 ben
1394 2343 1460 2403 war
1492 2339 1543 2399 das
1574 2339 1625 2399 von
1657 2342 1924 2402 Tettenbornsche
1945 2340 2068 2400 Wapen
2105 2345 2310 2405 angebracht.

1311 2395 1406 2455 Nach
1433 2388 1607 2448 Endigung
1634 2389 1686 2449 des
1713 2393 1882 2453 Vorspiels
1915 2390 2025 2450 wurde
2047 2390 2099 2450 der
2121 2394 2242 2454 Schatz
2258 2398 2310 2458 des

1313 2445 1405 2505 Hrn.
1429 2437 1544 2497 Lessing
1579 2437 1637 2497 von
1672 2440 1822 2500 derselben
1863 2440 2077 2500 Gesellschaft
2106 2446 2314 2506 aufgeführt,

1316 2492 1376 2552 und
1410 2489 1537 2549 sowohl
1565 2485 1642 2545 beym
1687 2490 1848 2550 Beschluß
1887 2488 1937 2548 des
1971 2491 2142 2551 Vorspiels
2176 2495 2225 2555 als
2259 2497 2309 2557 des

1318 2540 1539 2600 Schauspiels
1578 2534 1633 2594 von
1667 2539 1760 2599 Hrn.
1789 2540 1965 2600 Lieutnant
2000 2541 2054 2601 von
2088 2543 2209 2603 Hülsen
2243 2545 2309 2605 eine

1318 2590 1397 2650 Arie
1420 2586 1596 2646 gesungen.
1647 2587 1714 2647 Die
1737 2590 1952 2650 sämmtlichen
1981 2592 2072 2652 Hrn.
2089 2593 2225 2653 Acteurs
2253 2593 2320 2653 tru¬

1319 2641 1369 2701 gen
1398 2638 1448 2698 den
1477 2632 1618 2692 Beyfall
1636 2633 1686 2693 des
1709 2638 1924 2698 ansehnlichen
1953 2641 2123 2701 Auditorii
2140 2643 2196 2703 zum
2231 2642 2304 2702 Lohn

1312 2688 1404 2748 ihrer
1432 2682 1698 2742 Geschicklichkeit
1720 2688 1839 2748 davon.

1324 2794 1413 2854 Diese
1431 2790 1567 2850 Gelehrte
1590 2793 1640 2853 und
1664 2796 1828 2856 Politische
1845 2796 1969 2856 Zeitung
1999 2793 2066 2853 wird
2089 2791 2139 2851 des
2163 2790 2315 2850 Montags

1418 2836 1474 2896 und
1509 2838 1650 2898 Freytags
1673 2838 1696 2898 in
1725 2835 1769 2895 dem
1804 2837 1997 2897 Kanterschen
2032 2833 2202 2893 Buchladen

1710 2879 1924 2939 ausgegeben.
