2479 3508
181 339 318 399 schieht.
390 340 468 400 Ihr
502 331 619 391 ewiges
652 327 840 387 Geschrey,
874 327 926 387 der
952 327 1108 387 englische
1142 324 1212 384 Ge¬

191 392 321 452 schmack
355 388 377 448 im
423 382 649 442 Trauerspiele
678 377 723 437 sey
757 377 808 437 für
842 375 893 435 die
922 377 1102 437 Deutschen
1143 374 1193 434 der

193 440 297 500 beste,
326 436 398 496 (das
426 431 492 491 man
531 428 620 488 ihnen
653 425 769 485 endlich
803 428 952 488 zugiebt)
980 427 1052 487 darf
1081 426 1179 486 darum

190 490 239 550 die
262 486 400 546 sanftern
428 478 550 538 Stücke
573 478 655 538 nicht
678 479 755 539 ganz
778 479 832 539 aus
861 479 910 539 den
944 476 1204 536 Bücherschran¬

188 536 235 596 ken
268 536 314 596 der
336 527 516 587 Liebhaber
537 527 759 587 verdrängen.
808 527 886 587 Dem
929 527 1188 587 gegenwärtigen

188 580 420 640 Trauerspiele
437 575 553 635 können
587 578 648 638 wir
671 578 747 638 seine
771 578 959 638 Schönheit
976 578 1058 638 nicht
1076 578 1203 638 abspre¬

187 634 284 694 chen;
312 628 382 688 man
415 625 550 685 entdeckt
573 626 626 686 bey
654 628 800 688 geringer
817 628 1125 688 Aufmerksamkett,
1142 625 1190 685 daß

193 682 245 742 sein
278 676 442 736 Verfasser
464 675 512 735 ein
539 677 671 737 Kenner
693 676 751 736 ist,
779 676 831 736 der
864 678 916 738 das
949 679 1033 739 Edle
1060 675 1113 735 der
1135 673 1209 733 Ge¬

187 728 393 788 sinnungen,
420 726 476 786 und
508 724 564 784 das
591 724 730 784 Schöne
752 725 803 785 der
824 727 1005 787 Sprache,
1037 727 1067 787 in
1094 724 1191 784 seiner

183 778 326 838 Gewalt
343 775 422 835 hat;
449 772 486 832 ob
513 772 572 832 wir
593 775 683 835 wohl
700 775 805 835 damit
827 775 912 835 nicht
929 775 960 835 zu
988 775 1120 835 läugnen
1152 772 1200 832 be¬

184 828 326 888 gehren,
353 825 412 885 daß
439 822 502 882 noch
534 822 587 882 sein
619 822 709 882 Styl
736 822 772 882 an
810 825 958 885 manchen
985 822 1085 882 Orten
1113 822 1197 882 Ver=

175 876 337 936 besserung
373 873 463 933 litte,
500 872 560 932 und
596 873 661 933 man
703 873 774 933 auch
805 873 890 933 sonst
911 873 1185 933 Einwendungen

181 928 305 988 machen
334 924 468 984 könnte,
497 924 542 984 (z.
565 926 604 986 E.
627 924 677 984 daß
707 924 729 984 im
769 924 864 984 ersten
887 924 1033 984 Aufzuge
1056 924 1107 984 gar
1135 924 1191 984 kei¬

1240 324 1280 384 ne
1298 324 1488 384 Handlung
1512 321 1569 381 ist,
1593 322 1656 382 und
1692 326 1749 386 das
1779 330 1888 390 Stück
1918 330 1963 390 sich
2005 330 2166 390 eigentlich
2201 333 2259 393 mit

1238 374 1290 434 dem
1333 372 1470 432 zweyten
1497 373 1660 433 anfängt)
1687 374 1744 434 auf
1771 377 1865 437 denen
1903 377 1934 437 es
1966 378 2071 438 jedoch
2093 382 2261 442 Unbillig¬

1242 425 1300 485 keit
1327 424 1417 484 wäre
1444 422 1475 482 zu
1507 422 1676 482 bestehen,
1709 424 1740 484 in
1767 427 1995 487 Betrachtung
2022 428 2068 488 des
2102 431 2249 491 mehrern

1238 474 1378 534 Guten,
1406 473 1459 533 das
1492 473 1551 533 uns
1580 473 1687 533 gesagt
1704 473 1758 533 ist.
1807 479 2029 539 Ueberhaupt
2051 479 2164 539 scheint
2187 482 2245 542 uns

1233 524 1330 584 dieses
1358 523 1596 583 Trauerspiel,
1630 523 1678 583 wo
1716 524 1797 584 nicht
1825 524 1851 584 in
1879 527 2058 587 Ansehung
2091 530 2145 590 des
2172 530 2259 590 Ver¬

1233 573 1373 633 sassers,
1407 574 1606 634 wenigstens
1639 572 1687 632 der
1715 575 1866 635 Materie
1888 578 1985 638 nach,
2013 578 2077 638 mit
2105 580 2261 640 demjeni¬

1231 627 1285 687 gen
1312 623 1394 683 nahe
1416 622 1590 682 verwandt
1612 622 1644 682 zu
1678 622 1775 682 seyn,
1808 624 1868 684 das
1901 624 1927 684 im
1978 627 2107 687 vorigen
2141 630 2254 690 Jahre

1232 673 1319 733 unter
1352 672 1406 732 dem
1445 671 1537 731 Titel
1559 670 1722 730 Julius
1750 670 1886 730 Cåsar
1908 673 2071 733 erschien,
2094 675 2153 735 von
2181 678 2262 738 wel¬

1231 725 1297 785 chem
1345 721 1417 781 drey
1448 721 1666 781 Recensenten
1687 721 1723 781 an
1755 721 1827 781 eben
1864 721 1894 781 so
1926 721 2024 781 vielen
2056 724 2159 784 Orten
2196 727 2252 787 un¬

1236 773 1296 833 sers
1330 769 1424 829 lieben
1458 769 1751 829 Deutschlandes,
1780 769 1946 829 vielleicht
1980 771 2040 831 aus
2074 772 2174 832 Hasse
2202 777 2251 837 ge¬

1230 824 1279 884 gen
1313 819 1362 879 den
1391 819 1623 879 Herausgeber
1646 819 1701 879 gar
1723 819 1807 879 nicht
1830 819 2062 879 vortheilhafte
2096 819 2245 879 Urtheile

1234 870 1341 930 gefällt
1370 867 1489 927 haben.
1541 870 1659 930 Kostet
1683 870 1711 930 in
1751 869 1984 929 vorbemeldten
2024 875 2234 935 Kanterschen

1232 918 1536 978 Buchhandlungen
1576 921 1614 981 12
1648 923 1703 983 gr.

455 1091 606 1151 Halle,
630 1091 681 1151 den
711 1091 769 1151 20.
799 1091 914 1151 Sept.

224 1139 296 1199 Aus
333 1139 472 1199 Salfeld
509 1139 591 1199 wird
628 1141 788 1201 gemeldet
825 1139 876 1199 daß
913 1142 964 1202 der
1001 1141 1186 1201 regierende

175 1193 303 1253 Herzog
331 1189 379 1249 von
412 1184 709 1244 Sachsen=Coburg
736 1187 795 1247 und
823 1190 979 1250 Salfeld,
1001 1190 1108 1250 Franz
1125 1189 1189 1249 Jo¬

175 1237 257 1297 sias,
283 1236 334 1296 den
366 1234 458 1294 16ten
484 1230 582 1290 dieses
608 1230 701 1290 frühe
722 1233 757 1293 um
799 1234 809 1294 2
841 1234 907 1294 Uhr
933 1236 995 1296 auf
1016 1234 1083 1294 dero
1104 1234 1191 1294 Lust¬

175 1284 270 1344 schloß
295 1279 472 1339 Rohdach,
502 1278 538 1338 an
579 1279 664 1339 einem
715 1281 942 1341 wiederholten
978 1282 1179 1342 Schlagfluß

174 1330 200 1390 im
238 1328 348 1388 67sten
381 1327 475 1387 Jahr
497 1324 566 1384 dero
593 1327 704 1387 Alters
731 1327 932 1387 verstorben.

362 1373 673 1433 Wittenberg,
699 1375 751 1435 den
793 1375 854 1435 14.
881 1372 994 1432 Sept.

223 1421 291 1481 Auf
325 1422 540 1482 Churfürstl.
569 1420 694 1480 Befehl
717 1419 756 1479 ist
774 1419 830 1479 das
865 1419 893 1479 zu
927 1419 1114 1479 Helmstädt
1138 1415 1188 1475 ge¬

165 1474 290 1534 druckte
311 1470 468 1530 Lehrbuch
504 1469 554 1529 des
590 1470 777 1530 christlichen
808 1470 1010 1530 Glaubens,
1036 1464 1091 1524 von
1127 1464 1182 1524 D.

178 1520 280 1580 Teller
313 1519 502 1579 verfertigt,
535 1521 561 1581 in
594 1521 718 1581 Leipzig
751 1519 783 1579 zu
821 1519 988 1579 verkaufen
1021 1512 1167 1572 verboten

166 1572 325 1632 worden.

346 1619 672 1679 Copenhagen,
696 1616 753 1676 vom
806 1616 870 1676 14.
894 1611 1004 1671 Sept.

220 1668 312 1728 Seit
330 1670 450 1730 einigen
480 1671 606 1731 Jahren
636 1670 728 1730 haben
757 1670 809 1730 sich
833 1667 878 1727 die
896 1666 1046 1726 Fabriken
1070 1664 1173 1724 alhier

175 1723 237 1783 sehr
266 1724 446 1784 vermehrt.
498 1725 543 1785 Zu
577 1719 667 1779 Ende
696 1723 752 1783 des
781 1721 1007 1781 abgewichnen
1042 1717 1171 1777 Jahres

167 1778 291 1838 zählete
315 1777 383 1837 man
412 1775 480 1835 hier
504 1773 588 1833 schon
624 1774 663 1834 66
703 1775 834 1835 Lacken-
863 1773 926 1833 und
960 1772 1063 1832 andre
1092 1768 1188 1828 Wol¬

168 1822 384 1882 lenfabriken,
418 1822 504 1882 wozu
543 1822 567 1882 in
596 1821 673 1881 allem
717 1822 774 1882 auf
793 1819 856 1879 279
885 1819 1111 1879 Weberstühle
1135 1816 1159 1876 im

163 1869 286 1929 Gange
318 1867 450 1927 waren,
486 1864 548 1924 und
584 1861 703 1921 womit
734 1861 783 1921 sich
823 1861 858 1921 an
898 1858 1177 1918 Webergesellen,

166 1918 377 1978 Lehrlingen,
402 1909 585 1969 Spinnern
615 1909 672 1969 und
702 1906 918 1966 dergleichen,
953 1903 981 1963 in
1011 1903 1082 1963 allem
1126 1900 1174 1960 bis

162 1967 259 2027 gegen
297 1964 383 2024 4000
411 1957 578 2017 Personen
611 1954 859 2014 beschäftigten.
909 1951 1011 2011 Hiezu
1049 1951 1173 2011 kommt

161 2019 227 2079 noch
255 2014 305 2074 die
322 2010 433 2070 67ste,
456 2008 584 2068 nemlich
613 2005 657 2065 die
680 2005 824 2065 Königl.
842 2002 1098 2062 Wollenfabrike
1115 1999 1170 2059 auf

163 2067 216 2127 dem
255 2061 465 2121 Goldhause,
487 2055 654 2115 worinnen
682 2055 789 2115 täglich
817 2054 903 2114 1400
936 2052 1097 2112 Personen
1119 2048 1167 2108 ar¬

164 2115 287 2175 beiten.
339 2107 617 2167 Seidenfabriken
649 2106 751 2166 waren
783 2106 818 2166 um
855 2103 999 2163 gedachte
1020 2101 1092 2161 Zeit
1108 2099 1169 2159 16,

159 2165 231 2225 dazu
259 2163 286 2223 in
315 2160 392 2220 allem
431 2157 492 2217 303
526 2157 747 2217 Weberstühle
770 2158 830 2218 und
859 2155 891 2215 zu
925 2154 1035 2214 solchen
1075 2151 1169 2211 über¬

158 2215 262 2275 haupt
285 2211 346 2271 938
374 2208 540 2268 Personen
574 2208 601 2268 in
635 2208 768 2268 Arbeit,
796 2208 902 2268 ausser
936 2206 1018 2266 einem
1069 2202 1168 2262 Theil

158 2264 306 2324 Arbeiter
334 2258 387 2318 vom
430 2256 695 2316 Militair=Etat.
743 2255 823 2315 Von
845 2256 1004 2316 gedachten
1031 2252 1062 2312 16
1090 2251 1174 2311 Sei¬

159 2315 359 2375 denfabriken
387 2309 424 2369 ist
441 2309 489 2369 die
512 2306 702 2366 Königliche
724 2304 772 2364 die
795 2306 914 2366 gröste,
936 2308 1049 2368 welche
1066 2303 1152 2363 allein

160 2365 221 2425 105
250 2362 478 2422 Weberstühle
507 2357 569 2417 und
598 2354 666 2414 335
701 2354 849 2414 Arbeiter
878 2355 951 2415 hat.
1015 2351 1088 2411 Die
1111 2351 1167 2411 auf

157 2412 255 2472 diesen
286 2410 435 2470 Wollen=
452 2408 508 2468 und
539 2402 818 2462 Seidenfabriken
855 2405 885 2465 im
932 2402 1154 2462 abgewichnen

166 2458 260 2518 Jahr
283 2458 466 2518 verfertigte
494 2453 638 2513 Waaren
678 2457 822 2517 belaufen
862 2455 906 2515 sich
940 2453 995 2513 auf
1018 2454 1161 2514 378332

159 2508 283 2568 Rthlr.
301 2509 334 2569 an
363 2506 499 2566 Werth.
545 2501 589 2561 Zu
618 2501 764 2561 Aalburg
788 2505 827 2565 ist
851 2504 923 2564 auch
952 2500 1059 2560 jüngst
1088 2497 1155 2557 eine

158 2557 420 2617 Grönländische
452 2551 657 2611 Compagnie
689 2553 837 2613 errichtet
864 2551 1018 2611 worden,
1044 2548 1157 2608 welche

152 2605 318 2665 künftiges
343 2605 437 2665 Jahr
462 2599 598 2659 Schiffe
623 2597 682 2657 auf
712 2602 765 2662 den
807 2600 1051 2660 Wallfischfang
1087 2595 1152 2655 und

153 2652 375 2712 Robdenfang
402 2649 587 2709 ausschicken
619 2646 688 2706 wil.
741 2650 815 2710 Die
847 2652 963 2712 beyden
995 2646 1159 2706 Handels¬

158 2707 238 2767 leute
262 2703 349 2763 Herr
372 2700 459 2760 Jens
483 2697 662 2757 Thagaard
686 2697 749 2757 und
779 2700 865 2760 Jens
889 2699 1004 2759 Berlin
1028 2697 1085 2757 sind
1109 2694 1155 2754 die

148 2757 348 2817 Directeurs
381 2748 506 2808 davon.
555 2748 631 2808 Der
658 2748 788 2808 Anfang
821 2752 918 2812 dieser
946 2749 1151 2809 Compagnie

158 2811 293 2871 bestehet
319 2803 371 2863 aus
401 2799 460 2859 120
491 2799 614 2859 Actien,
639 2801 698 2861 für
716 2801 804 2861 deren
841 2806 911 2866 jede
941 2805 1007 2865 200
1043 2800 1160 2860 Rthlr.

149 2863 375 2923 eingeschossen
405 2849 546 2909 werden.

1469 1088 1661 1148 London,
1693 1088 1751 1148 vom
1806 1088 1869 1148 11.
1896 1085 2008 1145 Sept,

1275 1133 1520 1193 Gegenwärtig
1548 1136 1670 1196 werden
1710 1137 1737 1197 in
1782 1135 1831 1195 der
1866 1136 2105 1196 Westmünster
2133 1133 2232 1193 Abtey

1231 1186 1275 1246 die
1301 1187 1506 1247 Grabmäler
1537 1184 1753 1244 verschiedner
1783 1181 1969 1241 berühmter
1995 1184 2084 1244 Leute
2115 1184 2240 1244 repari¬

1228 1234 1269 1294 ret
1293 1234 1354 1294 und
1378 1234 1593 1294 ausgeputzt,
1617 1231 1677 1291 und
1706 1228 1790 1288 wenn
1828 1231 1898 1291 man
1932 1228 2039 1288 damit
2063 1228 2156 1288 fertig
2189 1231 2245 1291 ist,

1225 1284 1254 1344 so
1284 1279 1343 1339 soll
1368 1279 1505 1339 daselbst
1531 1276 1584 1336 dem
1629 1276 1762 1336 kürzlich
1797 1275 2003 1335 verstorbnen
2038 1273 2151 1333 großen
2186 1273 2239 1333 Fi¬

1223 1324 1453 1384 nanzminister
1484 1321 1634 1381 Heinrich
1670 1322 1791 1382 Bilson
1827 1321 1926 1381 Legge
1967 1321 2012 1381 ein
2053 1321 2223 1381 herrliches

1222 1369 1394 1429 Grabmal
1414 1372 1625 1432 aufgerichtet
1645 1369 1783 1429 werden.
1846 1369 1937 1429 Herr
1967 1369 2067 1429 Legge
2096 1369 2163 1429 war
2197 1371 2220 1431 in

1223 1416 1323 1476 seiner
1339 1416 1470 1476 Jugend
1498 1416 1544 1476 ein
1566 1416 1803 1476 Midschipman
1835 1416 1861 1476 in
1893 1416 1940 1476 der
1962 1416 2099 1476 Königl.
2110 1419 2231 1479 Flotte.

1220 1461 1329 1521 Durch
1360 1466 1435 1526 seine
1461 1465 1756 1525 außerordentliche
1782 1464 1967 1524 Verdienste
1993 1464 2088 1524 erhob
2123 1465 2148 1525 er
2174 1469 2218 1529 sich

1222 1512 1306 1572 durch
1337 1515 1382 1575 die
1408 1515 1618 1575 verschiednen
1644 1515 1970 1575 Regierungsclassen
2001 1512 2045 1572 bis
2071 1513 2126 1573 zum
2161 1517 2231 1577 Po¬

1221 1563 1277 1623 sten
1308 1563 1395 1623 eines
1421 1563 1575 1623 Canzlers
1601 1563 1657 1623 von
1689 1566 1740 1626 dem
1771 1563 1966 1623 Exchequer.
2013 1563 2074 1623 Als
2101 1565 2146 1625 ein
2173 1566 2229 1626 gu¬

1322 1611 1416 1671 reund
1449 1613 1634 1673 ohngefähr
1672 1615 1687 1675 2
1719 1613 1814 1673 Tage
1841 1610 1899 1670 vor
1932 1611 2032 1671 seinem
2074 1610 2164 1670 Tode
2191 1614 2217 1674 zu

1221 1664 1270 1724 ihm
1309 1663 1420 1723 sagte,
1442 1663 1497 1723 daß
1525 1663 1558 1723 er
1576 1664 1613 1724 um
1653 1664 1696 1724 ein
1725 1663 1840 1723 großes
1869 1661 1963 1721 besser
1985 1661 2012 1721 zu
2040 1661 2107 1721 seyn
2140 1664 2228 1724 schie¬

1217 1716 1275 1776 ne;
1302 1715 1328 1775 so
1361 1715 1556 1775 antwortete
1583 1718 1615 1778 er
1647 1718 1822 1778 demselben
1855 1715 1917 1775 mit
1945 1712 2029 1772 einem
2077 1712 2220 1772 gesetzten

1217 1769 1355 1829 Geiste:
1378 1769 1394 1829 O
1434 1772 1527 1832 nein,
1545 1770 1572 1830 es
1594 1772 1633 1832 ist
1656 1770 1733 1830 alles
1761 1769 1816 1829 aus
1845 1769 1900 1829 mit
1922 1769 2005 1829 mir,
2028 1769 2066 1829 ich
2095 1769 2150 1829 eile
2172 1769 2227 1829 auf

1220 1819 1273 1879 das
1301 1822 1501 1882 schleunigste
1523 1822 1556 1882 zu
1589 1819 1773 1879 Majorität
1795 1817 2038 1877 überzugehen.
2088 1817 2136 1877 In
2170 1819 2234 1879 die¬

1216 1858 1259 1918 sen
1293 1861 1393 1921 letzten
1427 1863 1537 1923 Tagen
1571 1862 1652 1922 starb
1682 1864 1797 1924 allhier
1831 1864 1869 1924 ein
1898 1864 2037 1924 Mann,
2062 1864 2219 1924 Namens

1209 1903 1372 1963 Bayner.
1430 1905 1477 1965 Er
1507 1906 1574 1966 war
1608 1909 1670 1969 kein
1704 1909 1828 1969 Legge,
1853 1909 1982 1969 sondern
2021 1909 2059 1969 ein
2098 1915 2227 1975 Schaf¬

1209 1952 1451 2012 kopfhändler,
1477 1954 1532 2014 sein
1563 1952 1633 2012 Tod
1670 1954 1745 2014 aber
1771 1954 1806 2014 ist
1837 1954 1872 2014 um
1923 1954 2084 2014 deswillen
2126 1961 2231 2021 merk¬

1208 2000 1361 2060 würdig,
1388 2002 1467 2062 weil
1483 2000 1515 2060 er
1536 2002 1678 2062 beynahe
1705 2002 1816 2062 10000
1843 2002 1959 2062 Pfund
1987 2003 2102 2063 Sterl.
2129 2009 2219 2069 nach¬

1205 2050 1362 2110 gelaßen,
1384 2049 1448 2109 und
1476 2049 1573 2109 solche
1601 2049 1670 2109 bloß
1709 2050 1768 2110 mit
1795 2052 1843 2112 dem
1898 2052 2212 2112 Schafkopfhandel

1205 2100 1367 2160 erworben
1395 2097 1471 2157 hat.
1520 2097 1568 2157 Es
1596 2100 1634 2160 ist
1661 2100 1704 2160 ein
1738 2100 1911 2160 Professor
1944 2103 2204 2163 Mathematices

1211 2151 1269 2211 und
1302 2151 1345 2211 ein
1383 2148 1550 2208 Professor
1578 2152 1782 2212 Astronomiá
1815 2151 1874 2211 von
1902 2154 2101 2214 Cambridge
2134 2157 2203 2217 nach

1207 2202 1331 2262 London
1359 2199 1515 2259 berufen,
1538 2201 1576 2261 um
1614 2202 1662 2262 die
1685 2205 1868 2265 Erfindung
1908 2205 1956 2265 des
1984 2205 2075 2265 Hrn.
2098 2205 2216 2265 Harri¬

1209 2254 1252 2314 son
1279 2252 1306 2312 zu
1339 2249 1560 2309 untersuchen,
1588 2254 1647 2314 und
1680 2255 1711 2315 zu
1740 2255 1956 2315 bestimmen,
1989 2256 2021 2316 ob
2059 2255 2107 2315 ihm
2156 2258 2210 2318 der

1211 2303 1310 2363 Preis
1332 2300 1382 2360 der
1405 2303 1632 2363 Longitudinis
1655 2309 1821 2369 zukomme
1844 2309 1916 2369 oder
1939 2308 2038 2368 nicht.

1451 2401 1614 2461 Cadix,
1641 2407 1698 2467 vom
1745 2408 1810 2468 14.
1836 2408 1927 2468 Aug.

1249 2446 1320 2506 Vor
1344 2446 1468 2506 einigen
1498 2451 1605 2511 Tagen
1636 2455 1688 2515 hat
1713 2458 1783 2518 man
1814 2455 1878 2515 hier
1897 2455 1980 2515 einen
2004 2454 2098 2514 todten
2123 2453 2205 2513 Kör=

1203 2500 1259 2560 per
1282 2497 1519 2557 ausgeschiffet,
1537 2502 1587 2562 der
1611 2503 1638 2563 in
1667 2506 1735 2566 eine
1758 2504 1871 2564 Haut,
1883 2503 1927 2563 die
1956 2503 2041 2563 einer
2070 2503 2205 2563 Bären¬

1206 2547 1286 2607 haut
1304 2544 1402 2604 glich,
1425 2551 1645 2611 eingewickelt
1669 2557 1737 2617 war
1755 2554 1812 2614 und
1842 2550 1864 2610 so
1895 2548 1957 2608 wie
1987 2548 2067 2608 viele
2103 2551 2200 2611 andre

1202 2596 1229 2656 in
1256 2596 1304 2656 den
1332 2593 1435 2653 Hölen
1463 2599 1517 2659 der
1539 2607 1745 2667 Canarischen
1778 2599 1897 2659 Inseln
1930 2599 2087 2659 gefunden
2126 2602 2212 2662 wor¬

1197 2644 1271 2704 den.
1323 2643 1414 2703 Man
1443 2652 1626 2712 versichert,
1650 2652 1701 2712 die
1724 2646 1930 2706 Einwohner
1954 2649 2050 2709 dieser
2080 2649 2199 2709 Inseln

1202 2694 1299 2754 haben
1332 2694 1380 2754 sich
1408 2697 1504 2757 dieser
1527 2703 1585 2763 Art
1608 2703 1656 2763 des
1694 2697 1931 2757 Begräbnisses
1975 2697 2029 2757 vor
2062 2700 2115 2760 der
2143 2694 2202 2754 Er¬

1193 2745 1335 2805 oberung
1373 2749 1532 2809 derselben
1564 2753 1654 2813 durch
1686 2748 1770 2808 Jean
1808 2745 1844 2805 de
1867 2748 2084 2808 Belancourt
2105 2751 2195 2811 1417

1205 2796 1260 2856 und
1288 2796 1398 2856 Pietro
1427 2799 1459 2859 de
1482 2802 1564 2862 Vera
1593 2803 1681 2863 1483
1698 2796 1858 2856 bedienet.
1909 2796 1985 2856 Das
2008 2798 2118 2858 Fleisch
2141 2796 2201 2856 die=

1194 2849 1244 2909 ses
1268 2849 1455 2909 Leichnams
1479 2852 1546 2912 war
1569 2852 1649 2912 ganz
1666 2847 1916 2907 eingetrocknet,
1940 2847 2030 2907 hatte
2048 2847 2099 2907 sich
2128 2846 2201 2906 aber

2053 2895 2186 2955 dennoch
