2479 3508
482 334 652 394 Cadix,
689 336 743 396 vom
793 336 859 396 24.
884 336 975 396 Aug.

282 382 361 442 Der
384 383 503 443 neulich
532 383 696 443 gefundne
713 383 843 443 Körper
872 381 911 441 ist
941 380 991 440 der
1014 380 1156 440 Königl.
1173 380 1257 440 Aka¬

234 434 337 494 demie
373 433 430 493 der
460 431 644 491 Chirurgie
674 431 731 491 zur
760 431 1003 491 Untersuchung
1050 431 1251 491 zugeschickt.

242 479 289 539 Es
316 479 458 539 befindet
479 480 526 540 sich
553 482 648 542 dabey
675 482 722 542 der
749 482 891 542 Kasten,
924 476 1092 536 worinnen
1129 479 1155 539 er
1187 481 1255 541 lag,

237 529 324 589 nebst
351 530 433 590 einem
475 530 593 590 andern
625 530 738 590 Kasten
764 530 826 590 mit
847 530 965 590 einigen
997 527 1172 587 Gefäßen,
1188 530 1245 590 und

234 579 322 639 einer
343 578 457 638 kleinen
490 578 733 638 Handmühle,
761 578 812 638 die
834 580 900 640 man
938 578 958 638 in
990 580 1062 640 eben
1094 578 1140 638 der
1167 576 1260 636 Höh¬

229 625 259 685 le
291 628 478 688 gefunden,
510 628 645 688 woraus
682 628 755 688 man
787 627 953 687 schließet,
995 625 1057 685 daß
1089 625 1141 685 die
1167 625 1244 685 alten

235 676 442 736 Einwohner
475 676 529 736 der
551 677 763 737 Canarischen
797 676 916 736 Inseln
955 674 1003 734 die
1026 673 1260 733 Gewohnheit

242 727 384 787 gehabt,
411 725 543 785 Gefäße
564 727 611 787 die
644 727 706 787 mit
728 724 896 784 Getränke
929 724 986 784 und
1013 724 1176 784 Getraide
1203 721 1256 781 ge¬

244 778 318 838 füllt
336 775 503 835 gewesen,
527 775 555 835 in
584 775 630 835 die
654 775 879 835 Begräbnisse
909 774 960 834 der
989 775 1110 835 Todten
1145 775 1179 835 zu
1215 770 1254 830 se¬

235 822 316 882 tzen.
365 822 458 882 Nach
496 822 632 882 Briefen
672 822 725 882 von
758 822 938 882 Gibraltar
966 822 1004 882 ist
1031 822 1080 882 die
1102 821 1254 881 Fregatte

237 870 350 930 Salee
372 873 429 933 von
455 873 491 933 44
523 873 683 933 Kanonen
710 872 839 932 bereit,
860 873 1110 933 auszulaufen,
1136 871 1198 931 und
1224 869 1255 929 es

235 921 390 981 erhellet,
418 921 473 981 daß
507 921 551 981 die
574 921 729 981 Schiffe,
758 921 874 981 welche
902 921 952 981 die
974 921 1251 981 Vestungswerke

239 969 290 1029 der
319 972 427 1032 Insel
450 966 626 1026 Mogador
655 966 820 1026 beschossen
860 972 997 1032 haben,
1037 969 1259 1029 Französische

240 1017 300 1077 und
327 1019 415 1079 keine
443 1015 656 1075 Spanische,
678 1015 815 1075 gewesen
849 1016 930 1076 sind.

480 1063 673 1123 London,
705 1062 770 1122 vom
819 1063 882 1123 14.
911 1062 1022 1122 Sept.

285 1112 442 1172 Nachdem
490 1112 542 1172 der
572 1112 717 1172 Königl.
747 1109 969 1169 Französische
1005 1109 1081 1169 Hof
1117 1111 1256 1171 erkläret

241 1166 325 1226 hat,
348 1165 404 1225 daß
445 1162 478 1222 er
513 1163 598 1223 nicht
627 1160 677 1220 die
712 1160 870 1220 geringste
905 1160 1035 1220 Absicht
1065 1157 1172 1217 habe,
1206 1156 1257 1216 die

251 1210 369 1270 Turcks
391 1210 510 1270 Inseln
538 1212 570 1272 zu
604 1210 755 1270 besitzen,
788 1210 863 1270 oder
896 1210 923 1270 zu
962 1207 1157 1267 gewinnen,
1184 1204 1254 1264 auch

244 1263 304 1323 von
332 1264 497 1324 gedachtem
536 1262 624 1322 Hofe
647 1261 696 1321 der
719 1261 845 1321 Befehl
873 1261 906 1321 an
945 1261 994 1321 den
1028 1258 1154 1318 Grafen
1182 1255 1259 1315 d'E¬

243 1313 342 1373 staing
382 1312 542 1372 ergangen
582 1313 642 1373 ist,
676 1313 731 1373 auf
765 1312 931 1372 gedachten
970 1309 1091 1369 Turcks
1131 1309 1246 1369 Inseln

245 1362 320 1422 alles
346 1362 462 1422 wieder
488 1363 513 1423 in
544 1363 594 1423 den
625 1363 741 1423 Stand
767 1360 797 1420 zu
828 1363 944 1423 setzen,
970 1360 1030 1420 wie
1061 1360 1091 1420 es
1122 1357 1258 1417 daselbst

240 1410 294 1470 den
327 1410 403 1470 1sten
436 1410 544 1470 Junii
561 1410 697 1470 gewesen
724 1408 784 1468 ist,
811 1410 870 1470 und
898 1407 947 1467 den
975 1407 1186 1467 Engländern
1214 1406 1262 1466 ih¬

236 1459 290 1519 ren
321 1458 479 1518 Schaden
519 1460 593 1520 nach
639 1458 727 1518 einem
778 1458 841 1518 mit
872 1458 986 1518 unsern
1031 1458 1258 1518 Gouverneur

243 1506 305 1566 von
337 1509 494 1569 Jamaica
521 1509 742 1569 unverzüglich
774 1509 1021 1569 festzusetzenden
1053 1507 1189 1567 Werthe
1216 1509 1247 1569 zu
1301 1503 1400 1563 matis
1427 1506 1569 1566 Durchl.
1591 1506 1690 1566 haben
1717 1509 1748 1569 am
1791 1509 1985 1569 verwichnen
2017 1509 2180 1569 Montage
2207 1509 2306 1569 dieje¬

243 1557 418 1617 vergüten,
435 1560 461 1620 so
489 1560 620 1620 scheinet
643 1560 703 1620 nun
731 1560 807 1620 diese
836 1557 950 1617 Sache
972 1557 1070 1617 völlig
1098 1557 1251 1617 abgethan

244 1611 278 1671 zu
307 1608 399 1668 seyn.

478 1654 738 1714 Segorien,
763 1655 813 1715 den
853 1652 916 1712 29.
945 1654 1035 1714 Aug.

288 1697 363 1757 Die
395 1697 618 1757 Streitigkeit
644 1697 790 1757 zwischen
827 1695 938 1755 unserm
984 1697 1045 1757 und
1076 1695 1126 1755 dem
1167 1694 1248 1754 Lond

250 1743 304 1803 ner
327 1745 413 1805 Hofe
436 1742 541 1802 wegen
573 1739 623 1799 des
646 1739 950 1799 Färbeholzfällens
978 1736 1000 1796 in
1033 1736 1083 1796 der
1102 1736 1174 1796 Bay
1202 1735 1256 1795 von

240 1791 440 1851 Honduras
462 1787 543 1847 wird
566 1787 836 1847 freundschaftlich
869 1784 1037 1844 beygelegt
1060 1784 1205 1844 werden.

476 1840 734 1900 Warschau,
758 1839 815 1899 vom
868 1836 908 1896 1.
931 1837 1051 1897 Sept.

303 1891 458 1951 Nachdem
493 1891 545 1951 der
569 1891 655 1951 Herr
679 1888 1031 1948 Krongroßmarschall
1055 1888 1153 1948 Graf
1182 1885 1262 1945 Bie¬

249 1942 353 2002 linski
376 1943 397 2003 in
426 1942 558 2002 hiesigen
587 1939 681 1999 Grod
703 1942 758 2002 den
786 1942 885 2002 Receß
914 1942 969 2002 von
1009 1942 1108 2002 seiner
1141 1939 1257 1999 wieder

250 1993 306 2053 den
348 1993 452 2053 letzten
499 1993 918 2053 Convocationsreichstag
961 1989 1256 2049 unterschriebenen

246 2040 507 2100 Manifestation
537 2042 773 2102 verlautbaret,
793 2040 852 2100 und
877 2040 999 2100 darauf
1020 2040 1049 2100 am
1094 2037 1251 2097 verwiche

247 2085 305 2145 nen
337 2090 554 2150 Sonnabend
576 2089 628 2149 bey
666 2090 739 2150 Sr.
767 2091 910 2151 Königl.
942 2091 1048 2151 Maj.
1069 2088 1154 2148 seine
1181 2085 1260 2145 erste

253 2139 406 2199 Audienz
433 2139 569 2199 gehabt,
592 2139 702 2199 wurde
734 2138 871 2198 derselbe
903 2139 962 2199 mit
989 2139 1083 2199 vieler
1116 2136 1258 2196 Achtung

247 2190 523 2250 ausgenommen,
549 2187 611 2247 und
638 2187 668 2247 da
695 2187 746 2247 ihm
800 2187 846 2247 die
867 2187 1044 2247 Rückgabe
1076 2186 1127 2246 der
1164 2184 1268 2244 Mar¬

260 2237 611 2297 schalls=Jurisdiction
642 2234 833 2294 angetragen
864 2237 989 2297 wurde,
1014 2237 1039 2297 so
1075 2234 1134 2294 hat
1160 2234 1190 2294 er
1216 2234 1265 2294 ge¬

260 2282 344 2342 beten
377 2282 466 2342 solche
493 2282 540 2342 bis
562 2282 619 2342 auf
641 2282 688 2342 den
720 2282 984 2342 bevorstehenden
1023 2282 1202 2342 Reichstag
1229 2284 1254 2344 zu

252 2330 469 2390 verschieben.
538 2327 615 2387 Se.
637 2327 714 2387 Erl.
730 2330 782 2390 der
803 2330 891 2390 Herr
912 2336 1068 2396 Castellan
1100 2332 1156 2392 von
1183 2328 1265 2388 Cra¬

256 2383 309 2443 cau
343 2378 669 2438 Krongroßfeldherr
697 2378 843 2438 befinden
876 2383 925 2443 sich
958 2385 1093 2445 vorjetzo
1127 2381 1154 2441 in
1192 2380 1262 2440 dero

262 2432 394 2492 Gütern
423 2431 556 2491 Tyaye,
580 2427 637 2487 von
661 2426 788 2486 wannen
817 2434 967 2494 dieselben
991 2435 1060 2495 nach
1078 2432 1251 2492 Bialistock

260 2482 323 2542 und
350 2479 402 2539 von
435 2482 555 2542 dannen
588 2477 645 2537 auf
667 2476 714 2536 die
736 2478 893 2538 Krönung
920 2481 972 2541 des
1005 2482 1152 2542 Königes
1184 2479 1258 2539 nach

261 2530 433 2590 Warschau
461 2532 492 2592 zu
521 2527 661 2587 kommen
688 2524 878 2584 entschlossen
905 2528 986 2588 sind.
1003 2530 1262 2590 Hochgedachter

253 2580 349 2640 Herr
377 2581 479 2641 sowol
506 2581 549 2641 als
582 2580 635 2640 der
663 2575 755 2635 Graf
782 2574 976 2634 Rzewuski,
998 2581 1165 2641 Woywod
1198 2579 1252 2639 von

256 2626 379 2686 Cracau
413 2629 472 2689 und
500 2627 869 2687 Kronunterfeldherr,
902 2627 950 2687 der
973 2628 1064 2688 Graf
1087 2629 1265 2689 Ossolinski

256 2674 419 2734 Woywod
446 2676 505 2736 von
533 2676 745 2736 Volhynien,
773 2673 832 2733 und
860 2672 908 2732 der
931 2678 1023 2738 Fürst
1045 2679 1268 2739 Lubomirski,

261 2725 423 2785 Woywod
450 2726 504 2786 von
537 2727 666 2787 Lublin,
694 2725 791 2785 haben
824 2721 905 2781 einen
933 2728 1181 2788 gleichmäßigen
1204 2727 1268 2787 Re¬

261 2773 309 2833 ceß
336 2775 395 2835 von
423 2778 509 2838 ihren
548 2775 845 2835 Manifestationen
878 2771 975 2831 wider
1003 2777 1143 2837 besagten
1182 2776 1267 2836 Con¬

257 2826 600 2886 vocationsreichstag
625 2826 847 2886 verlautbaret
868 2820 928 2880 und
954 2823 1074 2883 anhero
1100 2826 1266 2886 eingeschi¬

261 2876 340 2936 cket;
369 2878 420 2938 der
443 2876 527 2936 Herr
556 2878 981 2938 Generalfeldzeugmeister
1010 2873 1060 2933 von
1089 2878 1264 2938 Lithauen,

1288 327 1382 387 Graf
1408 330 1553 390 Potocki,
1580 330 1635 390 hat
1661 330 1705 390 sich
1738 330 1813 390 viele
1838 330 1952 390 Mühe
1978 324 2110 384 gegeben
2142 326 2211 386 Sr.
2231 329 2300 389 Kö=

1287 377 1373 437 nigl.
1391 377 1495 437 Maj.
1513 377 1640 437 Abbitte
1664 380 1692 440 zu
1721 381 1796 441 thun
1826 380 1883 440 von
1913 377 2017 437 wegen
2046 374 2144 434 seiner
2162 374 2300 434 Schwe¬

1286 429 1341 489 ster
1364 425 1413 485 der
1436 427 1557 487 Gräfin
1580 428 1790 488 Kossowska,
1819 431 2018 491 Castellanin
2052 425 2107 485 von
2135 422 2295 482 Kamien,

1289 474 1402 534 welche
1431 473 1481 533 die
1510 476 1612 536 gröste
1641 476 1816 536 Urheberin
1857 479 1901 539 der
1924 478 2072 538 Haliczer
2100 473 2298 533 Confödera¬

1281 524 1347 584 tion
1375 524 1535 584 gewesen,
1564 526 1619 586 und
1647 526 1702 586 hat
1725 527 1779 587 das
1797 528 2046 588 allergnädigste
2063 526 2201 586 Königl.
2213 521 2295 581 Ver¬

1286 572 1427 632 sprechen
1455 575 1617 635 erlanget,
1645 575 1699 635 daß
1733 578 1835 638 sowol
1869 577 1944 637 diese
1978 577 2097 637 Dame
2125 578 2174 638 als
2196 573 2293 633 ander

1287 621 1347 681 von
1375 622 1474 682 seiner
1497 623 1635 683 Familie
1658 622 1746 682 sicher
1768 625 1840 685 nach
1874 624 1957 684 ihrer
1985 625 2139 685 Heimath
2173 623 2300 683 zurück¬

1285 667 1391 727 kehren
1424 670 1567 730 können.
1615 672 1678 732 Als
1705 673 1731 733 er
1753 675 1817 735 mit
1834 676 1929 736 dieser
1956 675 2157 735 erfreulichen
2190 673 2296 733 Nach¬

1291 718 1369 778 richt
1391 718 1448 778 von
1475 720 1644 780 Warschau
1677 724 1814 784 abreisen
1841 724 1973 784 wollen,
2000 722 2063 782 und
2084 724 2132 784 sich
2159 724 2206 784 bey
2228 724 2301 784 Sr.

1286 766 1388 826 Maj.
1405 769 1617 829 beurlaubet,
1639 772 1752 832 wurde
1769 772 1823 832 ihm
1862 773 1931 833 eine
1954 772 2116 832 Abschrift
2139 772 2220 832 einer
2231 772 2284 832 von

1289 816 1342 876 der
1365 819 1570 879 Potokischen
1603 819 1743 879 Familie
1766 819 1792 879 im
1836 819 1928 879 Grod
1955 819 1987 879 zu
2020 822 2166 882 Lemberg
2194 822 2296 882 einge¬

1291 867 1426 927 gebenen
1464 867 1719 927 Manifestation
1757 870 1957 930 vorgezeiget
1985 870 2087 930 wider
2115 871 2163 931 die
2191 870 2293 930 jetzige

1285 915 1535 975 Königswahl,
1562 918 1678 978 welche
1706 918 1860 978 darinnen
1903 918 1960 978 vor
1988 921 2221 981 gewaltmäßig
2254 920 2301 980 er¬

1285 962 1388 1022 kläret
1410 966 1560 1026 worden,
1581 966 1716 1026 worauf
1738 966 1877 1026 besagter
1904 964 1992 1024 Herr
2019 969 2096 1029 seine
2123 970 2221 1030 Reise
2237 969 2299 1029 ein¬

1286 1010 1426 1070 gestellet
1449 1012 1508 1072 und
1536 1013 1688 1073 hingegen
1716 1010 1803 1070 3000
1836 1013 1944 1073 Mann
1973 1013 2080 1073 Russen
2108 1019 2195 1079 dahin
2223 1019 2304 1079 com=

1287 1056 1459 1116 mandiret
1479 1058 1626 1118 worden,
1651 1058 1837 1118 obbesagten
1862 1060 2000 1120 Familie
2025 1060 2078 1120 auf
2098 1064 2216 1124 andere
2236 1064 2299 1124 Ge¬

1297 1106 1410 1166 danken
1443 1107 1469 1167 zu
1497 1109 1653 1169 bringen.
1703 1108 1778 1168 Der
1800 1109 1886 1169 Graf
1903 1109 2108 1169 Assussalski,
2136 1112 2287 1172 Castellan

1292 1152 1351 1212 von
1378 1157 1513 1217 Wilda,
1530 1157 1778 1217 Großfeldherr
1801 1157 1854 1217 von
1882 1160 2060 1220 Lithauen,
2088 1160 2136 1220 der
2153 1158 2298 1218 Bischoff

1296 1201 1354 1261 von
1381 1204 1512 1264 Wilda,
1539 1207 1792 1267 Brzostowski,
1814 1209 2119 1269 Großstallmeister
2146 1208 2209 1268 und
2241 1210 2293 1270 der

1302 1255 1755 1315 Conföderationsmarschall
1783 1258 1841 1318 von
1874 1261 2058 1321 Lithauen,
2096 1261 2301 1321 Ostrawski,

1291 1306 1439 1366 Bischoff
1461 1306 1513 1366 von
1546 1309 1731 1369 Cujavien,
1758 1308 1816 1368 und
1843 1309 1959 1369 andere
1986 1313 2097 1373 mehr,
2119 1312 2182 1372 sind
2204 1312 2224 1372 in
2252 1312 2299 1372 der

1291 1357 1512 1417 abgewichnen
1543 1357 1663 1417 Woche
1684 1360 1719 1420 ad
1745 1360 1870 1420 propria
1896 1360 2062 1420 verreiset,
2088 1363 2203 1423 gestern
2229 1363 2294 1423 aber

1292 1404 1329 1464 ist
1357 1406 1405 1466 der
1433 1407 1519 1467 Herr
1552 1407 1959 1467 Krongroßschatzmeister
1987 1410 2057 1470 nach
2090 1410 2187 1470 seinen
2226 1408 2301 1468 Gü¬

1297 1455 1361 1515 tern
1389 1455 1437 1515 ins
1464 1458 1659 1518 Cracausche
1687 1458 1903 1518 abgefahren.
1952 1455 2028 1515 Des
2061 1459 2190 1519 Fürsten
2223 1458 2304 1518 Pri¬

1291 1554 1368 1614 nige
1389 1554 1497 1614 Herrn
1524 1554 1637 1614 welche
1658 1557 1745 1617 durch
1777 1557 1823 1617 die
1849 1557 2066 1617 Constitution
2093 1559 2144 1619 des
2170 1559 2304 1619 Convo¬

1290 1605 1625 1665 cationsreichstages
1651 1605 1675 1665 zu
1710 1605 1758 1665 den
1788 1605 2005 1665 Conferenzen
2035 1608 2099 1668 mit
2115 1609 2208 1669 denen
2233 1608 2306 1668 aus¬

1295 1649 1452 1709 wärtigen
1482 1649 1728 1709 Abgesandten,
1753 1651 1945 1711 vornemlich
1970 1652 2024 1712 den
2054 1655 2211 1715 Rußisch.
2236 1655 2295 1715 und

1296 1691 1432 1751 Preuß.
1455 1691 1613 1751 ernennet
1632 1691 1781 1751 worden,
1809 1694 1896 1754 durch
1928 1697 2051 1757 Billets
2083 1700 2158 1760 dazu
2193 1700 2308 1760 inviti¬

1297 1733 1365 1793 ret,
1385 1730 1434 1790 bey
1459 1736 1611 1796 hochged.
1631 1736 1764 1796 Fürsten
1789 1739 1827 1799 ist
1853 1741 1921 1801 auch
1951 1741 1980 1801 zu
2015 1742 2113 1802 dieser
2143 1745 2216 1805 Zeit
2236 1745 2299 1805 ein¬

1302 1778 1484 1838 Conferenz
1512 1781 1600 1841 derer
1629 1783 1700 1843 hier
1728 1787 1932 1847 befindlichen
1972 1793 2099 1853 Herren
2138 1793 2303 1853 Bischöffe

1303 1832 1458 1892 gewesen,
1487 1836 1597 1896 welche
1627 1835 1672 1895 die
1702 1840 1846 1900 künftige
1876 1843 2036 1903 Krönung
2067 1844 2118 1904 des
2147 1846 2297 1906 Königes

1289 1887 1463 1947 betreffen,
1491 1887 1539 1947 die
1561 1888 1621 1948 mit
1643 1891 1692 1951 der
1720 1893 1839 1953 grösten
1879 1894 2003 1954 Pracht
2037 1895 2058 1955 in
2097 1897 2309 1957 Gegenwart

1291 1937 1365 1997 aller
1393 1939 1498 1999 Herrn
1526 1939 1680 1999 Bischöfe
1707 1942 1765 2002 und
1792 1945 1893 2005 Aebte
1915 1948 1973 2008 soll
1990 1948 2133 2008 gehalten
2161 1948 2304 2008 werden.

1292 1987 1373 2047 Das
1401 1987 1514 2047 hiesige
1537 1988 1661 2048 Schloß
1689 1990 1748 2050 und
1782 1993 1966 2053 Rathhauß
1999 1996 2075 2056 wird
2108 1996 2211 2056 wegen
2250 1996 2298 2056 der

1298 2036 1565 2096 bevorstehenden
1595 2037 1751 2097 Krönung
1782 2040 1837 2100 von
1873 2043 1973 2103 aussen
1999 2046 2029 2106 am
2080 2043 2175 2103 besten
2206 2043 2306 2103 gezie¬

1298 2086 1362 2146 ret,
1388 2086 1458 2146 man
1488 2085 1563 2145 wird
1589 2087 1658 2147 auch
1689 2087 1714 2147 im
1754 2091 1879 2151 Kurzen
1910 2094 2065 2154 anfangen
2096 2095 2161 2155 eine
2181 2093 2306 2153 Ehren¬

1291 2136 1397 2196 pforte
1414 2134 1509 2194 dieser
1526 2136 1706 2196 Handlung
1728 2139 1829 2199 wegen
1851 2142 1877 2202 zu
1905 2144 2021 2204 bauen.
2054 2145 2107 2205 Da
2129 2145 2224 2205 dieser
2246 2145 2309 2205 Ta¬

1293 2188 1351 2248 gen
1378 2184 1430 2244 das
1447 2181 1568 2241 Wasser
1585 2184 1605 2244 in
1632 2184 1674 2244 der
1696 2187 1849 2247 Weichsel
1865 2191 2029 2251 ungemein
2056 2196 2310 2256 zugenommen,

1301 2231 1327 2291 so
1354 2234 1406 2294 hat
1428 2231 1459 2291 es
1481 2231 1564 2291 nicht
1586 2231 1649 2291 nur
1671 2237 1760 2297 allein
1792 2237 1855 2297 viel
1872 2238 1955 2298 Holz
1982 2238 2035 2298 vom
2077 2243 2151 2303 Ufer
2183 2243 2309 2303 wegge¬

1302 2282 1412 2342 führet
1429 2282 1483 2342 zum
1523 2279 1639 2339 grösten
1672 2287 1821 2347 Schaden
1850 2288 1899 2348 der
1922 2288 2148 2348 Einwohner,
2171 2291 2297 2351 sondern

1292 2331 1367 2391 auch
1395 2331 1438 2391 die
1460 2330 1580 2390 hiesige
1603 2330 1678 2390 neue
1700 2337 1831 2397 Brücke
1848 2336 2005 2396 ruiniret,
2033 2337 2054 2397 so
2083 2339 2136 2399 daß
2164 2339 2207 2399 die
2229 2339 2310 2399 Pas¬

1298 2382 1369 2442 sage
1401 2381 1498 2441 völlig
1535 2381 1735 2441 gehemmet,
1761 2389 1951 2449 derohalben
1993 2387 2065 2447 man
2101 2387 2219 2447 wieder
2256 2390 2301 2450 die

1299 2432 1498 2492 Ueberfahrt
1521 2429 1666 2489 erlauben
1694 2435 1834 2495 müssen.
1861 2437 1931 2497 Der
1948 2437 2034 2497 Herr
2056 2437 2110 2497 von
2137 2440 2294 2500 Conflans

1304 2482 1454 2542 General
1476 2479 1530 2539 von
1563 2476 1616 2536 der
1644 2484 1865 2544 französischen
1904 2488 2049 2548 Armee,
2087 2491 2216 2551 welcher
2249 2489 2297 2549 sich

1299 2530 1326 2590 im
1366 2530 1466 2590 letzten
1500 2527 1616 2587 Kriege
1639 2530 1806 2590 besonders
1834 2536 2096 2596 hervorgethan,
2119 2540 2157 2600 ist
2181 2539 2247 2599 hier
2264 2542 2308 2602 die

1297 2581 1412 2641 vorige
1435 2578 1551 2638 Woche
1578 2576 1610 2636 en
1642 2583 1848 2643 Particulier
1881 2589 2146 2649 angekommen,
2179 2590 2215 2650 um
2258 2590 2305 2650 der

1301 2629 1493 2689 Ceremonie
1518 2626 1565 2686 der
1590 2629 1747 2689 künftigen
1777 2638 1958 2698 prächtigen
1983 2639 2121 2699 Königl.
2140 2641 2296 2701 Krönung

1294 2679 1574 2739 beyzuwohnen.

1352 2775 1412 2835 Da
1444 2775 1505 2835 mit
1527 2772 1566 2832 dem
1610 2777 1712 2837 7osten
1733 2781 1846 2841 Stück
1868 2781 1959 2841 dieser
1971 2787 2104 2847 Zeitung
2137 2784 2176 2844 ein
2208 2778 2300 2838 neues

1296 2827 1446 2887 Quartal
1467 2823 1694 2883 angegangen,
1705 2829 1731 2889 so
1747 2829 1871 2889 werden
1897 2831 1943 2891 die
1964 2832 2047 2892 resp.
2063 2829 2295 2889 Interessenten

1294 2876 1432 2936 ersuchet
1457 2873 1524 2933 ihre
1537 2879 1822 2939 Pränumeration
1853 2882 1913 2942 mit
1932 2882 1944 2942 2
1969 2883 2022 2943 Fl.
2041 2878 2284 2938 einzuschicken.
