2479 3508
288 350 526 410 hochgedachter
556 343 641 403 Herr
670 342 829 402 Woywod
864 345 920 405 von
955 345 1046 405 Kyow
1093 345 1177 405 durch
1212 345 1280 405 eine

291 397 449 457 Estaffette
471 392 590 452 Briefe
607 389 732 449 sowohl
749 392 781 452 an
808 392 879 452 Sr.
896 395 1036 455 Durchl.
1053 392 1102 452 dem
1146 392 1270 452 Fürsten

297 446 434 506 Primas
461 443 508 503 als
535 443 604 503 auch
631 440 662 500 an
694 440 741 500 den
773 440 895 500 Fürsten
927 440 1160 500 Czartoryski,
1187 440 1287 500 Woy¬

298 490 401 550 woden
440 489 494 549 von
524 491 705 551 Rußland,
730 491 788 551 und
814 486 1290 546 General=Conföderations¬

294 540 475 600 Marschall
492 538 550 598 mit
572 536 620 596 der
647 536 823 596 Erklärung
851 539 989 599 abgehen
1016 536 1128 596 laßen,
1161 536 1219 596 wie
1241 533 1283 593 Er

296 586 378 646 nicht
399 588 487 648 allein
519 586 595 646 diese
617 586 870 646 Conföderation
897 584 922 644 in
953 586 1030 646 allen
1062 583 1150 643 ihren
1176 583 1294 643 Punk¬

299 634 343 694 ten
379 637 434 697 vor
464 634 585 694 genehm
631 634 741 694 halte,
761 634 892 694 sondern
928 631 992 691 auch
1023 631 1154 691 dieselbe
1184 631 1294 691 unter¬

299 685 448 745 schreiben
480 682 598 742 werde.
671 679 748 739 Der
774 679 934 739 Woywod
971 679 1027 739 von
1069 679 1188 739 Cracau
1230 679 1286 739 und

300 730 665 790 Kron=Unterfeldherr
687 724 779 784 Graf
801 727 981 787 Rzewuski
998 727 1084 787 hatte
1107 727 1133 787 in
1161 727 1209 787 der
1232 724 1296 784 Ab¬

300 785 366 845 sicht
400 781 460 841 mit
494 778 544 838 dem
594 778 727 838 Fürsten
766 775 949 835 Radziwill
983 775 1182 835 Woywoden
1227 772 1282 832 von

297 831 403 891 Wilda
436 825 799 885 zusammenzustoßen,
821 824 857 884 an
895 825 943 885 die
970 825 1168 885 sämmtliche
1190 819 1301 879 Kron¬

303 876 497 936 regimenter
519 875 573 935 und
600 873 725 933 Fahnen
758 870 860 930 Ordre
883 873 1012 933 ergehen
1040 873 1148 933 laßen,
1165 873 1202 933 um
1240 870 1288 930 sich

304 927 336 987 zu
364 927 434 987 Ihm
473 924 500 984 in
533 923 658 983 Marsch
680 921 712 981 zu
740 921 892 981 begeben.
941 921 1001 981 Da
1023 921 1083 981 nun
1116 921 1224 981 solches
1247 917 1300 977 der

309 973 473 1033 Autorität
494 970 550 1030 und
577 969 715 1029 Gewalt
737 966 782 1026 des
809 966 937 1026 Fürsten
963 969 1169 1029 Czartoryski
1190 963 1297 1023 Gene¬

300 1017 755 1077 ral=Kron=Regimentarii
781 1013 922 1073 zuwider
943 1013 1004 1073 ist,
1029 1015 1054 1075 so
1080 1013 1135 1073 hat
1156 1011 1221 1071 man
1252 1005 1307 1065 be=

304 1065 469 1125 schlossen,
500 1061 655 1121 denselben
691 1058 745 1118 vor
771 1058 827 1118 das
857 1058 1299 1118 Conföderations=Gericht

311 1112 459 1172 vorladen
486 1109 517 1169 zu
544 1106 655 1166 laßen.
682 1103 936 1163 Hochgedachter
952 1103 1042 1163 Fürst
1058 1105 1211 1165 Woywod
1238 1103 1290 1163 von

310 1160 414 1220 Wilda
449 1157 487 1217 ist
515 1157 575 1217 mit
599 1153 698 1213 seinen
726 1151 875 1211 Truppen
915 1150 964 1210 den
993 1151 1131 1211 District
1148 1151 1198 1211 bey
1226 1150 1309 1210 Mo¬

313 1210 402 1270 hylow
443 1207 589 1267 passiret,
606 1201 662 1261 und
697 1201 764 1261 nach
798 1200 849 1260 der
878 1200 1007 1260 Türkey
1036 1198 1126 1258 gegen
1166 1196 1278 1256 Chatim

308 1260 533 1320 zugegangen.
584 1252 655 1312 Der
689 1249 743 1309 von
777 1249 1020 1309 hochgedachten
1048 1246 1169 1306 Fürsten
1203 1246 1302 1306 Woy¬

307 1312 409 1372 woden
448 1306 518 1366 nach
551 1300 670 1360 Berlin
704 1300 894 1360 abgeschickt
921 1297 1079 1357 gewesene
1107 1298 1193 1358 Herr
1215 1297 1307 1357 Pac,

305 1359 449 1419 Starost
468 1357 522 1417 von
553 1352 655 1412 Zielow
692 1351 728 1411 ist
747 1351 843 1411 dieser
862 1351 964 1411 Tagen
995 1351 1055 1411 hier
1080 1348 1303 1408 eingetroffen.

580 1399 755 1459 Thorn,
778 1401 834 1461 den
869 1399 931 1459 29.
949 1399 1033 1459 Jul.

362 1450 416 1510 So
442 1449 534 1509 wohl
553 1446 595 1506 die
621 1449 781 1509 Landtäge
806 1446 855 1506 der
874 1446 1071 1506 Großpoln.
1084 1444 1281 1504 Cujavischen

312 1501 374 1561 und
397 1501 464 1561 auch
493 1497 543 1557 der
562 1497 850 1557 Dobrzynimschen
879 1495 1077 1555 Landschaft,
1100 1494 1162 1554 sind
1190 1494 1246 1554 alle
1258 1494 1308 1554 be¬

315 1550 466 1610 standen,
494 1547 553 1607 und
586 1545 705 1605 darauf
732 1542 937 1602 beschlossen,
971 1545 1052 1605 nicht
1085 1542 1171 1602 durch
1204 1542 1311 1602 Abge=

309 1598 458 1658 ordnete,
485 1593 608 1653 sondern
645 1592 732 1652 durch
764 1590 944 1650 Landboten
976 1590 1027 1650 der
1053 1590 1213 1650 künftigen
1245 1590 1311 1650 Kö¬

310 1643 480 1703 nigswahl
509 1640 764 1700 beyzuwohnen.
828 1640 918 1700 Man
953 1637 1049 1697 siehet
1078 1637 1310 1697 Nachrichten,

308 1691 416 1751 welche
442 1685 629 1745 versichern,
654 1687 708 1747 daß
738 1683 851 1743 bereits
881 1684 930 1744 der
955 1682 1112 1742 Stempel
1133 1682 1187 1742 zur
1207 1682 1310 1742 Mün¬

311 1739 339 1799 ze
364 1733 421 1793 auf
441 1733 489 1793 die
508 1729 667 1789 Krönung
697 1727 744 1787 des
769 1724 874 1784 Herrn
904 1721 1029 1781 Grafen
1063 1723 1303 1783 Poniatowsky

318 1782 365 1842 zum
408 1772 535 1832 Könige
557 1769 609 1829 von
641 1767 773 1827 Polen,
806 1768 842 1828 an
875 1766 953 1826 einem
997 1766 1134 1826 gewissen
1161 1766 1314 1826 auswär¬

317 1826 400 1886 tigen
424 1822 506 1882 Orte
525 1817 708 1877 geschnitten
738 1817 856 1877 werde.

578 1870 749 1930 Wilda,
783 1868 835 1928 den
876 1868 941 1928 27.
975 1867 1060 1927 Jul.

377 1924 444 1984 Die
468 1924 648 1984 Landtäge,
671 1921 784 1981 welche
813 1918 903 1978 unter
932 1918 982 1978 dem
1023 1918 1112 1978 Titel
1136 1918 1226 1978 eines
1249 1918 1316 1978 Re¬

321 1975 532 2035 lationstages
564 1971 625 2031 sind
657 1969 801 2029 gehalten
839 1966 993 2026 worden,
1025 1968 1123 2028 haben
1159 1966 1185 2026 in
1222 1966 1304 2026 einer

320 2024 525 2084 erwünschten
563 2020 663 2080 Ruhe
684 2017 736 2077 ihr
763 2016 858 2076 Ende
885 2014 1100 2074 genommen;
1143 2014 1216 2074 man
1254 2014 1306 2074 hat

324 2074 379 2134 auf
407 2072 534 2132 selbigen
568 2064 756 2124 festgesetzt,
789 2064 845 2124 daß
873 2063 977 2123 einige
1006 2061 1305 2121 Woywodschaften

325 2124 473 2184 selbsten,
500 2115 597 2175 andre
618 2114 690 2174 aber
716 2113 798 2173 durch
824 2112 1004 2172 Deputirte
1025 2109 1076 2169 bey
1102 2109 1153 2169 der
1169 2109 1313 2169 Königs¬

322 2172 413 2232 wahl
435 2165 608 2225 erscheinen
641 2163 781 2223 können.
848 2158 923 2218 Die
950 2157 1216 2217 Kapturgerichte
1249 2157 1307 2217 sind

324 2217 419 2277 wegen
451 2213 498 2273 des
525 2211 551 2271 in
584 2211 679 2271 dieser
701 2208 817 2268 Woche
844 2207 1056 2267 einfallenden
1089 2206 1215 2266 Festes,
1242 2207 1316 2267 aus¬

319 2266 445 2326 gesetzet
468 2255 617 2315 worden.
669 2254 734 2314 Aus
763 2252 896 2312 Grodno
929 2254 968 2314 ist
997 2255 1090 2315 nichts
1124 2255 1312 2315 besonderes

324 2307 555 2367 eingelaufen,
577 2301 675 2361 außer
702 2300 750 2360 daß
783 2300 826 2360 die
848 2303 999 2363 Gerichte
1021 2303 1069 2363 der
1092 2301 1318 2361 Generalcon¬

326 2353 532 2413 föderation,
559 2348 669 2408 welche
691 2345 790 2405 wegen
823 2346 875 2406 der
897 2351 1023 2411 Abreise
1055 2351 1150 2411 vieler
1182 2351 1319 2411 ansehn¬

323 2405 418 2465 lichen
449 2397 628 2457 Magnaten
660 2395 713 2455 auf
738 2394 785 2454 die
804 2399 960 2459 Landtage
985 2399 1195 2459 aufgehöret,
1226 2398 1303 2458 künf

325 2458 411 2518 tigen
448 2448 601 2508 Montag
645 2443 805 2503 wiederum
865 2448 951 2508 ihren
996 2449 1133 2509 Anfang
1178 2449 1308 2509 nehmen

324 2506 476 2566 werden.

637 2640 1000 2700 Declaration

332 2708 385 2768 des
416 2704 512 2764 neuen
549 2699 803 2759 Müntz=Edicts
834 2689 887 2749 vom
936 2690 996 2750 29.
1015 2697 1135 2757 Martii
1154 2697 1262 2757 1764.
1287 2697 1311 2757 in

382 2754 553 2814 Ansehung
589 2750 636 2810 des
672 2742 885 2802 Königreichs
915 2741 1097 2801 Preussen,
1128 2745 1234 2805 wegen
1270 2746 1316 2806 der

380 2805 407 2865 in
436 2800 648 2860 Preußischen
677 2795 832 2855 Sechsern
868 2787 924 2847 seit
946 2787 994 2847 den
1023 2796 1087 2856 21.
1102 2793 1207 2853 April.
1215 2796 1320 2856 1763.

390 2849 577 2909 getroffenen
608 2847 795 2907 Contracte.

1324 342 1397 402 Wir
1426 345 1653 405 Fridrich,
1688 345 1744 405 von
1779 342 1915 402 GOttes
1949 342 2119 402 Gnaden,
2142 345 2250 405 König
2284 348 2306 408 in

1603 392 1789 452 Marggraf
1826 394 1852 454 zu
1890 387 2166 447 Brandenburg;
2209 392 2262 452 des

1376 392 1573 452 Preussen,

1435 439 1586 499 Heiligen
1614 440 1798 500 Römischen
1827 440 1940 500 Reichs
1968 436 2201 496 Ertz=Cämme¬

1556 486 1605 546 rer
1634 488 1695 548 und
1723 491 1896 551 Churfürst
1919 491 1957 551 rc.
1975 491 2019 551 rc.
2036 490 2074 550 rc.

1329 554 1433 614 Thun
1463 557 1538 617 kund
1567 557 1625 617 und
1655 560 1748 620 fügen
1778 561 1911 621 hiermit
1929 563 1957 623 zu
1993 563 2126 623 wissen:
2150 560 2301 620 Nachdem

1325 604 1376 664 bey
1407 604 1520 664 Unserm
1562 607 1654 667 neuen
1686 607 1913 667 Müntz=Edict
1939 607 1990 667 vom
2032 610 2093 670 29.
2110 608 2227 668 Martii
2243 607 2274 667 a.
2290 607 2320 667 c.

1330 650 1386 710 und
1417 652 1510 712 dessen
1547 652 1582 712 §.
1609 652 1670 712 10.
1687 654 1790 714 Nuw.
1816 655 1877 715 11.
1904 657 1929 717 in
1966 658 2084 718 Unserm
2126 658 2312 718 Königreich

1330 698 1479 758 Preussen
1516 700 1562 760 sich
1593 700 1644 760 das
1671 703 1851 763 Bedencken
1882 703 2062 763 geäussert:
2094 707 2145 767 Ob
2182 709 2228 769 die
2254 708 2310 768 aus

1332 745 1408 805 einer
1435 748 1489 808 seit
1511 748 1560 808 den
1593 748 1652 808 21.
1669 749 1761 809 April
1789 751 1897 811 1763.
1919 751 1978 811 auf
2001 754 2190 814 Preußische
2218 757 2320 817 Sech¬

1333 794 1372 854 ser
1393 794 1463 854 oder
1489 795 1928 855 Sechs=Creutzer=Stucke
1959 802 2211 862 eingegangenen
2241 804 2326 864 Ver=

1326 843 1464 903 bindung
1500 845 1658 905 schuldige
1693 844 1851 904 Summen
1887 844 1916 904 in
1956 849 2010 909 dem
2055 849 2179 909 jetzigen
2219 854 2313 914 neuen

1329 891 1540 951 Preußischen
1572 891 1856 951 Silber=Courant
1872 891 1908 951 de
1924 894 2012 954 Anno
2043 900 2152 960 1764.
2168 900 2244 960 ohne
2266 898 2327 958 Ab=

1330 939 1384 999 zug
1411 939 1438 999 zu
1471 939 1648 999 bezahlen,
1677 939 1882 999 ohngeachtet
1909 942 1990 1002 diese
2018 946 2325 1006 Sechs=Creutzer=

1340 987 1458 1047 Stücke
1483 984 1518 1044 de
1548 982 1637 1042 Anno
1673 981 1779 1041 1763.
1804 984 1833 1044 in
1863 984 1916 1044 der
1946 990 2076 1050 Tabelle
2107 993 2142 1053 B.
2166 995 2314 1055 sothanen

1342 1028 1456 1088 Müntz
1470 1028 1597 1088 Edicts,
1624 1028 1662 1088 um
1708 1025 1745 1085 ein
1778 1025 1900 1085 Drittel
1920 1035 2073 1095 herunter
2099 1037 2221 1097 gesetzet
2247 1040 2330 1100 wor=

1335 1076 1418 1136 den,
1443 1076 1503 1136 und
1534 1074 1648 1134 Unsere
1673 1073 1866 1133 Preußische
1885 1079 2072 1139 Regierung
2109 1085 2169 1145 und
2193 1086 2332 1146 Kriegs=

1338 1122 1394 1182 und
1423 1121 1790 1181 Domainen=Cammer
1819 1121 1864 1181 ihr
1888 1127 2158 1187 Pflichtmäßiges
2182 1131 2328 1191 Gutach=

1337 1169 1380 1229 ten
1413 1168 1549 1228 darüber
1572 1169 1783 1229 abgestattet;
1811 1172 1870 1232 Als
1898 1175 2072 1235 declariren
2111 1181 2187 1241 Wir
2214 1180 2333 1240 hiemit

1337 1219 1448 1279 solchem
1487 1216 1598 1276 gemäß
1627 1219 1682 1279 auf
1699 1219 1749 1279 den
1783 1220 1849 1280 Uns
1883 1222 2083 1282 geschehenen
2112 1228 2256 1288 Vortrag
2285 1231 2334 1291 ge¬

1332 1267 1451 1327 dachten
1485 1267 1517 1327 §.
1539 1267 1593 1327 10.
1616 1267 1719 1327 Num.
1741 1268 1801 1328 11.
1818 1270 1937 1330 Unsers
1965 1278 2221 1338 Müntz=Edicts
2255 1276 2309 1336 vom

1338 1318 1401 1378 29.
1425 1315 1539 1375 Martii
1563 1315 1598 1375 a.
1622 1316 1650 1376 c.
1685 1318 1713 1378 in
1748 1320 1916 1380 Ansehung
1957 1327 2072 1387 Unsers
2108 1330 2321 1390 Königreichs

1342 1366 1491 1426 Preussen
1525 1366 1646 1426 dahin:

1433 1416 1506 1476 Daß
1540 1415 1603 1475 aus
1638 1416 1712 1476 allen
1746 1416 1802 1476 seit
1832 1417 1883 1477 dem
1929 1419 1991 1479 21.
2015 1422 2111 1482 Apzil
2135 1422 2248 1482 1763.
2272 1426 2328 1486 auf

1388 1463 1583 1523 Preußische
1605 1464 1742 1524 Sechser
1764 1467 1832 1527 oder
1854 1470 2276 1530 Sechs=Creutzer=Stücke,
2298 1473 2323 1533 es

1386 1513 1429 1573 sey
1457 1512 1668 1572 nahmentlich
1706 1513 1760 1573 auf
1788 1512 1836 1572 die
1859 1515 1994 1575 Sechser
2027 1520 2081 1580 von
2119 1520 2227 1580 1763.
2255 1521 2325 1581 oder

1384 1560 1465 1620 ohne
1488 1562 1716 1622 Bestimmung
1738 1560 1825 1620 ihrer
1847 1563 2043 1623 Jahrzahl,
2065 1569 2320 1629 eingegangenen

1395 1608 1672 1668 Verbindungen,
1687 1608 1734 1668 für
1758 1608 1806 1668 die
1826 1608 1949 1668 Summa
1979 1611 2031 1671 von
2061 1613 2141 1673 100.
2161 1613 2275 1673 Thaler
2300 1610 2323 1670 in

1387 1652 1481 1712 dieser
1507 1652 1661 1712 Müntze,
1686 1652 1770 1712 nicht
1790 1652 1895 1712 mehr,
1920 1652 1964 1712 als
1990 1655 2054 1715 80.
2069 1657 2188 1717 Rthlr.
2219 1655 2243 1715 in
2273 1657 2337 1717 Un¬

1392 1694 1454 1754 serm
1492 1692 1611 1752 jetzigen
1640 1691 1850 1751 Preußischen
1884 1694 2032 1754 Courant
2056 1697 2089 1757 de
2109 1699 2194 1759 Anno
2224 1701 2333 1761 1764.

1392 1734 1537 1794 gezahlet
1561 1733 1621 1793 und
1645 1733 1805 1793 gefordert
1824 1733 1945 1793 werden
1975 1738 2058 1798 solle.

1348 1781 1509 1841 Wogegen
1540 1781 1569 1841 es
1595 1781 1618 1841 in
1643 1781 1739 1841 denen
1764 1783 1890 1843 übrigen
1921 1787 1968 1847 bey
2005 1790 2052 1850 der
2077 1793 2258 1853 Vorschrift
2283 1799 2336 1859 ob¬

1352 1834 1524 1894 erwehnten
1560 1831 1675 1891 Unsers
1699 1835 1952 1895 Müntz=Edicts
1982 1841 2034 1901 vom
2081 1845 2143 1905 29.
2167 1846 2282 1906 Martii
2306 1850 2334 1910 c.

1343 1887 1416 1947 auch
1456 1887 1626 1947 besonders
1667 1885 1695 1945 in
1741 1888 1911 1948 Ansehung
1957 1891 2076 1951 Unsers
2117 1897 2332 1957 Königreichs

1352 1933 1499 1993 Preussen
1526 1936 1579 1996 bey
1606 1933 1695 1993 dessen
1722 1936 1753 1996 §.
1775 1936 1832 1996 10.
1849 1936 1917 1996 Num
1965 1939 2023 1999 10.
2034 1939 2097 1999 Lit.
2113 1939 2134 1999 i.
2150 1942 2208 2002 und
2230 1944 2335 2004 Num.

1350 1984 1406 2044 11.
1427 1984 1484 2044 sein
1510 1984 1700 2044 Verbleiben
1726 1981 1798 2041 hat.
1845 1981 1922 2041 Wir
1954 1987 2062 2047 wollen
2104 1987 2160 2047 und
2191 1990 2325 2050 befehlen

1347 2031 1462 2091 dahero
1488 2031 1578 2091 auch,
1594 2031 1649 2091 daß
1675 2030 1749 2090 diese
1776 2031 1891 2091 Unsere
1912 2034 2113 2094 Declaration
2149 2037 2174 2097 im
2215 2036 2335 2096 König=

1347 2079 1418 2139 reich
1455 2076 1604 2136 Preussen
1640 2079 1728 2139 durch
1759 2078 1810 2138 den
1842 2079 1944 2139 Druck
1976 2085 2099 2145 überall
2126 2087 2264 2147 bekannt
2285 2085 2336 2145 ge¬

1347 2127 1484 2187 machet,
1501 2124 1559 2184 und
1586 2125 1611 2185 zu
1639 2124 1844 2184 jedermanns
1866 2130 2088 2190 Wissenschaft
2110 2134 2168 2194 und
2195 2137 2332 2197 Achtung

1347 2175 1516 2235 gebracht,
1540 2169 1607 2229 auch
1636 2169 1789 2229 derselben
1818 2172 1869 2232 auf
1898 2174 1954 2234 das
1983 2181 2153 2241 genaueste
2177 2184 2340 2244 nachgele¬

1349 2223 1400 2283 bet
1418 2220 1538 2280 werde.
1585 2216 1775 2276 Urkündlich
1805 2220 1897 2280 haben
1927 2221 2001 2281 Wir
2030 2226 2105 2286 diese
2129 2230 2330 2290 Declaration

1354 2269 1561 2329 eigenhändig
1590 2261 1774 2321 vollzogen,
1798 2268 1861 2328 und
1891 2270 1954 2330 mit
1972 2270 2086 2330 Unserm
2128 2274 2329 2334 Königlichen

1359 2318 1503 2378 Insiegel
1521 2312 1682 2372 bedrucken
1706 2313 1815 2373 lassen.
1845 2321 1908 2381 So
1931 2321 2087 2381 geschehen
2117 2321 2174 2381 und
2198 2323 2324 2383 gegeben

1351 2375 1382 2435 zu
1409 2366 1526 2426 Berlin
1553 2362 1598 2422 den
1631 2360 1689 2420 16.
1710 2363 1787 2423 Julii
1808 2364 1911 2424 1764.

1666 2415 1730 2475 L.
1753 2420 1817 2480 S.)

2084 2420 2280 2480 Friderich.

1380 2473 1417 2533 v.
1443 2470 1573 2530 Jariges.
1599 2464 1636 2524 v.
1656 2465 1761 2525 Fürst.
1787 2471 1818 2531 v.
1843 2472 1999 2532 Massow.
2025 2470 2062 2530 v.
2081 2479 2312 2539 Blumenthal.

1472 2518 1504 2578 v.
1516 2512 1783 2572 Münchhausen.
1812 2523 1844 2583 v.
1857 2524 1990 2584 Hagen.
2019 2524 2051 2584 v.
2063 2527 2229 2587 Dorville.

1664 2592 2040 2652 AVERTISSEMENT.

1403 2638 1476 2698 Der
1510 2635 1698 2695 Catalogus
1738 2640 1794 2700 von
1841 2641 1891 2701 der
1926 2642 2141 2702 verwichenen
2187 2648 2346 2708 Leipziger

1361 2690 1568 2750 Ostermesse,
1592 2685 1633 2745 ist
1657 2691 1900 2751 ohnentgeltlich
1930 2694 2124 2754 abzuholen.

1361 2763 1449 2823 Diese
1465 2754 1605 2814 Gelehrte
1628 2754 1679 2814 und
1702 2760 1857 2820 Politische
1880 2763 2005 2823 Zeitung
2028 2763 2094 2823 wird
2125 2760 2169 2820 des
2192 2757 2338 2817 Montags

1461 2799 1516 2859 und
1547 2799 1688 2859 Freytags
1709 2802 1734 2862 in
1760 2803 1805 2863 dem
1841 2805 2034 2865 Kanterschen
2065 2800 2237 2860 Buchladen

1745 2844 1956 2904 ausgegeben.
