2479 3508
194 345 303 405 haupt
324 346 530 406 französische
559 330 696 390 Wörter
724 325 757 385 zu
793 324 964 384 erklären,
992 324 1116 384 sondern
1151 321 1191 381 um

205 395 260 455 das
286 395 423 455 Eigne
443 383 536 443 dieser
562 374 712 434 Sprache
738 372 762 432 in
788 372 938 432 Wörtern
971 373 1026 433 und
1058 372 1208 432 Redens¬

198 443 284 503 arten
312 438 526 498 festzusetzen.
567 423 653 483 Das
674 421 767 481 Buch
795 422 828 482 ist
856 424 922 484 sehr
956 423 1070 483 sauber
1097 421 1123 481 in
1164 417 1210 477 ge=

197 494 339 554 spaltnen
370 480 487 540 Seiten
519 473 685 533 gedruckt;
712 473 736 533 so
768 471 816 531 daß
848 473 878 533 es
904 473 928 533 in
960 473 1039 533 einem
1083 470 1194 530 kleinen

202 542 300 602 Raum
347 531 433 591 einen
470 522 579 582 großen
621 521 742 581 Schatz
766 522 824 582 von
859 521 1109 581 Anmerkungen
1144 518 1202 578 und

196 584 392 644 Beyspielen
434 575 463 635 in
505 572 553 632 sich
595 569 684 629 hält.
756 572 874 632 Kostet
899 574 928 634 in
964 572 1201 632 vorbemeldten

202 632 411 692 Kanterschen
441 619 750 679 Buchhandlungen
780 619 790 679 1
820 622 854 682 fl.

599 667 795 727 Leipzig.

251 718 462 778 „Unterricht
479 715 532 775 von
569 716 621 776 den
659 718 785 778 wahren
818 718 1019 778 Vorzügen,
1046 717 1072 777 in
1105 715 1188 775 einem

187 769 401 829 „Schreiben
432 767 468 827 an
506 766 557 826 den
589 766 886 826 Durchlauchtigen
923 766 1063 826 jüngsten
1101 763 1210 823 Prin¬

195 810 270 870 „zen
326 815 381 875 von
432 813 840 873 Meklenburg=Strelitz
871 813 1083 873 vorgetragen
1134 810 1194 870 von

201 863 388 923 „Adolph
416 861 626 921 Friedrich
654 861 708 921 von
737 861 1018 921 Witzendorf,
1041 861 1206 921 Herzogl.

192 909 718 969 „Meklenburg=Strelitzischen
767 909 1074 969 Kammerjunker,
1112 907 1207 967 8vo,

198 958 345 1018 „1763,
371 965 407 1025 11
439 962 592 1022 Bogen.”
654 963 715 1023 Da
747 965 802 1025 der
827 963 913 1023 Herr
944 963 1104 1023 Verfasser
1135 960 1190 1020 sein

441 1130 645 1190 Berlin,
670 1130 724 1190 vom
773 1133 838 1193 14.
863 1130 953 1190 Aug.

248 1179 326 1239 Sr.
344 1181 485 1241 Königl.
508 1178 609 1238 Maj.
632 1175 733 1235 haben
768 1178 818 1238 die
841 1178 1067 1238 hinterlaßnen
1101 1175 1196 1235 außer

193 1228 250 1288 der
277 1225 345 1285 Ehe
367 1224 525 1284 erzeugten
558 1220 568 1280 3
589 1219 710 1279 Kinder
732 1222 784 1282 des
806 1222 1001 1282 verstorbnen
1028 1224 1197 1284 Capitains

197 1274 302 1334 Herrn
340 1269 393 1329 von
425 1267 668 1327 Gatterhofen,
696 1270 1103 1330 Anhalt=Bernburgschen
1130 1270 1204 1330 In¬

196 1315 539 1375 fanterieregiments,
564 1315 751 1375 namentlich
781 1315 908 1375 Leopold
938 1315 1114 1375 Wilhelm,
1134 1311 1202 1371 Un¬

195 1366 366 1426 terofficier
397 1360 488 1420 unter
518 1360 569 1420 dem
610 1363 929 1423 Husarenregiment
955 1360 1010 1420 des
1040 1359 1192 1419 Obristen

188 1416 282 1476 Hrn.
294 1413 349 1473 von
378 1407 511 1467 Lossow,
523 1407 689 1467 Charlotte
707 1407 1113 1467 ElisabethWilhelmine,
1130 1404 1191 1464 und

197 1464 315 1524 Maria
347 1459 516 1519 Charlotte
537 1458 702 1518 Henriette
733 1458 903 1518 dergestalt
929 1457 960 1517 zu
996 1455 1186 1515 legitimiren

196 1514 428 1574 allergnädigst
450 1506 596 1566 geruhet,
618 1507 672 1567 daß
699 1508 812 1568 selbige
835 1506 883 1566 des
911 1506 1029 1566 Vaters
1057 1503 1186 1563 adliches

197 1566 319 1626 Wapen
349 1559 559 1619 inskünftige
577 1560 729 1620 führen,
765 1557 828 1617 und
852 1557 899 1617 sich
934 1557 992 1617 von
1022 1554 1208 1614 Gatterho=

195 1618 242 1678 fen
275 1616 391 1676 nennen
424 1610 551 1670 dörfen.

409 1661 688 1721 Göttingen,
719 1658 778 1718 vom
826 1658 867 1718 5.
892 1658 980 1718 Aug.

240 1718 319 1778 Dem
359 1715 636 1775 Hannöverischen
671 1709 823 1769 General
846 1709 942 1769 Block
971 1709 1010 1769 ist
1039 1711 1112 1771 kurz
1141 1708 1196 1768 vor

195 1769 297 1829 seinem
361 1766 458 1826 Ende
500 1766 557 1826 sein
609 1763 1095 1823 Regimentsquartiermeister
1143 1760 1204 1820 mit

191 1812 304 1872 20000
344 1811 467 1871 Thaler
497 1808 788 1868 durchgegangen,
818 1808 946 1868 welcher
981 1811 1197 1871 verdrüßliche

194 1858 332 1918 Vorfall
352 1852 450 1912 seinen
481 1849 549 1909 Tod
579 1850 796 1910 beschleunigt
816 1849 914 1909 haben
944 1852 1012 1912 soll.

388 1895 707 1955 Donaustrom,
742 1892 801 1952 vom
846 1895 885 1955 28
925 1894 1008 1954 Jul.

245 1951 284 2011 Zu
313 1948 403 2008 Wien
438 1944 556 2004 werden
585 1942 636 2002 für
659 1938 709 1998 den
744 1939 868 1999 Grafen
898 1939 1107 1999 Stanislaus
1136 1939 1186 1999 von

199 2001 441 2061 Poniatowski
471 1990 666 2050 verschiedne
696 1989 834 2049 kostbare
858 1989 1112 2049 Mondirungen
1147 1987 1198 2047 für

193 2052 268 2112 eine
290 2047 463 2107 Leibgarde
485 2040 544 2100 von
571 2040 647 2100 grün
674 2037 733 2097 und
761 2037 868 2097 rother
885 2040 987 2100 Farbe
1010 2037 1074 2097 und
1096 2034 1198 2094 andre

198 2099 337 2159 kostbare
365 2091 492 2151 Sachen
521 2091 709 2151 versertigt.
754 2088 804 2148 Es
838 2088 915 2148 wird
949 2088 1015 2148 auch
1049 2087 1110 2147 auf
1133 2085 1193 2145 sein

197 2145 359 2205 Ansuchen
388 2145 417 2205 an
452 2142 661 2202 verschiednen
696 2142 1085 2202 Masqueradenkleidern
1115 2136 1206 2196 gear¬

198 2199 314 2259 beitet.

410 2240 708 2300 Maynstrom,
729 2240 791 2300 vom
834 2243 874 2303 4.
903 2240 992 2300 Aug.

245 2297 333 2357 Nach
364 2294 500 2354 Briefen
524 2291 584 2351 von
614 2287 750 2347 Madrid
775 2287 810 2347 ist
828 2291 881 2351 der
912 2288 947 2348 an
977 2285 1096 2345 dasigem
1132 2284 1202 2344 Ho¬

188 2351 223 2411 fe
253 2348 401 2408 stehende
431 2340 685 2400 Portugiesische
715 2338 886 2398 Gesandte
923 2338 1076 2398 schleunig
1118 2335 1188 2395 nach

197 2396 335 2456 Lissabon
362 2393 474 2453 zurück
501 2389 644 2449 beordert
666 2384 814 2444 worden.

294 2436 798 2496 Nieder=Rheinstrom,
819 2437 878 2497 vom
927 2437 993 2497 31.
1014 2432 1100 2492 Jul.

244 2488 315 2548 Die
334 2488 467 2548 Vestung
492 2482 631 2542 Geldern
656 2482 692 2542 ist
717 2485 892 2545 nunmehro
917 2485 1014 2545 völlig
1032 2481 1201 2541 geschleist.

195 2539 242 2599 Es
269 2539 406 2599 arbeiten
438 2536 491 2596 seit
512 2533 559 2593 dem
602 2530 739 2590 October
761 2536 871 2596 täglich
898 2535 972 2595 über
988 2532 1072 2592 1000
1099 2530 1194 2590 Land¬

195 2590 279 2650 leute
301 2587 423 2647 daran,
450 2582 562 2642 welche
583 2578 636 2638 des
663 2578 827 2638 Morgens
860 2586 918 2646 und
945 2581 1077 2641 Abends
1099 2578 1189 2638 durch

194 2640 251 2700 den
280 2633 550 2693 Trommelschlag
580 2627 608 2687 zu
643 2628 706 2688 und
735 2629 792 2689 von
827 2635 878 2695 der
902 2632 1017 2692 Arbeit
1040 2629 1189 2689 geführet
1230 2629 1454 2689 ausgebessert
1472 2632 1616 2692 werden.
1662 2637 1783 2697 Dieses
1806 2632 1996 2692 Königreich
2025 2635 2128 2695 erhält
2146 2639 2238 2699 jähr¬

200 2688 350 2748 worden.
393 2679 471 2739 Die
490 2679 562 2739 noch
592 2676 786 2736 vorhandne
811 2682 967 2742 Kanonen
1004 2679 1064 2739 und
1095 2679 1197 2739 andre

192 2733 567 2793 Kriegsgeräthschaften
596 2726 656 2786 hat
677 2724 746 2784 man
787 2727 841 2787 auf
869 2733 992 2793 einigen
1020 2731 1081 2791 100
1116 2730 1197 2790 Kar=

198 2795 246 2855 ren
278 2790 333 2850 und
358 2781 480 2841 Wagen
506 2777 573 2837 nach
598 2775 702 2835 Wesel
721 2777 881 2837 gebracht.
912 2784 998 2844 Man
1023 2781 1102 2841 sieht
1122 2781 1182 2841 nun

195 2844 289 2904 gegen
319 2838 366 2898 den
397 2831 586 2891 Stadtwall
604 2829 651 2889 als
675 2829 764 2889 gegen
794 2828 882 2888 einen
919 2832 1031 2892 offenen
1061 2832 1196 2892 Flecken,

198 2894 290 2954 indem
331 2890 390 2950 alle
404 2885 582 2945 Pallisaden
609 2884 761 2944 öffentlich
788 2883 947 2943 verkauft,
967 2888 1026 2948 und
1054 2888 1092 2948 die
1113 2885 1192 2945 Pul=

1239 318 1323 378 Amt
1347 320 1391 380 als
1415 318 1614 378 Hofmeister
1638 318 1688 378 des
1717 321 1859 381 Prinzen
1889 323 2110 383 niederlegte,
2145 321 2253 381 wollte

1238 369 1271 429 er
1295 369 1345 429 ihm
1386 369 1443 429 zum
1483 366 1654 426 Abschiede
1678 369 1762 429 einen
1791 369 1991 429 schriftlichen
2026 372 2174 432 Aufsatz,
2197 372 2253 432 zur

1245 419 1353 479 kurzen
1384 413 1641 473 Wiederholung
1668 416 1791 476 dessen,
1827 419 1894 479 was
1931 419 1956 479 er
1987 419 2038 479 ihm
2085 419 2250 479 vorgetra¬

1244 470 1300 530 gen
1329 467 1430 527 hatte,
1448 463 1668 523 hinterlaßen.
1703 461 1747 521 Es
1776 464 1911 524 begreift
1929 467 1991 527 also
2014 468 2093 528 diese
2116 470 2251 530 Schrift

1242 513 1311 573 eine
1348 514 1443 574 kurze
1470 512 1682 572 Vorstellung
1714 511 1761 571 der
1788 515 1952 575 Pflichten
1995 518 2047 578 der
2074 518 2254 578 Religion,

1235 563 1287 623 der
1309 563 1427 623 Sorge
1454 563 1507 623 für
1529 563 1608 623 seine
1637 561 1721 621 eigne
1749 565 2075 625 Vollkommenheit,
2108 569 2171 629 und
2199 569 2246 629 der

1247 613 1408 673 geselligen
1437 612 1616 672 Pflichten.
1669 610 1761 670 Alles
1791 610 1824 670 ist
1854 610 1876 670 in
1917 613 1998 673 einer
2034 616 2229 676 natürlichen

1237 664 1497 724 ungekünstelten
1535 658 1758 718 Schreibart,
1790 660 1853 720 und
1886 661 1912 721 so
1939 664 2129 724 vernünftig
2157 667 2252 727 abge¬

1242 714 1339 774 faßt,
1367 712 1421 772 daß
1449 710 1497 770 das
1525 709 1704 769 Schreiben
1743 709 1796 769 der
1813 709 1960 769 Absicht,
1993 712 2025 772 in
2053 712 2183 772 welcher
2216 712 2248 772 es

1237 761 1403 821 aufgesetzt
1425 757 1538 817 ward,
1566 760 1773 820 vollkommen
1805 757 1930 817 Gnüge
1951 757 2075 817 leistet,
2097 760 2159 820 und
2185 760 2242 820 uns

1246 808 1299 868 von
1338 805 1386 865 der
1419 806 1711 866 Geschicklichkeit,
1745 808 1804 868 mit
1831 807 1961 867 welcher
1989 807 2037 867 H.
2065 807 2097 867 v.
2119 807 2178 867 W.
2200 809 2254 869 sei¬

1233 856 1285 916 nem
1329 855 1515 915 bisherigen
1542 855 1637 915 Amte
1665 858 1889 918 vorgestanden
1922 857 2001 917 hat,
2023 855 2246 915 vortheilhaf¬

1237 905 1269 965 te
1297 905 1447 965 Begriffe
1464 905 1658 965 beybringen
1696 906 1788 966 muß.
1848 904 1960 964 Kostet
1988 906 2015 966 in
2048 906 2252 966 vorbemeld¬

1234 960 1279 1020 ten
1308 957 1514 1017 Kanterschen
1544 957 1853 1017 Buchhandlungen
1882 958 1921 1018 27
1951 957 2002 1017 gr.

1905 1127 1973 1187 Alle
2003 1124 2233 1184 Stadtgraben

1240 1124 1436 1184 verthürme
1467 1127 1657 1187 abgetragen
1695 1127 1842 1187 werden.

1247 1172 1303 1232 sind
1340 1175 1547 1235 ausgefüllt,
1579 1173 1630 1233 die
1662 1175 1832 1235 Batterien
1875 1172 2149 1232 niedergerissen,
2191 1168 2242 1228 der

1247 1222 1443 1282 Hauptwall
1463 1219 1674 1279 eingestürzt,
1700 1220 1771 1280 auch
1806 1219 1866 1279 sind
1902 1219 1947 1279 die
1978 1216 2053 1276 zwey
2083 1215 2249 1275 Kornma¬

1241 1268 1353 1328 gazine
1378 1267 1427 1327 den
1457 1264 1791 1324 Seidenfabrikanten
1821 1267 1879 1327 und
1899 1262 2110 1322 Hutmachern
2135 1261 2159 1321 zu
2184 1261 2247 1321 An¬

1237 1314 1350 1374 legung
1387 1312 1480 1372 neuer
1507 1309 1662 1369 Fabriken
1699 1312 1907 1372 eingeräumt
1933 1309 2084 1369 worden.
2131 1307 2244 1367 Wesel

1242 1357 1376 1417 scheinet
1392 1357 1546 1417 hingegen
1583 1357 1680 1417 seiner
1712 1357 1763 1417 zur
1795 1357 1970 1417 Handlung
2012 1357 2166 1417 bequeme
2193 1356 2244 1416 La¬

1232 1406 1269 1466 ge
1291 1404 1359 1464 nach
1387 1404 1413 1464 zu
1440 1404 1605 1464 wachsen;
1632 1406 1690 1466 das
1717 1405 1860 1465 zwischen
1887 1406 1935 1466 dem
1978 1404 2110 1464 Dyler,
2143 1404 2249 1464 Ban¬

1237 1452 1290 1512 der
1327 1452 1385 1512 und
1417 1452 1639 1512 Stapelmeer
1667 1455 1815 1515 gelegene
1847 1454 1905 1514 und
1937 1453 2127 1513 hergestellte
2149 1452 2244 1512 Fort,

1232 1500 1290 1560 und
1323 1501 1370 1561 die
1398 1503 1467 1563 nach
1499 1503 1638 1563 Liegne,
1660 1504 1846 1564 Münster,
1868 1503 2065 1563 Osnabrück
2098 1500 2161 1560 und
2189 1502 2247 1562 an¬

1232 1551 1301 1611 dere
1323 1551 1450 1611 Städte
1472 1551 1706 1611 ausgebesserte
1728 1554 1850 1614 Wege,
1866 1554 1978 1614 welche
2000 1551 2026 1611 zu
2058 1551 2111 1611 der
2128 1551 2244 1611 Hand¬

1228 1602 1305 1662 lung
1335 1602 1358 1662 so
1383 1602 1633 1662 unumgänglich
1664 1602 1776 1662 nöthig
1800 1605 1895 1665 sind,
1926 1602 2062 1662 bringen
2099 1599 2152 1659 ihr
2182 1600 2241 1660 vie¬

1238 1655 1281 1715 len
1307 1652 1478 1712 Vortheil.

1498 1706 1665 1766 Paris,
1698 1709 1748 1769 den
1794 1707 1858 1767 30.
1884 1708 1967 1768 Jul.

1286 1755 1365 1815 Der
1390 1754 1482 1814 Graf
1501 1757 1562 1817 von
1588 1760 1772 1820 Woronzow
1809 1759 2037 1819 Großkanzler
2068 1754 2123 1814 von
2155 1751 2246 1811 Ruß¬

1239 1808 1343 1868 land,
1366 1808 1493 1868 welcher
1521 1808 1576 1868 von
1604 1811 1803 1871 Compiegne
1826 1808 2054 1868 angekommen
2087 1804 2137 1864 ist,
2159 1804 2242 1864 wur¬

1237 1849 1273 1909 de
1304 1849 1355 1909 den
1392 1852 1500 1912 23sten
1536 1852 1634 1912 dieses
1671 1855 1722 1915 dem
1770 1858 1898 1918 Könige
1930 1858 1986 1918 und
2017 1855 2068 1915 der
2106 1852 2244 1912 Königl.

1235 1894 1381 1954 Familie
1398 1894 1601 1954 vorgestellt.

1474 1942 1682 2002 London,
1724 1945 1783 2005 vom
1831 1945 1871 2005 3.
1896 1945 1990 2005 Aug.

1293 1984 1337 2044 In
1364 1986 1491 2046 voriger
1511 1987 1632 2047 Woche
1652 1990 1690 2050 ist
1710 1990 1760 2050 der
1780 1990 1882 2050 Hafen
1921 1990 1953 2050 zu
1979 1993 2151 2053 Neucastle
2177 1993 2234 2053 zur

1237 2031 1381 2091 Einfuhr
1407 2034 1546 2094 fremden
1567 2034 1696 2094 Habers
1717 2037 1845 2097 eröfnet
1867 2037 2010 2097 worden.
2021 2037 2088 2097 Die
2119 2039 2243 2099 Hand=

1233 2083 1308 2143 lung
1341 2082 1400 2142 von
1433 2082 1589 2142 Madeira
1622 2085 1681 2145 hat
1703 2085 1757 2145 seit
1790 2087 1843 2147 dem
1887 2085 2017 2145 Frieden
2061 2085 2152 2145 durch
2190 2087 2238 2147 die

1240 2132 1331 2192 starke
1359 2130 1579 2190 Verschickung
1607 2133 1660 2193 von
1693 2136 1785 2196 Wein
1813 2136 1882 2196 nach
1915 2136 2023 2196 unsern
2050 2136 2141 2196 neuen
2180 2136 2238 2196 Co¬

1232 2184 1337 2244 lonien
1365 2179 1433 2239 sehr
1455 2184 1709 2244 zugenommen.
1757 2187 1831 2247 Die
1853 2187 2154 2247 Nordamericaner
2186 2189 2244 2249 ha¬

1233 2231 1288 2291 ben
1316 2230 1365 2290 sich
1388 2229 1437 2289 die
1459 2231 1553 2291 neuen
1581 2237 1741 2297 Auflagen
1786 2239 1846 2299 auf
1869 2240 1940 2300 ihre
1968 2237 2150 2297 Producten
2189 2241 2238 2301 ge¬

1239 2282 1325 2342 fallen
1354 2276 1475 2336 laßen,
1499 2281 1528 2341 in
1558 2285 1609 2345 der
1633 2290 1818 2350 Hofnung,
1847 2291 1899 2351 daß
1928 2290 2021 2350 dieses
2050 2288 2131 2348 Geld
2166 2291 2217 2351 zum

1234 2332 1350 2392 Besten
1382 2327 1435 2387 der
1467 2331 1604 2391 Colonie
1631 2338 1736 2398 werde
1768 2342 1969 2402 angewandt
1991 2339 2133 2399 werden.

1238 2381 1364 2441 Dublin
1398 2376 1497 2436 haben
1531 2386 1652 2446 neulich
1686 2393 1884 2453 verschiedne
1924 2390 2045 2450 fremde
2074 2387 2239 2447 Agenten,

1229 2432 1318 2492 1000
1348 2426 1479 2486 Tonnen
1521 2431 1574 2491 vom
1622 2438 1866 2498 Jrrländischen
1902 2437 2229 2497 Ochsenpöckelfleisch

1231 2486 1262 2546 zu
1282 2482 1320 2542 14
1346 2476 1499 2536 Schilling
1532 2482 1583 2542 das
1603 2485 1666 2545 100
1692 2489 1801 2549 Pfund
1828 2491 1872 2551 für
1892 2487 1936 2547 die
1956 2485 2154 2545 französische
2181 2488 2237 2548 Co=

1228 2533 1333 2593 lonien
1367 2529 1383 2589 n
1406 2530 1605 2590 Westindien
1633 2539 1822 2599 erhandelt.
1867 2536 1938 2596 Alle
1967 2534 2233 2594 Fortificationes

1233 2584 1260 2644 in
1288 2580 1409 2640 Irland
1443 2579 1531 2639 sollen
1560 2585 1620 2645 auf
1638 2590 1692 2650 das
1726 2584 1947 2644 fordersamste
1981 2584 2147 2644 vermehrt
2170 2590 2230 2650 und

1226 2679 1281 2739 lich
1306 2679 1367 2739 100
1398 2679 1527 2739 Schiffe
1553 2686 1620 2746 mit
1640 2688 1799 2748 Bauholz
1825 2681 1886 2741 und
1918 2683 2047 2743 Masten
2084 2688 2139 2748 aus
2171 2689 2225 2749 den

1224 2730 1404 2790 nordischen
1441 2731 1608 2791 Ländern.

1422 2787 1741 2847 Copenhagen,
1766 2778 1819 2838 vom
1869 2781 1928 2841 31.
1959 2784 2043 2844 Jul.

1275 2828 1355 2888 Der
1379 2832 1534 2892 Rußische
1558 2835 1760 2895 Rittmeister
1789 2829 1921 2889 Algreen
1968 2832 2003 2892 ist
2032 2831 2078 2891 als
2113 2830 2228 2890 Curier

1228 2883 1298 2943 hier
1334 2885 1423 2945 durch
1453 2886 1523 2946 nach
1559 2884 1736 2944 Schweden
1766 2881 1955 2941 gegangen.
2003 2882 2086 2942 Der
2110 2881 2233 2941 Hagel,

2083 2933 2227 2993 welcher
