2479 3508
238 363 284 423 ter
308 363 353 423 den
390 357 575 417 Indianern
605 351 814 411 herrschende
839 351 972 411 Seuche
996 351 1094 411 haben
1130 348 1176 408 sich
1206 349 1251 409 die

236 409 410 469 Europäer
433 406 492 466 gut
509 404 536 464 zu
569 401 678 461 Nutze
695 401 858 461 gemacht.
913 398 989 458 Sie
1022 398 1120 458 haben
1153 398 1245 458 ihnen

244 455 460 515 eingebildet,
482 450 539 510 daß
572 449 613 509 die
646 452 835 512 Engländer
868 449 904 509 sie
937 449 1025 509 unter
1058 446 1095 506 sie
1122 447 1253 507 gesandt

245 509 371 569 hätten.
425 500 498 560 Sie
520 500 630 560 wolten
662 500 694 560 sie
715 500 847 560 dadurch
874 498 968 558 gegen
995 497 1037 557 die
1059 497 1248 557 Engländer

246 557 429 617 aufhetzen.
478 551 580 611 Allein
618 550 725 610 sobald
758 548 796 608 sie
823 548 974 608 glaubten
1012 545 1065 605 daß
1099 547 1146 607 die
1169 545 1254 605 Eng¬

241 608 355 668 länder
381 602 406 662 es
433 601 458 661 in
490 599 578 659 ihrer
610 598 733 658 Macht
760 595 863 655 hätten
905 593 1128 653 Krankheiten
1165 592 1258 652 unter

252 656 286 716 sie
307 658 336 718 zu
362 652 508 712 schicken,
534 649 624 709 wenn
649 646 689 706 sie
710 646 770 706 nur
791 643 926 703 wolten,
962 643 1052 703 wenn
1078 643 1117 703 sie
1143 641 1248 701 keinen

245 703 381 763 Frieden
409 700 555 760 hielten;
589 696 616 756 so
649 694 790 754 machten
829 695 866 755 sie
894 694 948 754 den
982 691 1112 751 Schluß
1145 689 1264 749 Friede

249 757 305 817 mit
332 754 383 814 den
420 749 632 809 Engländern
669 747 699 807 zu
736 745 885 805 machen,
912 745 1015 805 damit
1042 743 1088 803 die
1119 742 1253 802 Seuche

252 807 411 867 aufhören
440 796 553 856 möge.

498 843 710 903 Florenz,
734 846 791 906 den
826 843 889 903 19.
919 843 1010 903 Aug.

299 900 441 960 Obschon
463 894 484 954 in
511 894 701 954 öffentlichen
723 891 929 951 Nachrichten
956 891 1109 951 gemeldet
1131 888 1252 948 worden

246 951 304 1011 ist,
326 949 378 1009 daß
405 948 447 1008 die
469 943 685 1003 Krankheiten
718 942 776 1002 und
808 941 860 1001 das
882 939 1024 999 Sterben
1057 939 1082 999 in
1110 938 1162 998 dem
1200 936 1263 996 Kö¬

252 998 412 1058 nigreiche
433 992 598 1052 Neapalis
614 990 825 1050 nachgelassen
851 987 965 1047 haben,
976 987 996 1047 so
1017 987 1166 1047 berichten
1193 983 1254 1043 doch

250 1046 299 1106 die
325 1042 436 1102 neuern
472 1035 587 1095 Briefe
613 1035 728 1095 daher,
754 1033 809 1093 daß
835 1032 930 1092 dieses
961 1034 1061 1094 Uebel
1077 1034 1132 1094 von
1158 1031 1253 1091 neuen

252 1091 389 1151 wieder,
416 1085 480 1145 und
507 1082 676 1142 sonderlich
703 1080 792 1140 gegen
824 1079 877 1139 den
899 1079 1121 1139 Kirchenstaat
1143 1082 1179 1142 um
1211 1078 1258 1138 sich

257 1143 367 1203 greife.
418 1133 501 1193 Das
529 1130 913 1190 Gesundheitstribunal
941 1127 969 1187 zu
997 1128 1068 1188 Rom
1114 1129 1169 1189 hat
1198 1126 1269 1186 des¬

247 1194 352 1254 wegen
392 1187 436 1247 die
482 1184 783 1244 Veranstaltuugen
817 1178 873 1238 zur
907 1175 1119 1235 Abwendung
1164 1175 1264 1235 dieser

258 1243 362 1303 Plage
385 1234 612 1294 vorgekehret.
664 1228 735 1288 Die
769 1229 891 1289 Briefe
914 1225 969 1285 von
1002 1225 1080 1285 dort
1103 1225 1158 1285 her
1186 1225 1269 1285 wer¬

254 1294 306 1354 den
339 1292 359 1352 im
402 1287 549 1347 Lazareth
576 1282 782 1342 geräuchert,
804 1279 867 1339 und
899 1279 967 1339 man
999 1278 1115 1338 glaubt
1137 1276 1183 1336 daß
1216 1274 1263 1334 die

258 1338 506 1398 Gemeinschaft
528 1333 668 1393 zwischen
701 1331 814 1391 beyden
842 1330 987 1390 Staaten
1020 1332 1074 1392 auf
1096 1332 1160 1392 eine
1183 1330 1268 1390 Zeit¬

258 1395 328 1455 lang
356 1387 557 1447 aufgehoben
585 1384 709 1444 werden
738 1381 857 1441 dürfte.

512 1431 698 1491 Genua,
725 1431 782 1491 vom
835 1431 896 1491 14.
923 1431 1011 1491 Aug.

302 1482 361 1542 Ein
389 1482 535 1542 gewisser
558 1482 650 1542 Corse
678 1481 738 1541 hat
755 1478 819 1538 uns
842 1479 961 1539 neulich
989 1479 1033 1539 ein
1066 1479 1256 1539 glänzendes

1119 1523 1154 1583 Er
1185 1527 1267 1587 hielt

258 1539 420 1599 Beyspiel
443 1533 491 1593 der
518 1530 736 1590 brüderlichen
764 1530 855 1590 Liebe
883 1527 1040 1587 gegeben.

259 1587 304 1647 sich
333 1588 360 1648 zu
395 1583 537 1643 Venedig
566 1581 639 1641 auf,
662 1581 695 1641 da
724 1580 752 1640 er
781 1576 894 1636 hörte,
923 1578 979 1638 daß
1020 1577 1076 1637 sein
1111 1578 1268 1638 Bruder,

256 1637 302 1697 der
339 1634 370 1694 in
422 1631 479 1691 der
511 1628 666 1688 Provinz
698 1625 817 1685 jenseit
848 1625 900 1685 der
942 1622 1056 1682 Berge
1098 1624 1238 1684 wohnte

261 1685 317 1745 auf
338 1679 445 1739 Paoli
467 1676 600 1736 Befehl
627 1673 817 1733 eingezogen
849 1671 916 1731 sey.
968 1670 1127 1730 Sogleich
1159 1670 1256 1730 begab

263 1730 292 1790 er
323 1727 367 1787 sich
398 1725 467 1785 nach
493 1721 637 1781 Corsica,
663 1717 737 1777 fand
764 1715 803 1775 ein
839 1715 973 1775 Mittel,
989 1715 1083 1775 seinen
1124 1714 1258 1774 Bruder

262 1775 290 1835 zu
318 1769 486 1829 befreyen,
514 1764 565 1824 zog
593 1762 696 1822 einige
720 1757 855 1817 Bauren
883 1757 915 1817 an
945 1755 1014 1815 sich,
1038 1757 1108 1817 grif
1127 1757 1159 1817 an
1178 1754 1266 1814 ihrer

265 1819 383 1879 Spitze
412 1815 473 1875 eine
496 1811 648 1871 Division
677 1807 801 1867 leichter
830 1805 976 1865 Truppen
1005 1805 1106 1865 dieses
1135 1805 1269 1865 Anfüh¬

265 1873 331 1933 rers
359 1870 408 1930 der
431 1864 585 1924 Rebellen
608 1861 668 1921 an,
690 1859 750 1919 und
779 1858 905 1918 brachte
933 1857 971 1917 sie
1000 1855 1027 1915 in
1066 1857 1110 1917 die
1138 1858 1270 1918 Flucht.

276 1925 357 1985 Man
390 1920 573 1980 versichert,
595 1913 654 1973 daß
682 1912 709 1972 er
731 1912 811 1972 viele
833 1909 1033 1969 Gefangene
1050 1909 1195 1969 gemacht
1218 1908 1271 1968 ha¬

262 1978 316 2038 be.
367 1972 483 2032 Sonst
500 1966 593 2026 hören
621 1965 699 2025 wir,
716 1965 770 2025 daß
799 1960 848 2020 die
865 1963 1020 2023 Rebellen
1048 1960 1120 2020 St.
1137 1960 1275 2020 Floren¬

261 2029 293 2089 zo
321 2025 391 2085 noch
418 2020 531 2080 immer
559 2019 586 2079 zu
614 2013 738 2073 Wasser
760 2014 819 2074 und
847 2011 879 2071 zu
901 2011 1004 2071 Lande
1026 2011 1258 2071 eingeschlossen

259 2073 383 2133 haben.
432 2067 486 2127 Es
508 2067 631 2127 kreuzen
670 2062 837 2122 beständig
870 2058 1145 2118 unterschiedliche
1172 2058 1264 2118 ihrer

263 2121 398 2181 Schiffe
414 2118 441 2178 in
468 2116 516 2176 der
544 2115 705 2175 Einfahrt
728 2111 775 2171 des
808 2109 1072 2169 Venetianischen
1105 2106 1272 2166 Meerbu¬

265 2172 352 2232 sens,
378 2171 414 2231 um
461 2165 497 2225 es
528 2163 554 2223 zu
590 2163 807 2223 verhindern,
834 2157 885 2217 daß
922 2158 983 2218 wir
1010 2157 1108 2217 diesem
1155 2155 1268 2215 Platze

263 2222 347 2282 nicht
364 2217 395 2277 zu
423 2213 528 2273 Hülfe
551 2211 693 2271 kommen
721 2205 853 2265 mögen,
875 2208 1003 2268 welcher
1019 2205 1103 2265 ihrer
1120 2204 1183 2264 doch
1211 2205 1268 2265 sehr

268 2263 495 2323 benöthigtist.
540 2255 589 2315 Es
612 2255 701 2315 gehen
729 2252 862 2312 daselbst
879 2255 957 2315 viele
979 2255 1196 2315 Krankheiten
1224 2252 1246 2312 im

271 2312 486 2372 Schwange;
509 2304 565 2364 das
594 2303 781 2363 Ausreissen
810 2303 889 2363 wird
912 2306 1025 2366 täglich
1054 2303 1189 2363 stärker,
1207 2302 1263 2362 und

261 2366 326 2426 man
354 2360 451 2420 leidet
474 2354 506 2414 an
534 2351 806 2411 Lebensmitteln,
824 2354 883 2414 und
900 2356 932 2416 am
965 2357 1046 2417 Holz
1063 2354 1117 2414 zum
1151 2351 1275 2411 Brodt=

264 2416 371 2476 backen
405 2405 568 2465 Mangel.

445 2448 810 2508 Civita=Vechia,
833 2449 883 2509 den
922 2453 983 2513 11.
1011 2455 1099 2515 Aug.

319 2509 387 2569 Die
411 2507 596 2567 Handlung
631 2497 665 2557 ist
695 2497 839 2557 hieselbst
869 2500 954 2560 durch
995 2503 1042 2563 die
1071 2497 1273 2557 ansehnliche

267 2563 465 2623 Schulden,
499 2557 527 2617 in
562 2548 691 2608 welcher
720 2545 764 2605 sich
805 2544 849 2604 die
878 2551 1025 2611 Staaten
1059 2549 1109 2609 des
1144 2548 1268 2608 Pabsts

268 2613 325 2673 und
360 2611 412 2671 des
441 2605 568 2665 Königs
603 2598 718 2658 beyder
742 2591 886 2651 Sicilien
922 2598 1013 2658 durch
1049 2599 1100 2659 den
1141 2598 1274 2658 Ankauf

269 2660 320 2720 des
354 2653 540 2713 Getreydes
569 2649 681 2709 gesetzt
704 2641 833 2701 haben,
868 2644 935 2704 sehr
958 2646 1172 2706 geschwächt,
1206 2646 1268 2706 und

270 2706 348 2766 wird
375 2706 459 2766 nicht
486 2700 557 2760 eher
584 2699 701 2759 wieder
734 2691 753 2751 in
793 2688 982 2748 Aufnahme
1009 2697 1184 2757 kommen,
1218 2696 1269 2756 als

271 2760 316 2820 bis
344 2757 410 2817 man
444 2752 470 2812 in
497 2750 663 2810 Neapolis
684 2745 710 2805 im
757 2739 890 2799 Stande
917 2740 976 2800 seyn
1004 2747 1103 2807 wird,
1124 2745 1170 2805 die
1191 2745 1276 2805 Lan=

269 2805 485 2865 desproducte
516 2799 546 2859 an
583 2796 799 2856 Auswärtige
830 2787 860 2847 zu
891 2794 1083 2854 überlaßen.
1138 2795 1271 2855 Bisher

266 2858 304 2918 ist
330 2855 484 2915 daselbst,
517 2850 548 2910 so
575 2849 639 2909 wie
672 2849 696 2909 im
748 2841 999 2901 Kirchenstaat,
1032 2847 1089 2907 alle
1123 2846 1269 2906 Ausfuhr

268 2906 445 2966 verboten.

1558 351 1744 411 Parma,
1773 354 1825 414 den
1861 352 1924 412 21.
1948 351 2041 411 Aug.

1337 395 1408 455 Die
1439 396 1468 456 in
1504 400 1605 460 dieser
1629 402 1742 462 Stadt
1779 403 2011 463 aufgerichtete
2042 395 2220 455 Akademie
2250 400 2297 460 der

1298 446 1422 506 schönen
1456 449 1574 509 Künste
1597 449 1653 509 hat
1676 452 1721 512 den
1756 455 1907 515 Capitain
1942 452 1992 512 von
2032 449 2082 509 dem
2123 446 2297 506 Regiment

1294 494 1350 554 von
1379 495 1537 555 Conflans
1560 500 1656 560 Hrn.
1673 503 1808 563 Cazier,
1832 503 1859 563 zu
1888 503 1972 563 ihrem
2013 497 2295 557 Ehrenmitgliede

1295 545 1566 605 aufgenommen.
1641 551 1760 611 Dieser
1789 554 1936 614 würdige
1970 551 2106 611 Officier
2130 548 2220 608 hatte
2249 545 2299 605 die

1295 592 1406 652 Ehre,
1429 595 1456 655 in
1496 595 1595 655 dieser
1624 601 1784 661 Qualität
1813 601 1918 661 unserm
1969 598 2291 658 Durchläuchtigsten

1295 643 1471 703 Herzoge,
1513 645 1566 705 dem
1614 652 1778 712 Infanten
1814 652 1890 712 Don
1926 652 2061 712 Philipp
2103 648 2297 708 vorgestellet

1297 693 1326 753 zu
1356 693 1509 753 werden.

1517 747 1772 807 Helsingör,
1797 749 1849 809 vom
1897 751 1939 811 4.
1963 748 2081 808 Sept.

1346 786 1412 846 Die
1434 792 1539 852 Flotte
1557 794 1584 854 zu
1618 798 1728 858 Reval
1745 798 1784 858 ist
1807 798 2050 858 aufgebrannt,
2073 797 2133 857 und
2167 795 2200 855 es
2234 796 2294 856 sind

1294 839 1377 899 viele
1411 843 1538 903 tausend
1572 846 1749 906 Menschen
1783 849 1983 909 jämmerlich
2017 849 2089 909 ums
2123 847 2216 907 Leben
2250 849 2305 909 ge¬

1297 888 1472 948 kommen.

1560 942 1742 1002 Algier,
1778 942 1834 1002 vom
1887 944 1921 1004 1.
1950 945 2041 1005 Aug.

1350 984 1424 1044 Vor
1445 988 1566 1048 einigen
1598 987 1709 1047 Tagen
1736 989 1841 1049 langte
1874 990 1915 1050 ein
1942 992 2153 1052 schwedisches
2190 992 2306 1052 Schiff

1302 1031 1366 1091 mit
1391 1034 1573 1094 Präsenten
1609 1034 1663 1094 des
1693 1034 1826 1094 Königs
1856 1034 1915 1094 von
1950 1038 2132 1098 Schweden
2168 1040 2217 1100 für
2247 1040 2301 1100 den

1303 1082 1398 1142 Dey,
1423 1082 1518 1142 dessen
1544 1080 1750 1140 Gemahlin,
1776 1082 1876 1142 Sohn
1907 1082 1967 1142 und
1998 1085 2193 1145 verschiedne
2229 1085 2309 1145 Mi¬

1303 1130 1398 1190 nister
1420 1130 1520 1190 alhier
1541 1129 1604 1189 an.
1653 1129 1758 1189 Diese
1791 1130 1954 1190 Präsente
1982 1131 2125 1191 bestehen
2152 1133 2177 1193 in
2205 1131 2241 1191 60
2268 1132 2305 1192 ei¬

1304 1178 1406 1238 sernen
1438 1181 1623 1241 Kanonen,
1650 1181 1866 1241 verschiednen
1897 1181 1979 1241 1000
2016 1183 2160 1243 Kugeln,
2192 1181 2305 1241 Lavet¬

1300 1228 1374 1288 ten,
1395 1230 1576 1290 spanischen
1603 1231 1745 1291 Reutern
1783 1231 1825 1291 rc.
1853 1233 1910 1293 und
1948 1233 2070 1293 einigen
2108 1231 2213 1291 Kisten
2251 1231 2314 1291 mit

1306 1279 1458 1339 Stoffen.
1510 1280 1588 1340 Der
1623 1281 1696 1341 Dey
1730 1282 1786 1342 gab
1821 1285 1951 1345 kürzlich
1985 1284 2036 1344 dem
2087 1285 2295 1345 Kaiserlichen

1306 1333 1432 1393 Consul
1455 1333 1515 1393 eine
1544 1333 1704 1393 Ohrfeige
1726 1335 1787 1395 und
1810 1336 1898 1396 jagte
1915 1333 1964 1393 ihn
2003 1335 2064 1395 aus
2098 1336 2147 1396 dem
2197 1336 2313 1396 Saal,

1299 1381 1376 1441 weil
1397 1381 1422 1441 er
1449 1381 1490 1441 ein
1521 1382 1635 1442 Schiff
1662 1384 1847 1444 reclamiret
1874 1384 2003 1444 welches
2040 1384 2096 1444 von
2133 1381 2298 1441 Neapolis

1303 1431 1509 1491 gekommen,
1534 1434 1625 1494 unter
1655 1434 1705 1494 dem
1751 1434 1947 1494 Vorwande
1978 1434 2008 1494 es
2044 1434 2129 1494 kâme
2170 1434 2224 1494 von
2260 1433 2310 1493 Li¬

1301 1482 1429 1542 vorno.

1523 1530 1777 1590 Warschau,
1806 1533 1855 1593 den
1894 1533 1955 1593 13.
1984 1530 2094 1590 Sept.

1352 1578 1460 1638 Heute
1482 1581 1585 1641 haben
1613 1580 1689 1640 Sr.
1711 1581 1814 1641 Maj.
1842 1581 2053 1641 Stanislaus
2081 1581 2244 1641 Augustus
2277 1576 2303 1636 in

1298 1625 1350 1685 der
1377 1627 1510 1687 hiesigen
1553 1625 1845 1685 Johanniskirche
1878 1628 2075 1688 währender
2112 1631 2224 1691 Messe
2262 1628 2309 1688 die

1302 1670 1405 1730 Pacta
1433 1673 1600 1733 Conventa
1627 1670 1849 1730 beschworen,
1881 1673 1944 1733 und
1971 1673 2152 1733 empfingen
2189 1676 2306 1736 darauf

1303 1713 1355 1773 von
1391 1712 1484 1772 denen
1515 1715 1670 1775 Ständen
1701 1715 1754 1775 das
1777 1715 1918 1775 Königl.
1931 1717 2113 1777 Diploma.
2157 1718 2232 1778 Der
2250 1720 2316 1780 Kö¬

1297 1757 1387 1817 nigl.
1403 1757 1559 1817 Hofstaat
1580 1757 1615 1817 ist
1636 1757 1691 1817 zum
1732 1759 1833 1819 Theil
1854 1760 1934 1820 schon
1960 1763 2117 1823 regulirt.
2158 1763 2203 1823 Es
2229 1766 2314 1826 wur¬

1305 1805 1358 1865 den
1385 1805 1395 1865 6
1427 1808 1697 1868 Kammerherren
1729 1811 1787 1871 und
1814 1811 1851 1871 12
1878 1812 2132 1872 Kammerpagen
2164 1817 2222 1877 von
2249 1817 2317 1877 lau=

1301 1858 1344 1918 ter
1366 1861 1566 1921 pohlnischen
1600 1862 1785 1922 Edelleuten
1812 1864 2073 1924 angenommen.
2117 1869 2193 1929 Der
2221 1870 2312 1930 Graf

1306 1912 1463 1972 Branicki
1490 1912 1549 1972 hat
1577 1913 1625 1973 die
1664 1915 2048 1975 Kronfeldherrncharge
2076 1918 2313 1978 niedergelegt,

1302 1961 1362 2021 und
1387 1964 1437 2024 sich
1468 1963 1523 2023 nur
1549 1966 1593 2026 die
1619 1966 1821 2026 Castellaney
1847 1966 1902 2026 von
1933 1969 2053 2029 Cracau
2084 1971 2310 2031 vorbehalten.

1616 2106 2004 2166 AVERTISSEMENT.

1358 2151 1405 2211 Es
1438 2154 1474 2214 ist
1502 2154 1549 2214 dem
1603 2154 1745 2214 Publico
1779 2158 1894 2218 bereits
1922 2160 1953 2220 zu
1980 2164 2320 2224 verschiedenenmah¬

1304 2205 1350 2265 len
1386 2205 1479 2265 durch
1510 2202 1561 2262 die
1588 2205 1969 2265 Intelligentz=Blätter
2000 2211 2139 2271 bekannt
2166 2214 2309 2274 gemacht

1308 2252 1472 2312 worden,
1504 2251 1562 2311 daß
1600 2252 1694 2312 unter
1727 2254 1854 2314 Seiner
1892 2258 2103 2318 Königlichen
2146 2261 2309 2321 Majestät

1308 2303 1578 2363 allergnädigsten
1611 2303 1827 2363 Approbation
1860 2303 1909 2363 zum
1953 2306 2066 2366 Besten
2093 2306 2147 2366 des
2169 2309 2315 2369 Herzog¬

1310 2356 1423 2416 thums
1451 2350 1548 2410 Cleve
1570 2348 1629 2408 und
1657 2351 1705 2411 der
1728 2354 1917 2414 Grafschaft
1934 2354 2047 2414 Marck
2070 2356 2139 2416 nach
2167 2359 2318 2419 bekannt¬

1318 2405 1492 2465 gemachten
1519 2396 1605 2456 Plan
1644 2401 1709 2461 eine
1737 2402 2073 2462 Geld=Negotiation
2101 2403 2127 2463 in
2155 2408 2236 2468 Form
2275 2411 2317 2471 ei¬

1318 2453 1367 2513 ner
1395 2449 1538 2509 Tontine
1561 2446 1594 2506 zu
1622 2449 1760 2509 Stande
1777 2454 1942 2514 gebracht.
1993 2452 2048 2512 Da
2076 2455 2136 2515 nun
2165 2458 2214 2518 zur
2242 2464 2313 2524 Zeit

1318 2503 1439 2563 wenige
1467 2496 1643 2556 Liebhaber
1666 2497 1710 2557 sich
1738 2503 1809 2563 dazu
1837 2501 2024 2561 gefunden;
2047 2501 2074 2561 so
2103 2508 2223 2568 werden
2252 2512 2312 2572 die¬

1313 2554 1415 2614 jenige
1443 2545 1595 2605 ersuchet,
1618 2547 1731 2607 welche
1753 2551 1801 2611 als
1824 2551 2014 2611 Collecteurs
2042 2552 2090 2612 bey
2118 2559 2210 2619 dieser
2232 2559 2318 2619 favo¬

1315 2602 1419 2662 rablen
1448 2596 1586 2656 Lotterie
1603 2596 1653 2656 sich
1681 2604 1869 2664 gebrauchen
1897 2602 1986 2662 lassen
2014 2604 2147 2664 wollen,
2181 2608 2230 2668 sich
2258 2608 2313 2668 auf

1320 2650 1367 2710 der
1394 2643 1691 2703 Königsbergschen
1723 2652 1866 2712 Kriegs=
1893 2652 1951 2712 und
1983 2658 2317 2718 Domainen=Kam=

1309 2700 1376 2760 mer
1402 2698 1453 2758 bey
1480 2697 1531 2757 dem
1578 2694 1681 2754 Herrn
1713 2703 1888 2763 Secretair
1904 2703 2059 2763 Gemnich
2091 2708 2121 2768 zu
2148 2708 2292 2768 melden.

1309 2811 1401 2871 Diese
1418 2805 1559 2865 Gelehrte
1576 2806 1630 2866 und
1658 2811 1821 2871 Politische
1838 2814 1963 2874 Zeitung
1991 2811 2061 2871 wird
2089 2811 2137 2871 des
2160 2811 2317 2871 Montags

1415 2849 1472 2909 und
1504 2851 1649 2911 Freytags
1670 2852 1690 2912 in
1717 2852 1763 2912 dem
1805 2855 1992 2915 Kanterschen
2029 2855 2205 2915 Buchladen

1699 2897 1917 2957 ausgegeben.
