2479 3508
450 335 645 395 Berlin,
670 330 723 390 den
759 330 794 390 4.
824 327 936 387 Sept.

231 392 305 452 Der
337 392 398 452 eine
424 386 541 446 Flügel
561 379 622 439 von
654 377 703 437 dem
747 377 927 437 prächtigen
966 377 1114 437 Schloß,
1127 373 1201 433 wel=

186 446 256 506 ches
283 444 372 504 Ihro
399 434 495 494 Maj.
516 430 560 490 der
580 425 689 485 König
715 425 740 485 in
767 428 922 488 Potsdam
961 428 1064 488 bauen
1090 425 1205 485 lassen,

189 495 230 555 ist
254 490 373 550 bereits
397 479 509 539 fertig,
528 476 586 536 und
611 476 681 536 man
706 476 800 536 siehet
819 478 931 538 darauf
950 476 1008 536 150
1038 475 1198 535 Statuen,

189 549 217 609 so
241 542 293 602 daß
323 532 409 592 mehr
433 527 484 587 als
508 524 596 584 2000
631 523 683 583 auf
707 525 758 585 dem
800 527 916 587 ganzen
946 527 1107 587 Gebäude
1126 521 1200 581 wer=

186 591 238 651 den
285 583 313 643 zu
343 580 441 640 stehen
471 575 639 635 kommen.
692 575 767 635 Se.
791 577 889 637 Maj.
907 578 1005 638 haben
1035 575 1197 635 befohlen,

184 636 240 696 daß
275 630 331 690 auf
366 625 416 685 der
446 622 577 682 Brücke
606 622 686 682 über
721 625 777 685 der
806 625 919 685 breiten
961 625 1097 685 Straße
1120 625 1193 685 drei

184 676 423 736 Schwiebogen
456 672 600 732 errichtet
627 670 749 730 werden
781 675 893 735 sollen,
915 676 973 736 von
1005 673 1132 733 welchen
1160 670 1202 730 je¬

183 727 240 787 der
267 724 325 784 mit
353 724 437 784 einer
475 721 607 781 Statue
645 722 825 782 geschlossen
863 724 984 784 werden
1017 724 1101 784 soll,
1144 723 1197 783 der

179 776 321 836 mittlere
350 772 412 832 soll
436 769 487 829 die
516 767 693 827 Bildsäule
728 771 778 831 des
813 772 1007 832 hochseligen
1048 774 1201 834 Königs,

177 825 230 885 der
252 822 305 882 zur
332 819 470 879 Rechten
492 816 539 876 des
561 819 816 879 Feldmarschall
827 822 954 882 Grafen
976 819 1029 879 von
1056 819 1194 879 Schwe=

183 873 260 933 rin,
282 870 342 930 und
376 867 425 927 der
459 867 514 927 zur
542 867 657 927 Linken
691 869 740 929 des
775 870 1111 930 Generallieutenant
1134 870 1188 930 von
1239 867 1293 927 des
1310 864 1470 924 Gesichts.
1521 867 1597 927 Der
1615 867 1780 927 Rückgrad
1808 867 1863 927 bog
1891 867 1940 927 sich
1969 867 2001 927 an
2030 867 2101 927 fünf
2123 867 2239 927 Orten,

181 921 388 981 Winterfeld
412 915 543 975 tragen.

353 969 653 1029 Niederelbe,
684 969 738 1029 vom
787 972 853 1032 24.
878 969 1022 1029 August.

231 1016 308 1076 Vor
339 1019 459 1079 einigen
490 1021 598 1081 Tagen
629 1021 682 1081 hat
714 1019 780 1079 eine
804 1021 942 1081 Tochter
974 1019 1057 1079 durch
1094 1019 1196 1079 Hülfe

178 1070 267 1130 ihres
296 1070 451 1130 Mannes
474 1071 564 1131 ihren
598 1070 698 1130 Vater
721 1070 748 1130 zu
777 1072 939 1132 erhängen
968 1070 1101 1130 gesucht,
1124 1070 1202 1130 weil

183 1118 215 1178 er
243 1121 291 1181 ihr
313 1123 400 1183 nicht
423 1121 444 1181 so
472 1121 536 1181 viel
553 1118 792 1178 Heyrathsgut
815 1121 902 1181 geben
935 1121 1071 1181 wollen,
1093 1120 1141 1180 als
1164 1118 1196 1178 sie

182 1172 352 1232 begehret.
400 1171 475 1231 Die
502 1167 698 1227 Nachbaren
736 1169 836 1229 haben
874 1169 927 1229 das
960 1169 1119 1229 Geschrey
1151 1168 1204 1228 ge¬

182 1217 280 1277 höret
305 1219 359 1279 und
391 1217 440 1277 die
472 1215 680 1275 Missethäter
706 1216 761 1276 zur
786 1219 1007 1279 gefänglichen
1039 1219 1124 1279 Haft
1149 1214 1198 1274 ge¬

186 1264 314 1324 bracht.

424 1306 630 1366 Harlem,
657 1305 717 1365 vom
764 1308 830 1368 26.
857 1309 950 1369 Aug.

230 1351 308 1411 Die
332 1348 399 1408 hier
423 1353 581 1413 errichtete
611 1354 769 1414 Societät
793 1354 838 1414 der
862 1354 1123 1414 Wissenschaften
1152 1354 1196 1414 er¬

177 1404 278 1464 klärte
305 1402 358 1462 den
386 1399 481 1459 21ten
509 1400 593 1460 May
616 1402 759 1462 folgende
781 1402 807 1462 zu
834 1402 920 1462 ihren
952 1402 1197 1462 Mitgliedern,

185 1452 295 1512 Herrn
322 1446 453 1506 George
480 1446 538 1506 von
571 1449 734 1509 Stengel,
761 1451 1030 1511 Geheimtenrath
1057 1449 1115 1509 und
1136 1448 1194 1508 Ca¬

178 1500 438 1560 binetssecretair
466 1496 515 1556 des
543 1497 755 1557 Churfürsten
783 1500 837 1560 von
864 1500 913 1560 der
935 1501 1049 1561 Pfalz,
1071 1499 1158 1559 Herr

183 1551 339 1611 Albrecht
362 1548 415 1608 von
448 1550 578 1610 Haller,
595 1551 643 1611 des
671 1551 789 1611 grossen
823 1551 931 1611 Raths
958 1550 985 1610 zu
1012 1550 1099 1610 Bern
1127 1548 1185 1608 und

185 1602 406 1662 Präsidenten
435 1602 479 1662 der
508 1602 649 1662 Königl.
667 1602 825 1662 Societät
848 1602 899 1662 der
922 1602 1182 1662 Wissenschaften

181 1656 215 1716 zu
239 1652 442 1712 Göttingen,
472 1652 576 1712 Herrn
600 1654 733 1714 Johann
757 1652 872 1712 David
891 1652 1088 1712 Michaelis,
1106 1652 1192 1712 Pro¬

182 1706 274 1766 fessor
300 1706 348 1766 der
374 1703 590 1763 Philosophie
616 1706 646 1766 zu
678 1706 882 1766 Göttingen,
907 1706 1012 1766 Herrn
1044 1706 1185 1766 Johann

176 1758 550 1818 Oosterdyck=Schacht,
575 1757 747 1817 Professor
765 1759 819 1819 der
843 1760 1193 1820 Arzeneygelahrtheit

182 1809 213 1869 zu
244 1805 388 1865 Utrecht,
410 1805 518 1865 Herrn
545 1805 591 1865 A.
607 1807 736 1867 Pelerin
768 1807 819 1867 D.
840 1808 902 1868 und
928 1808 1037 1868 Prof.
1053 1806 1104 1866 der
1130 1808 1192 1868 Ar¬

179 1849 370 1909 zeneykunst
391 1846 421 1906 zu
451 1849 643 1909 Mastricht,
669 1846 775 1906 Herrn
806 1846 942 1906 Johann
978 1846 1058 1906 Tack
1089 1849 1189 1909 Med.

179 1896 289 1956 Doct.
305 1894 335 1954 zu
371 1892 502 1952 Leiden,
528 1894 634 1954 Herrn
665 1891 821 1951 Samuel
847 1889 999 1949 Gottlieb
1035 1891 1191 1951 Gmelin,

171 1948 290 2008 Lehrer
314 1945 359 2005 der
388 1939 755 1999 Arzeneywissenschaft
779 1938 812 1998 zu
847 1937 1048 1997 Tübingen,
1071 1939 1179 1999 Herrn

180 1998 339 2058 Meßier,
362 1990 577 2050 Astronomen
601 1987 628 2047 zu
657 1990 782 2050 Paris,
811 1989 867 2049 und
891 1987 992 2047 Herrn
1015 1987 1190 2047 Blaßiere,

186 2046 457 2106 Mathematicum
502 2037 529 2097 zu
558 2037 674 2097 Haag.

435 2088 608 2148 Paris,
633 2088 687 2148 den
723 2088 788 2148 20.
813 2088 902 2148 Aug.

225 2141 296 2201 Die
327 2138 440 2198 Gräfin
470 2137 530 2197 von
560 2139 715 2199 Brionne
739 2139 799 2199 hat
811 2139 966 2199 Belieben
991 2139 1020 2199 an
1044 2135 1092 2195 der
1110 2135 1193 2195 Ein¬

184 2193 362 2253 pfropfung
392 2190 438 2250 der
464 2190 611 2250 Pocken,
636 2190 671 2250 da
695 2190 736 2250 sie
761 2190 878 2250 selbsten
909 2190 980 2250 sehr
998 2190 1075 2250 übel
1099 2187 1181 2247 durch

179 2245 231 2305 die
264 2241 459 2301 naturlichen
501 2238 692 2298 zugerichtet
719 2237 866 2297 worden.
920 2240 988 2300 Sie
1020 2237 1078 2297 hat
1100 2237 1189 2297 dero¬

180 2297 293 2357 halben
321 2292 407 2352 ihrem
451 2288 548 2348 Sohn
581 2288 635 2348 dem
679 2288 819 2348 Prinzen
858 2288 917 2348 von
950 2287 1101 2347 Lambesc
1124 2285 1183 2345 und

177 2345 272 2405 dessen
305 2342 416 2402 beyden
443 2339 586 2399 Kindern
619 2336 650 2396 zu
677 2336 868 2396 Vaugirard
900 2339 942 2399 die
970 2338 1091 2398 Pocken
1124 2336 1192 2396 ein:

177 2395 327 2455 pfropfen
359 2393 471 2453 lassen,
497 2390 559 2450 und
585 2387 635 2447 der
661 2387 773 2447 Erfolg
799 2391 899 2451 davon
925 2388 962 2448 ist
988 2387 1068 2447 recht
1088 2387 1188 2447 glück=

184 2443 236 2503 lich
268 2440 431 2500 gewesen.

202 2490 335 2550 Auszug
365 2488 452 2548 eines
488 2482 692 2542 Schreibens
722 2482 773 2542 des
797 2485 925 2545 Grafen
955 2482 1007 2542 von
1037 2482 1187 2542 Tressan,

233 2536 269 2596 an
300 2536 351 2596 den
393 2535 485 2595 Hrn.
506 2533 686 2593 Morand,
718 2536 898 2596 Secretair
929 2536 980 2596 der
1007 2530 1181 2590 Akademie

224 2587 274 2647 der
303 2584 482 2644 Chirurgie
505 2584 538 2644 zu
567 2581 690 2641 Paris,
719 2585 893 2645 betreffend
916 2587 971 2647 das
1006 2581 1179 2641 Absterben

227 2639 287 2699 und
311 2633 359 2693 die
383 2631 642 2691 Zergliederung
666 2629 756 2689 eines
781 2638 936 2698 Zwergs.

357 2682 462 2742 Mein
496 2679 602 2739 Herr,

232 2737 314 2797 Wir
334 2733 430 2793 haben
463 2729 514 2789 den
541 2726 656 2786 Bebe,
682 2727 733 2787 des
759 2732 893 2792 Königs
921 2734 977 2794 von
1017 2733 1119 2793 Polen
1158 2730 1183 2790 so

178 2791 373 2851 berühmten
406 2781 536 2841 Zwerg,
550 2778 713 2838 verloren,
740 2776 798 2836 und
824 2781 863 2841 ich
890 2784 974 2844 halte
994 2784 1104 2844 dafür,
1124 2780 1169 2840 daß

181 2843 232 2903 die
256 2841 482 2901 Erzählungen
511 2832 569 2892 von
592 2831 714 2891 einigen
738 2829 830 2889 seiner
848 2835 1010 2895 besondern
1039 2832 1172 2892 Beschaf

185 2894 366 2954 fenheiten,
388 2890 496 2950 Jhnen
526 2885 605 2945 nicht
628 2885 824 2945 gleichgültig
854 2888 918 2948 seyn
948 2891 1034 2951 solle.
1079 2888 1179 2948 Bebe

1233 324 1402 384 stammete
1437 324 1493 384 her
1533 321 1589 381 von
1630 326 1731 386 zween
1777 331 1929 391 gefunden
1964 330 2235 390 wohlgestalteten

1237 374 1506 434 Bauersleuten,
1544 372 1575 432 in
1612 372 1665 432 dem
1719 380 1877 440 Ländchen
1920 380 2067 440 Vogels.

2116 377 2240 437 Seine

1243 425 1375 485 Mutter
1398 422 1513 482 pflegte
1531 419 1580 479 ihn
1608 422 1796 482 sorgfältig,
1813 429 1890 489 weil
1907 428 1962 488 sein
1990 431 2105 491 kleiner
2128 428 2233 488 Mund

1233 473 1283 533 die
1305 473 1422 533 Warze
1445 473 1527 533 ihrer
1550 470 1655 530 Brust
1679 473 1762 533 nicht
1784 476 1873 536 wohl
1890 476 1978 536 fassen
2012 479 2123 539 konte.

2167 476 2232 536 Ein

1231 524 1399 584 hölzerner
1429 521 1545 581 Schuh
1574 518 1713 578 (Sabot)
1732 524 1847 584 dienete
1871 527 1923 587 ihm
1976 530 2069 590 lange
2093 527 2162 587 Zeit
2186 529 2237 589 zur

1235 572 1369 632 Wiege.
1419 572 1510 632 Sein
1538 569 1738 629 Wachsthum
1776 575 1868 635 gieng
1901 576 1971 636 nach
2009 576 2057 636 dem
2107 578 2236 638 Maaße

1238 622 1337 682 seiner
1365 622 1481 682 kleinen
1509 619 1641 679 Gestalt
1658 622 1763 682 richtig
1791 621 1868 681 fort,
1890 624 1940 684 bis
1968 622 2017 682 ins
2045 625 2116 685 12te
2139 628 2244 688 Jahr,

1233 670 1281 730 wo
1303 670 1352 730 die
1374 670 1493 730 Natur
1521 670 1640 730 schiene
1679 670 1738 730 alle
1760 673 1830 733 ihre
1864 672 1983 732 Kräfte
2016 673 2238 733 aufzubieten.

1233 721 1330 781 Allein
1364 718 1439 778 diese
1467 718 1565 778 Kraft
1588 718 1652 778 war
1675 721 1816 781 ungleich
1838 721 2078 781 ausgetheilet,
2100 721 2138 781 sie
2155 721 2236 781 trieb

1232 769 1266 829 an
1297 767 1418 827 einigen
1449 768 1544 828 Orten
1575 766 1666 826 mehr
1691 769 1737 829 als
1763 769 1798 829 an
1828 770 1964 830 andern.
2005 769 2086 829 Das
2111 769 2242 829 Nasen¬

1234 819 1301 879 bein
1327 816 1435 876 wurde
1462 816 1627 876 besonders
1664 818 1735 878 groß
1767 819 1865 879 gegen
1902 818 1948 878 die
1979 817 2092 877 andern
2124 818 2237 878 Beine

1228 918 1287 978 und
1315 917 1363 977 die
1386 915 1516 975 Rippen
1549 915 1604 975 auf
1626 915 1674 975 der
1702 916 1789 976 einen
1822 915 1920 975 Seite
1942 915 2078 975 wuchsen
2106 915 2241 975 grösser,

1227 967 1275 1027 als
1302 965 1349 1025 die
1372 965 1430 1025 auf
1446 966 1499 1026 der
1521 966 1665 1026 andern,
1682 966 1745 1026 wie
1767 969 1825 1029 wir
1858 969 1970 1029 solches
1997 967 2049 1027 bey
2087 966 2140 1026 der
2168 967 2242 1027 Zer¬

1230 1016 1419 1076 gliederung
1447 1016 1598 1076 gefunden
1626 1019 1751 1079 haben.
1816 1020 1913 1080 Bebe
1936 1019 1989 1079 hat
2017 1016 2071 1076 nie
2104 1016 2239 1076 andere,

1234 1067 1281 1127 als
1314 1067 1371 1127 nur
1399 1067 1462 1127 sehr
1494 1070 1642 1130 schwache
1675 1072 1738 1132 und
1765 1070 2046 1130 unvollkommene
2073 1067 2242 1127 Merkma¬

1229 1120 1255 1180 le
1277 1118 1335 1178 von
1362 1118 1526 1178 Verstand
1553 1118 1711 1178 gegeben.
1760 1118 1807 1178 Er
1839 1120 1929 1180 hatte
1961 1121 2019 1181 von
2052 1121 2099 1181 dem
2147 1118 2237 1178 höch¬

1232 1169 1293 1229 sten
1319 1166 1452 1226 Wesen,
1484 1166 1545 1226 von
1582 1166 1632 1226 der
1659 1166 1926 1226 Unsterblichkeit
1952 1168 2003 1228 der
2029 1166 2152 1226 Seele,
2173 1165 2229 1225 gar

1229 1219 1334 1279 keinen
1370 1213 1506 1273 Begrif.
1558 1213 1703 1273 Solches
1730 1210 1961 1270 veroffenbarte
1992 1210 2042 1270 sich
2074 1213 2229 1273 kenntlich

1224 1264 1317 1324 durch
1354 1261 1431 1321 seine
1457 1258 1669 1318 langwierige
1701 1261 1907 1321 Krankheit,
1934 1258 2047 1318 welche
2074 1258 2125 1318 ihn
2162 1260 2223 1320 aus

1227 1308 1329 1368 dieser
1356 1306 1557 1366 Zeitlichkeit
1578 1305 1721 1365 entrissen
1758 1306 1829 1366 hat.
1913 1304 1959 1364 Er
1985 1306 2077 1366 schien
2109 1306 2144 1366 an
2181 1308 2232 1368 der

1230 1351 1345 1411 Music
1369 1351 1451 1411 einen
1479 1351 1668 1411 Geschmack
1690 1355 1717 1415 zu
1746 1357 1873 1417 finden,
1907 1357 1967 1417 und
1996 1357 2094 1417 schlug
2118 1360 2239 1420 zuwei¬

1223 1399 1265 1459 len
1298 1402 1378 1462 ganz
1401 1399 1513 1459 richtig
1541 1402 1594 1462 den
1627 1401 1723 1461 Tact.

1447 1449 1520 1509 Der
1551 1448 1710 1508 Beschluß
1741 1452 1826 1512 folgt
1857 1453 2004 1513 künftig.

1465 1500 1679 1560 London,
1717 1500 1776 1560 vom
1824 1501 1888 1561 17.
1915 1506 2006 1566 Aug.

1276 1545 1323 1605 Es
1354 1545 1396 1605 ist
1421 1546 1462 1606 ein
1499 1548 1595 1608 neuer
1632 1551 1788 1611 Minister
1825 1550 1879 1610 von
1916 1552 2036 1612 Berlin
2061 1552 2150 1612 hier,
2175 1554 2223 1614 der

1223 1596 1339 1656 bereits
1367 1599 1545 1659 vorgestern
1579 1600 1656 1660 seine
1679 1601 1756 1661 erste
1779 1602 1923 1662 Audienz
1946 1603 1995 1663 bey
2023 1603 2079 1663 dem
2118 1602 2223 1662 König

1224 1649 1281 1709 und
1311 1649 1421 1709 gestern
1457 1650 1503 1710 bey
1533 1649 1584 1709 der
1608 1652 1748 1712 Königin
1778 1655 1911 1715 gehabt.
1970 1655 2063 1715 Herr
2093 1655 2237 1715 Mitchel

1232 1702 1300 1762 aber
1330 1703 1433 1763 macht
1451 1703 1497 1763 sich
1527 1704 1619 1764 fertig
1648 1705 1723 1765 seine
1747 1709 1920 1769 Rückreise
1944 1706 2013 1766 nach
2043 1706 2157 1766 Berlin
2181 1706 2233 1766 an¬

1230 1757 1401 1817 zutreten.

1436 1757 1505 1817 Die
1529 1757 1704 1817 Indianer
1728 1760 1844 1820 fangen
1874 1760 1908 1820 an
1938 1760 2013 1820 ihre
2037 1760 2166 1820 Kugeln
2195 1760 2224 1820 zu

1456 1803 1528 1863 Die
1551 1808 1739 1868 Engländer
1768 1809 1840 1869 aber
1868 1810 1929 1870 sind
1952 1811 2147 1871 entschlossen
2181 1811 2224 1871 sich

1229 1806 1415 1866 vergiften.

1228 1846 1290 1906 mit
1314 1849 1550 1909 Spürhunden
1589 1852 1617 1912 zu
1651 1852 1819 1912 versehen,
1844 1855 1882 1915 um
1930 1855 1973 1915 die
2003 1858 2180 1918 Indianer
2205 1858 2228 1918 in

1228 1889 1282 1949 den
1307 1892 1493 1952 Gebüschen
1523 1894 1586 1954 und
1616 1897 1768 1957 Wäldern
1793 1897 1979 1957 vermittelst
1994 1900 2146 1960 derselben
2166 1904 2224 1964 auf

1222 1936 1387 1996 zufinden.
1440 1937 1517 1997 Wir
1538 1942 1755 2002 vernehmen,
1781 1944 1838 2004 daß
1864 1943 1905 2003 ein
1932 1945 2066 2005 einziger
2092 1948 2175 2008 Herr
2191 1950 2221 2010 zu

1228 1984 1281 2044 der
1309 1984 1438 2044 Leitung
1471 1986 1525 2046 des
1558 1988 1682 2048 Flusses
1715 1990 1817 2050 Colne
1845 1990 1904 2050 von
1948 1993 2109 2053 Uxbridge
2153 1996 2223 2056 nach

1222 2031 1375 2091 London,
1402 2032 1544 2092 wodurch
1571 2034 1618 2094 die
1639 2037 1808 2097 westlichen
1841 2037 1956 2097 Theile
1978 2037 2072 2097 dieser
2099 2040 2220 2100 grossen

1223 2082 1336 2142 Stadt
1358 2082 1493 2142 gnugsam
1537 2083 1596 2143 mit
1618 2085 1758 2145 Wasser,
1791 2085 1899 2145 woran
1932 2088 1975 2148 sie
1997 2091 2219 2151 gegenwärtig

1219 2133 1309 2193 einen
1336 2131 1447 2191 großen
1485 2134 1638 2194 Mangel
1660 2136 1782 2196 leiden,
1810 2139 1931 2199 werden
1969 2139 2112 2199 versehen
2150 2143 2229 2203 wer¬

1221 2182 1296 2242 den,
1331 2181 1452 2241 bereits
1493 2184 1603 2244 10000
1644 2189 1719 2249 Pf.
1748 2189 1870 2249 Sterl.
1893 2190 2101 2250 subscribiret
2125 2193 2223 2253 habe.

1223 2233 1339 2293 Dieses
1367 2230 1500 2290 Project
1529 2232 1622 2292 wird,
1651 2240 1739 2300 wenn
1779 2237 1812 2297 es
1834 2239 1889 2299 zur
1923 2243 2145 2303 Ausführung
2174 2246 2223 2306 ge¬

1228 2281 1335 2341 bracht
1358 2278 1408 2338 ist,
1432 2281 1482 2341 der
1506 2288 1685 2348 Handlung
1709 2288 1805 2348 dieser
1828 2291 1963 2351 Theile,
1987 2291 2076 2351 indem
2122 2294 2228 2354 besag¬

1215 2333 1267 2393 ter
1297 2331 1372 2391 Fluß
1407 2328 1453 2388 bis
1489 2338 1663 2398 Marybon
1699 2342 1757 2402 für
1787 2342 1943 2402 Barquen
1986 2346 2130 2406 schiffbar
2154 2346 2218 2406 seyn

1225 2383 1321 2443 wird,
1349 2381 1435 2441 einen
1462 2384 1576 2444 großen
1609 2393 1733 2453 Nutzen
1771 2393 1895 2453 zuwege
1928 2393 2085 2453 bringen.
2145 2393 2220 2453 Der

1226 2432 1403 2492 schleunige
1423 2432 1551 2492 Anfang
1588 2440 1686 2500 dieses
1718 2443 1834 2503 Werks
1872 2442 1976 2502 dürfte
2001 2441 2056 2501 für
2087 2441 2142 2501 das
2173 2441 2228 2501 ge¬

1225 2479 1331 2539 meine
1357 2476 1469 2536 Wesen
1501 2484 1576 2544 noch
1608 2491 1670 2551 mit
1696 2494 1808 2554 andern
1846 2488 2034 2548 Vortheilen
2072 2489 2222 2549 begleitet

1218 2530 1314 2590 seyn,
1354 2528 1416 2588 und
1445 2530 1496 2590 zur
1525 2539 1723 2599 Verhütung
1763 2542 1819 2602 der
1843 2536 2047 2596 unendlichen
2093 2539 2228 2599 Räube¬

1216 2578 1308 2638 reyen
1339 2578 1469 2638 dienen,
1494 2584 1543 2644 die
1569 2587 1618 2647 sich
1649 2593 1767 2653 täglich
1798 2586 2008 2646 vermehren.
2058 2590 2225 2650 Hängen,

1219 2627 1458 2687 transportiren
1490 2635 1549 2695 und
1581 2641 1798 2701 auspeitschen
1831 2635 1910 2695 wird
1943 2635 2000 2695 von
2038 2638 2091 2698 dem
2139 2639 2229 2699 hiesi¬

1215 2679 1271 2739 gen
1305 2676 1395 2736 rohen
1430 2681 1531 2741 Volke
1555 2690 1611 2750 fast
1634 2688 1690 2748 gar
1708 2685 1809 2745 nichts
1832 2682 1985 2742 geachtet.
2031 2685 2144 2745 Wenn
2173 2687 2223 2747 da¬

1220 2727 1270 2787 her
1294 2727 1350 2787 alle
1379 2735 1658 2795 Straßenrauber
1681 2736 1738 2796 und
1761 2733 1869 2793 Diebe
1898 2733 2103 2793 inskünftige
2132 2736 2228 2796 paar¬

1215 2778 1306 2838 weise
1329 2789 1725 2849 zusammengeschlossen,
1753 2782 1812 2842 und
1840 2783 1889 2843 zum
1933 2781 2063 2841 Graben
2096 2784 2226 2844 gedach=

1220 2830 1264 2890 ten
1292 2832 1412 2892 Flußes
1435 2836 1495 2896 und
1524 2840 1550 2900 zu
1584 2837 1699 2897 andern
1733 2833 1926 2893 öffentlichen
1954 2829 2086 2889 Werken
2125 2834 2202 2894 durd

1218 2885 1263 2945 die
1290 2885 1394 2945 ganze
1421 2892 1546 2952 Nation
1579 2890 1781 2950 employret,
1815 2887 1860 2947 die
1887 2885 2070 2945 weiblichen
2104 2885 2227 2945 Misse=

2109 2939 2219 2999 thäter
