2479 3508
529 1204 666 1264 64tes
712 1204 880 1264 Stück.
935 1201 1171 1261 Montag,
1203 1196 1270 1256 den
1317 1196 1401 1256 10.
1432 1196 1692 1256 September
1723 1201 1867 1261 1764.

574 1276 780 1336 Leipzig.

187 1372 390 1432 "von
421 1375 471 1435 dem
513 1374 711 1434 Uebersetzer
732 1372 782 1432 der
808 1369 925 1429 Briefe
951 1366 1002 1426 der
1033 1363 1185 1423 Cates¬

157 1417 252 1477 „by,
275 1427 336 1487 aus
376 1422 426 1482 dem
483 1422 764 1482 Engländischen.
799 1416 923 1476 1764,
951 1415 979 1475 in
1013 1413 1103 1473 8vo,
1132 1410 1165 1470 10

170 1474 354 1534 „Bogen."
415 1473 490 1533 Der
513 1472 708 1532 Uebersetzer
736 1465 883 1525 erwischt
905 1466 953 1526 die
981 1461 1057 1521 gute
1085 1458 1182 1518 Gele¬

170 1530 325 1590 genheit,
348 1524 381 1584 es
404 1525 564 1585 beyläufig
593 1523 620 1583 zu
654 1520 831 1580 erinnern,
854 1515 909 1575 daß
938 1515 965 1575 er
988 1512 1060 1572 auch
1088 1509 1165 1569 schon

162 1581 289 1641 einmal
317 1578 353 1638 an
392 1578 477 1638 einer
505 1577 622 1637 andern
654 1567 885 1627 Uebersetzung
917 1563 1099 1623 gearbeitet
1127 1559 1179 1619 ha¬

162 1631 228 1691 be;
251 1631 384 1691 welches
407 1627 468 1687 uns
497 1626 569 1686 denn
603 1623 664 1683 sehr
687 1622 748 1682 lieb
771 1619 804 1679 zu
832 1615 1022 1675 vernehmen
1050 1608 1105 1668 ist.

176 1686 251 1746 Das
280 1682 384 1742 Stück
408 1682 494 1742 selbst
513 1679 553 1739 ist
577 1676 785 1736 vollkommen
826 1670 850 1730 im
897 1667 1064 1727 englischen
1106 1659 1169 1719 Ton

171 1739 327 1799 verfaßt,
351 1736 414 1796 und
438 1734 461 1794 so
491 1734 601 1794 schön,
631 1729 683 1789 daß
718 1726 747 1786 es
782 1727 845 1787 uns
876 1724 951 1784 nach
986 1718 1183 1778 Richard¬

169 1787 263 1847 sons
291 1781 423 1841 Werken
455 1781 507 1841 von
539 1779 634 1839 dieser
661 1778 719 1838 Art
746 1776 793 1836 die
815 1775 894 1835 erste
916 1774 1026 1834 Stelle
1054 1770 1085 1830 zu
1117 1765 1185 1825 ver¬

167 1829 278 1889 dienen
312 1828 437 1888 scheint.
489 1822 558 1882 Die
582 1821 805 1881 aufgeführten
834 1817 996 1877 Personen
1034 1817 1169 1877 handeln

163 1879 220 1939 alle
245 1876 307 1936 mit
336 1872 422 1932 einer
452 1868 596 1928 gewissen
625 1861 775 1921 Würde,
799 1858 914 1918 denken
949 1858 1011 1918 mit
1031 1855 1160 1915 Richtig

169 1928 253 1988 keit,
284 1924 344 1984 und
380 1918 580 1978 unterhalten
621 1910 692 1970 ihre
722 1906 918 1966 Charaktere
954 1900 1164 1960 vollkommen

159 1978 268 2038 wohl.
328 1971 420 2031 Aber
448 1966 496 2026 die
524 1958 709 2018 Geschichte
737 1954 889 2014 gewinnt
917 1951 959 2011 ein
993 1948 1166 2008 tragisches

165 2028 275 2088 Ende.
321 2020 398 2080 Die
416 2016 531 2076 Heldin
560 2011 749 2071 derselben,
771 2005 887 2065 sammt
916 2001 999 2061 ihrem
1044 1996 1177 2056 Liebha¬

166 2077 244 2137 ber,
268 2071 318 2131 die
348 2067 398 2127 der
428 2065 535 2125 Autor
564 2061 620 2121 von
655 2058 723 2118 sehr
753 2052 1003 2112 vortheilhaften
1043 2046 1162 2106 Seiten

163 2124 313 2184 gezeigt,
338 2121 398 2181 und
429 2116 452 2176 in
483 2116 549 2176 sehr
575 2112 719 2172 günstige
744 2103 913 2163 Umstände
944 2100 1052 2160 gesetzt
1071 2097 1173 2157 hatte,

157 2175 240 2235 wird
275 2172 380 2232 zuletzt
409 2168 520 2228 mitten
554 2165 648 2225 unter
677 2160 766 2220 ihrer
794 2155 972 2215 blühenden
1007 2148 1162 2208 Hofnung

163 2227 253 2287 durch
276 2224 321 2284 den
350 2222 413 2282 Tod
436 2218 624 2278 hingeraft;
653 2211 698 2271 ein
722 2206 869 2266 Vorfall,
881 2205 932 2265 der
950 2202 1012 2262 sehr
1030 2199 1154 2259 geschick

167 2279 222 2339 ist,
234 2277 277 2337 des
300 2273 399 2333 Lesers
416 2270 499 2330 Herz
516 2267 543 2327 zu
566 2258 770 2318 erschuͤttern,
787 2258 842 2318 und
865 2256 908 2316 ihn
931 2254 986 2314 auf
1003 2249 1163 2309 lehrreiche

175 2324 434 2384 Betrachtungen
473 2318 526 2378 von
559 2312 613 2372 der
635 2307 787 2367 Eitelkeit
809 2305 1030 2365 menschlicher
1053 2298 1171 2358 Dinge

165 2383 191 2443 zu
219 2375 360 2435 führen.
410 2370 501 2430 Doch
524 2364 561 2424 um
600 2358 670 2418 noch
698 2357 746 2417 den
774 2357 860 2417 Leser
894 2354 936 2414 ein
970 2350 1072 2410 wenig
1106 2345 1170 2405 mit

168 2426 218 2486 der
241 2420 485 2480 Sterblichkeit
503 2408 752 2468 auszusöhnen,
781 2407 837 2467 hat
856 2404 985 2464 zugleich
1015 2399 1065 2459 der
1088 2396 1173 2456 Ver¬

165 2471 253 2531 fasser
282 2472 348 2532 eine
366 2460 655 2520 Nebengeschichte
678 2455 917 2515 eingeschaltet,
929 2452 962 2512 da
985 2447 1051 2507 eine
1074 2446 1168 2506 junge

167 2520 328 2580 Wittwe,
351 2518 437 2578 deren
470 2509 616 2569 muntere
633 2503 751 2563 Briefe
773 2506 838 2566 sehr
866 2503 919 2563 gut
942 2495 1087 2555 zwischen
1120 2494 1168 2554 die

168 2569 365 2629 ernsthaften
391 2563 506 2623 gestellt
526 2557 614 2617 sind,
634 2554 704 2614 nach
730 2557 908 2617 gehobenen
935 2545 1164 2605 Hindernissen
1209 2542 1285 2602 wird
1312 2539 1362 2599 die
1382 2545 1592 2605 Verzehrung
1619 2551 1682 2611 und
1714 2551 1765 2611 der
1791 2546 1918 2606 Abgang
1951 2549 2103 2609 derselben
2143 2556 2212 2616 dar¬

173 2622 234 2682 und
259 2614 584 2674 Bedenklichkeiten,
609 2602 694 2662 ihrem
732 2605 848 2665 Freyer
873 2602 921 2662 die
941 2597 1039 2657 Hand
1064 2594 1174 2654 reicht.
1211 2592 1266 2652 aus
1297 2590 1370 2650 noch
1408 2599 1641 2659 begreiflicher.
1697 2599 1794 2659 Denn
1832 2596 1966 2656 dadurch
1998 2599 2120 2659 werden
2157 2604 2206 2664 der

170 2671 278 2731 Kostet
298 2666 322 2726 in
355 2664 399 2724 der
426 2656 630 2716 Kanterschen
663 2652 925 2712 Buchhandlung
952 2646 1085 2706 allhier,
1105 2643 1168 2703 wie
1208 2641 1406 2701 männlichen
1439 2648 1592 2708 Stärke,
1625 2648 1688 2708 und
1715 2643 1759 2703 der
1785 2645 2041 2705 Fortpflanzung
2067 2649 2118 2709 der
2144 2651 2214 2711 Ge¬

171 2727 246 2787 auch
275 2721 295 2781 in
316 2715 433 2775 Elbing
461 2709 515 2769 und
552 2704 661 2764 Mitau
690 2701 696 2761 1
724 2703 758 2763 fl.
773 2704 806 2764 12
828 2706 882 2766 gr.

526 2750 815 2810 Amsterdam.

219 2817 363 2877 »Lettres
387 2812 415 2872 de
439 2807 694 2867 Mademoiselle
718 2799 752 2859 de
776 2799 863 2859 Jussy
887 2800 897 2860 à
921 2796 1170 2856 Mademoiselle

176 2869 338 2929 "de**.
357 2864 472 2924 1762,
497 2864 520 2924 in
551 2858 636 2918 8vo,
661 2855 726 2915 243
758 2852 915 2912 Seiten."
976 2852 1023 2912 Es
1061 2849 1096 2909 ist
1127 2845 1169 2905 ein

1212 1267 1450 1327 Briefwechsel
1468 1266 1609 1326 zwischen
1638 1267 1706 1327 zwo
1730 1270 2043 1330 Frauenzimmern,
2072 1275 2128 1335 der
2151 1276 2219 1336 sehr

201 1324 319 1384 Die
339 1327 519 1387 Geschichte
532 1327 582 1387 der
607 1327 707 1387 Lady
733 1326 863 1386 Julie
890 1316 1183 1376 Mandeville,
1215 1312 1345 1372 lebhaft
1365 1315 1420 1375 und
1446 1312 1671 1372 unterhaltend
1697 1316 1940 1376 ausgearbeitet
1960 1320 2015 1380 ist.
2047 1319 2115 1379 Die
2141 1322 2222 1382 Cor¬

1205 1360 1498 1420 respondentinnen
1534 1363 1635 1423 zeigen
1671 1363 1772 1423 vielen
1803 1363 1990 1423 Verstand,
2016 1369 2102 1429 einen
2133 1373 2223 1433 wohl

1211 1405 1449 1465 ausgebildeten
1488 1408 1607 1468 Witz,
1640 1410 1796 1470 zuweilen
1835 1415 2030 1475 schalkhafte
2058 1419 2220 1479 Einfälle,

1198 1455 1259 1515 und
1287 1455 1337 1515 bey
1372 1458 1422 1518 dem
1462 1458 1540 1518 allen
1569 1458 1607 1518 ein
1636 1459 1725 1519 gutes
1754 1461 1854 1521 Herz.
1923 1461 2045 1521 Selbst
2063 1464 2091 1524 in
2119 1470 2208 1530 ihren

1212 1505 1373 1565 Scherzen
1404 1506 1536 1566 herrscht
1560 1509 1630 1569 eine
1654 1509 1874 1569 Mäßigung,
1898 1512 1943 1572 ein
1973 1513 2118 1573 gesetztes
2142 1519 2222 1579 We¬

1207 1555 1284 1615 sen,
1318 1555 1373 1615 das
1407 1557 1462 1617 bey
1496 1554 1662 1614 Personen
1702 1557 1757 1617 von
1791 1560 1885 1620 guter
1914 1563 2103 1623 Erziehung
2137 1569 2219 1629 nicht

1210 1605 1352 1665 vermißt
1374 1608 1496 1668 werden
1523 1608 1618 1668 darf;
1656 1608 1713 1668 und
1746 1610 1814 1670 ihre
1847 1610 1989 1670 lachende
2022 1616 2143 1676 Miene
2170 1620 2223 1680 be¬

1213 1658 1345 1718 hauptet
1368 1661 1450 1721 einen
1478 1658 1622 1718 gewissen
1650 1661 1810 1721 Anstand,
1827 1661 1876 1721 der
1905 1663 1954 1723 sich
1983 1664 2054 1724 weit
2077 1667 2131 1727 von
2165 1671 2209 1731 der

1212 1712 1478 1772 Ausschweifung
1514 1712 1692 1772 entfernt,
1728 1714 1774 1774 die
1805 1714 1887 1774 sonst
1918 1714 1947 1774 in
1989 1721 2207 1781 französischen

1213 1766 1384 1826 Schriften
1414 1766 1514 1826 dieser
1532 1766 1686 1826 Gattung
1722 1768 1804 1828 nicht
1834 1767 1923 1827 selten
1953 1771 2005 1831 ist.
2053 1775 2130 1835 Die
2154 1775 2224 1835 An¬

1210 1816 1468 1876 nehmlichkeiten
1510 1814 1567 1874 der
1599 1817 1831 1877 Freundschaft
1873 1819 1997 1879 werden
2039 1820 2065 1880 in
2107 1824 2205 1884 diesen

1214 1855 1347 1915 Briefen
1377 1857 1430 1917 auf
1455 1858 1617 1918 rührende
1643 1861 1701 1921 Art
1722 1862 1933 1922 geschildert;
1968 1867 2026 1927 und
2057 1873 2101 1933 die
2126 1876 2218 1936 Fein¬

1210 1897 1278 1957 heit
1300 1898 1352 1958 des
1384 1900 1537 1960 Gefühls
1570 1903 1644 1963 wird
1681 1906 1707 1966 so
1739 1907 1813 1967 hoch
1845 1909 2041 1969 getrieben,
2073 1917 2130 1977 daß
2168 1920 2215 1980 die

1203 1943 1453 2003 Hauptperson,
1470 1946 1541 2006 bloß
1563 1948 1644 2008 ihrer
1661 1948 1825 2008 Freundin
1852 1954 1879 2014 zu
1907 1955 2075 2015 Gefallen,
2087 1963 2136 2023 sich
2158 1968 2223 2028 hel¬

1200 1993 1389 2053 denmüthig
1423 1993 1628 2053 entschließt,
1657 1996 1740 2056 einen
1774 1999 2024 2059 vortheilhaften
2064 2009 2208 2069 Antrag,

1206 2041 1265 2101 und
1295 2040 1549 2100 schmachtenden
1585 2041 1786 2101 Liebhaber,
1822 2045 1875 2105 bey
1911 2046 2047 2106 völliger
2077 2057 2212 2117 Gegen¬

1200 2091 1307 2151 liebe,
1330 2090 1392 2150 von
1427 2088 1471 2148 sich
1500 2091 1528 2151 zu
1562 2091 1697 2151 weisen.
1744 2091 1822 2151 Wir
1851 2096 1986 2156 glauben
2027 2101 2122 2161 doch,
2151 2109 2201 2169 daß

1202 2142 1268 2202 hier
1302 2139 1352 2199 die
1380 2139 1614 2199 Freundschaft
1648 2142 1692 2202 ein
1726 2143 1832 2203 wenig
1860 2145 1893 2205 zu
1922 2148 1999 2208 weit
2022 2151 2138 2211 gieng.

1203 2190 1274 2250 Von
1308 2187 1357 2247 der
1375 2187 1601 2247 Uebersetzung
1636 2194 1724 2254 reden
1757 2195 1818 2255 wir
1847 2199 2035 2259 nächstens.
2085 2205 2200 2265 Kosten

1201 2240 1224 2300 in
1255 2237 1487 2297 vorbemeldten
1518 2243 1720 2303 Kanterschen
1745 2249 2055 2309 Buchhandlungen
2091 2255 2102 2315 1
2127 2260 2162 2320 fl.

1311 2384 1472 2444 Beschluß
1502 2391 1553 2451 des
1578 2396 1647 2456 letzt
1665 2399 1902 2459 abgebrochnen
1932 2403 2093 2463 Artickels.

1252 2437 1355 2497 Wenn
1383 2441 1546 2501 außerdem
1596 2451 1623 2511 in
1662 2450 1786 2510 gewisse
1809 2454 1967 2514 Familien
2006 2455 2054 2515 der
2088 2457 2213 2517 Luxus,

1198 2494 1248 2554 der
1276 2488 1437 2548 Aufwand
1471 2495 1538 2555 und
1572 2499 1616 2559 die
1650 2503 1794 2563 Wollust
1823 2500 1867 2560 sich
1901 2500 2146 2560 einschleichen:
2174 2508 2201 2568 so

1209 2689 1365 2749 schlechter
1390 2691 1438 2751 die
1456 2698 1589 2758 größten
1614 2694 1826 2754 Hindernisse
1844 2694 2013 2754 zugefügt.
2074 2700 2129 2760 Es
2153 2701 2219 2761 ent¬

1208 2742 1306 2802 stehen
1340 2747 1610 2807 Erbkrankheiten
1644 2742 1787 2802 daraus,
1820 2741 1869 2801 die
1898 2744 1958 2804 alle
1981 2748 2107 2808 Zweige
2141 2749 2212 2809 ver¬

1202 2791 1345 2851 derben.
1404 2793 1461 2853 So
1499 2799 1557 2859 wie
1590 2795 1642 2855 für
1680 2792 1758 2852 einen
1801 2791 1918 2851 Staat
1945 2796 2135 2856 überhaupt
2162 2799 2209 2859 die

1206 2844 1347 2904 Wollust
1374 2845 1444 2905 eine
1471 2851 1691 2911 entkräftende
1711 2842 1846 2902 Seuche
1872 2847 1931 2907 ist:
1964 2844 1995 2904 so
2022 2847 2144 2907 pflanzt
2164 2848 2208 2908 sich

2128 2896 2217 2956 auch
