2479 3508
203 366 345 426 andrer,
374 366 533 426 Neigung
562 367 613 427 zur
636 366 876 426 Geselligkeit,
899 369 1058 429 Neigung
1088 369 1138 429 für
1162 368 1218 428 das

204 416 307 476 andre
340 416 558 476 Geschlecht,
595 416 668 476 eine
710 418 861 478 geheime
892 419 1122 479 Empfindung
1174 415 1226 475 des

214 464 462 524 Wohlbefinden
490 464 600 524 unsers
628 467 805 527 Körpers,
833 467 888 527 der
922 467 971 527 sich
1005 467 1037 527 zu
1071 465 1220 525 häufiger

209 514 409 574 Bewegung
441 515 557 575 tüchtig
589 515 758 575 befindet,
796 518 980 578 idealisches
1017 515 1217 575 Vergnügen

207 563 237 623 an
279 563 330 623 dem
377 563 579 623 äußerlichen
616 566 766 626 Anblicke
798 566 854 626 der
875 566 1035 626 Kleider,
1067 566 1232 626 Stellun¬

204 613 296 673 gen,
318 613 555 673 Regierungen
583 613 637 673 des
664 616 869 676 Tanzsaals,
897 618 934 678 u.
951 616 978 676 s.
1000 615 1043 675 w.
1081 615 1129 675 die
1157 613 1227 673 In¬

210 661 412 721 gredienzien
442 662 658 722 ausmachen.

260 710 492 770 Zweytens
529 712 682 772 verschaft
709 712 761 772 der
783 711 877 771 Tanz
904 712 956 772 den
994 712 1135 772 Nutzen,
1162 711 1220 771 daß

209 763 240 823 er
267 760 319 820 den
346 760 569 820 menschlichen
601 760 728 820 Körper
749 760 817 820 sehr
844 761 870 821 zu
908 763 1008 823 seinem
1051 760 1230 820 Vortheile

209 810 315 870 zeigt,
342 810 400 870 und
438 810 463 870 zu
501 810 554 870 der
586 809 718 869 Stärke
751 810 814 870 und
846 813 1149 873 Geschmeidigkeit
1176 807 1228 867 der

213 858 353 918 Glieder
381 858 440 918 das
473 860 591 920 seinige
619 860 787 920 beyträgt.
858 861 917 921 Ein
955 861 1101 921 gewisses
1134 858 1231 918 Edle,

212 909 363 969 Zierliche
389 906 449 966 und
475 909 733 969 Ungezwungne
764 909 789 969 in
825 909 880 969 dem
921 911 1042 971 Gange
1073 911 1133 971 und
1169 905 1224 965 den

213 955 389 1015 Gebärden
420 957 459 1017 ist
480 957 525 1017 die
551 957 667 1017 Frucht
687 957 813 1017 davon,
834 959 884 1019 die
904 959 965 1019 uns
996 960 1065 1020 auch
1091 957 1222 1017 alsdenn

212 1003 294 1063 nicht
321 1004 470 1064 verläßt,
497 1001 584 1061 wenn
616 1001 672 1061 wir
699 1004 750 1064 das
782 1004 911 1064 Tanzen
943 1004 1030 1064 selbst
1051 1004 1232 1064 eingestellt

213 1052 336 1112 haben.
389 1049 481 1109 Dies
513 1051 548 1111 ist
580 1049 631 1109 der
657 1049 884 1109 vorzüglichste
916 1052 1065 1112 Grund;
1091 1054 1225 1114 welcher

211 1100 429 1160 vernünftige
456 1097 583 1157 Aeltern
615 1100 759 1160 bewegt,
786 1100 870 1160 ihren
903 1103 1051 1163 Kindern
1079 1103 1104 1163 in
1137 1103 1232 1163 dieser

223 1151 329 1211 Kunst
351 1151 541 1211 Unterricht
562 1148 588 1208 zu
621 1148 827 1208 verschaffen.

270 1199 313 1259 Es
341 1198 443 1258 findet
460 1198 508 1258 sich
536 1198 612 1258 aber
634 1200 705 1260 noch
738 1198 780 1258 ein
808 1198 965 1258 dritter
988 1198 1150 1258 Vortheil
1167 1196 1226 1256 von

219 1249 305 1309 nicht
327 1251 489 1311 minderer
511 1250 744 1310 Wichtigkeit;
772 1249 820 1309 die
842 1249 1058 1309 Bewegung.

1135 1249 1220 1309 Man

219 1300 326 1360 weiß,
355 1300 411 1360 wie
434 1300 502 1360 sehr
525 1300 553 1360 es
593 1300 683 1360 unser
706 1300 835 1360 Körper
864 1300 1005 1360 bedarf,
1040 1300 1130 1360 durch
1164 1297 1231 1357 Be¬

218 1348 348 1408 wegung
385 1351 415 1411 in
446 1351 607 1411 gesundem
654 1351 795 1411 Stande
831 1351 973 1411 erhalten
1014 1354 1044 1414 zu
1090 1351 1236 1411 werden.

216 1396 291 1456 Der
314 1402 503 1462 gemäßigte
525 1398 622 1458 Gang
649 1402 686 1462 ist
709 1401 736 1461 zu
774 1400 871 1460 diesem
920 1402 1114 1462 Endzwecke
1148 1402 1233 1462 nicht

220 1449 246 1509 so
267 1449 420 1509 dienlich,
447 1449 495 1509 als
522 1449 574 1509 der
596 1452 711 1512 Tanz;
739 1446 791 1506 die
813 1451 1061 1511 Erschütterung
1088 1452 1146 1512 und
1173 1451 1236 1511 Er¬

221 1500 384 1560 müdung,
411 1500 458 1560 die
480 1500 511 1560 er
533 1500 785 1560 hervorbringt,
812 1500 848 1560 ist
876 1503 1017 1563 überaus
1039 1501 1234 1561 zuträglich,

217 1546 280 1606 und
315 1548 447 1608 vertritt
477 1548 526 1608 bey
556 1549 722 1609 Personen
757 1548 953 1608 vornehmen
988 1551 1144 1611 Standes
1179 1548 1228 1608 die

221 1596 333 1656 Stelle
360 1597 406 1657 der
433 1599 664 1659 Handarbeit,
690 1597 783 1657 unter
820 1599 948 1659 welcher
980 1599 1026 1659 die
1052 1599 1222 1659 Geringen

216 1644 289 1704 ihre
311 1646 464 1706 gesunden
496 1649 591 1709 Tage
613 1646 808 1706 zubringen.
866 1646 982 1706 Schon
1020 1649 1078 1709 aus
1115 1648 1210 1708 diesem

218 1692 358 1752 Grunde
384 1694 423 1754 ist
444 1694 469 1754 er
495 1694 600 1754 allen,
631 1692 675 1752 die
701 1691 767 1751 eine
787 1691 862 1751 stille
888 1693 1069 1753 Lebensart
1095 1691 1230 1751 führen,

216 1739 438 1799 vornehmlich
465 1739 537 1799 aber
561 1736 610 1796 dem
651 1733 773 1793 schönen
805 1735 1027 1795 Geschlechte,
1059 1736 1235 1796 anzuprei¬

218 1784 286 1844 sen.
336 1781 413 1841 Der
436 1780 527 1840 Tanz
550 1778 586 1838 ist
609 1778 659 1838 für
687 1778 955 1838 Frauenzimmer
979 1778 1055 1838 das,
1078 1778 1147 1838 was
1174 1777 1224 1837 bey

221 1830 274 1890 den
311 1829 401 1889 Alten
438 1828 486 1888 die
511 1828 709 1888 Gymnastik
741 1828 794 1888 für
825 1831 1018 1891 Jünglinge
1043 1828 1132 1888 war.
1175 1825 1229 1885 Er

214 1879 254 1939 ist
278 1882 323 1942 die
353 1882 475 1942 einzige
504 1882 649 1942 lebhafte
679 1882 940 1942 Leibesübung,
976 1883 1021 1943 die
1051 1884 1120 1944 noch
1162 1883 1213 1943 dem

219 1935 337 1995 andern
364 1936 564 1996 Geschlechte
587 1936 678 1996 unsre
695 1933 813 1993 Sitten
842 1935 1008 1995 erlauben.
1047 1936 1225 1996 Diejenige

226 1986 421 2046 Jahreszeit
443 1984 490 2044 des
517 1987 638 2047 Lebens
665 1984 761 2044 aber,
793 1984 829 2044 da
861 1985 914 2045 ihn
952 1985 999 2045 die
1031 1987 1147 2047 Natur
1174 1987 1211 2047 am

211 2034 406 2094 deutlichsten
445 2034 602 2094 fordert,
635 2034 678 2094 ist
706 2034 754 2094 die
782 2034 945 2094 Jugend;
978 2034 1059 2094 weil
1087 2034 1217 2094 alsdenn

212 2083 284 2143 eine
312 2085 440 2145 muntre
468 2082 662 2142 Bewegung
696 2083 751 2143 dem
791 2085 1035 2145 Wachsthume
1064 2085 1119 2145 des
1147 2085 1230 2145 Kör¬

212 2133 286 2193 pers
313 2133 361 2193 den
393 2133 521 2193 meisten
548 2133 713 2193 Vorschub
740 2133 824 2193 thut.

269 2181 372 2241 Wenn
403 2183 470 2243 man
507 2183 568 2243 mir
600 2183 683 2243 diese
709 2181 884 2241 Vortheile
916 2184 967 2244 des
999 2183 1133 2243 Tanzes
1170 2183 1236 2243 ein¬

213 2231 346 2291 räumt;
373 2229 434 2289 wie
461 2229 491 2289 sie
513 2230 585 2290 denn
611 2229 668 2289 kein
694 2231 932 2291 Vernünftiger
953 2231 1092 2291 läugnen
1119 2229 1227 2289 wird;

216 2281 243 2341 so
270 2278 340 2338 will
357 2277 399 2337 ich
427 2276 561 2336 dagegen
589 2278 647 2338 aus
670 2279 939 2339 Erkenntlichkeit
956 2282 1117 2342 freygebig
1139 2280 1230 2340 seyn,

209 2329 278 2389 und
304 2327 409 2387 einige
430 2327 545 2387 andre,
571 2325 621 2385 die
642 2327 676 2387 ich
707 2326 772 2386 noch
803 2326 863 2386 mit
883 2332 1064 2392 einrechnen
1095 2330 1230 2390 könnte,

212 2378 456 2438 wegstreichen.
507 2374 567 2434 Ich
596 2372 668 2432 will
685 2375 784 2435 nichts
813 2378 907 2438 davon
941 2382 1063 2442 sagen,
1086 2381 1157 2441 was
1191 2382 1230 2442 je¬

219 2430 252 2490 ne
274 2424 473 2484 griechischen
495 2423 716 2483 Philosophen
744 2426 970 2486 behaupteten,
987 2431 1042 2491 daß
1070 2430 1114 2490 der
1131 2429 1224 2489 Tanz

219 2477 261 2537 ein
294 2479 413 2539 Mittel
430 2475 483 2535 zur
511 2473 646 2533 Tugend
668 2472 744 2532 sey;
772 2473 841 2533 noch
869 2479 939 2539 auch
962 2481 988 2541 in
1021 2479 1070 2539 der
1087 2479 1232 2539 Arzney¬

215 2527 305 2587 kunst
329 2527 407 2587 seine
430 2527 623 2587 Verdienste
640 2521 668 2581 so
691 2521 759 2581 hoch
788 2524 929 2584 treiben,
947 2529 1003 2589 daß
1026 2530 1065 2590 ich
1089 2530 1139 2590 ihn
1174 2527 1224 2587 für

213 2577 297 2637 einen
326 2575 490 2635 fehlbaren
519 2575 705 2635 Gegengift
734 2572 835 2632 wider
864 2575 915 2635 den
949 2581 1045 2641 Stich
1080 2581 1130 2641 der
1159 2578 1226 2638 Ta¬

208 2626 338 2686 rantuln
369 2626 541 2686 ausrufte.

272 2675 376 2735 Indem
416 2675 454 2735 ich
482 2676 553 2736 aber
582 2676 631 2736 den
659 2673 780 2733 Nutzen
814 2667 863 2727 des
886 2675 1007 2735 Tanzes
1035 2676 1223 2736 überhaupt

207 2724 382 2784 betrachte,
406 2724 435 2784 so
459 2724 581 2784 läugne
599 2724 640 2784 ich
664 2721 804 2781 dadurch
828 2718 927 2778 nicht,
951 2724 1003 2784 daß
1033 2727 1150 2787 Fehler
1174 2726 1231 2786 da¬

214 2775 272 2835 mit
295 2769 478 2829 verbunden
512 2774 571 2834 seyn
599 2775 739 2835 können.
788 2769 836 2829 Es
859 2766 945 2826 giebt
967 2776 1227 2836 unbedeutende,

206 2821 517 2881 allzugekünstelte,
546 2823 767 2883 possirliche,
802 2817 1045 2877 unanstandige
1085 2829 1215 2889 Tanze.

216 2869 254 2929 Es
287 2865 378 2925 giebt
399 2868 536 2928 Tänze,
569 2871 641 2931 aait
662 2867 778 2927 frechen
813 2865 1015 2925 Stellungen
1049 2873 1205 2933 vergesell

205 2924 346 2984 schaftel,
365 2924 482 2984 welhe

1266 366 1343 426 kann
1377 366 1532 426 darinnen
1561 369 1616 429 zur
1639 369 1755 429 Unzeit
1778 369 2039 429 ausschweifen,
2067 369 2139 429 oder
2168 372 2267 432 seinem

1263 416 1469 476 Vergnügen
1497 416 1543 476 bis
1571 416 1623 476 zur
1650 419 1863 479 fehlerhaften
1890 419 2090 479 Uebermaße
2123 419 2292 479 nachhän¬

1262 467 1344 527 gen.
1394 464 1482 524 Man
1522 465 1598 525 kann
1638 467 1731 527 daher
1759 470 1930 530 schädliche
1959 467 2185 527 Gelegenheit
2207 469 2290 529 neh¬

1259 515 1359 575 men,
1381 514 1598 574 unzuläßigen
1636 517 1784 577 Umgang
1822 520 1885 580 mit
1907 521 2072 581 Personen
2115 518 2290 578 verschied¬

1264 563 1322 623 nen
1354 563 1560 623 Geschlechts
1593 566 1624 626 zu
1662 566 1847 626 errichten;
1890 569 2028 629 welches
2060 569 2293 629 insonderheit

1271 613 1319 673 bey
1347 611 1525 671 verlarvten
1558 613 1687 673 Tanzen
1715 617 1763 677 der
1786 616 1861 676 Fall
1878 618 1926 678 ist.
1975 621 2094 681 Kurz,
2122 620 2272 680 unzählig

1271 658 1330 718 sind
1357 661 1405 721 die
1427 661 1594 721 Abwege,
1623 664 1751 724 worauf
1774 667 1838 727 man
1871 667 1919 727 sich
1947 667 2001 727 bey
2039 669 2136 729 dieser
2158 670 2287 730 Ergötz¬

1271 709 1391 769 lichkeit
1418 709 1470 769 von
1508 712 1560 772 der
1587 712 1813 772 Mittelstraße
1840 715 1966 775 hinweg
2004 718 2145 778 verirren
2183 718 2288 778 kann.

1277 757 1327 817 Ich
1356 759 1429 819 rede
1452 760 1525 820 aber
1548 761 1604 821 gar
1628 763 1712 823 nicht
1730 766 1785 826 von
1814 766 1865 826 dem
1910 764 2148 824 Mißbrauche.
2210 774 2272 834 Ich

1272 808 1425 868 betrachte
1447 807 1516 867 bloß
1548 810 1595 870 den
1627 812 1717 872 Tanz
1739 814 1946 874 überhaupt.
1999 815 2078 875 Das
2106 816 2185 876 weiß
2212 819 2280 879 man

1267 858 1380 918 schon,
1408 861 1462 921 daß
1490 861 1550 921 alle
1567 861 1686 921 Dinge
1708 864 1800 924 unter
1834 864 1882 924 dem
1931 864 2089 924 Monde,
2117 867 2209 927 selbst
2237 867 2285 927 die

1266 909 1456 969 heiligsten,
1484 909 1579 969 unter
1601 911 1744 971 gewissen
1782 913 1978 973 Umständen
2016 915 2042 975 in
2069 915 2185 975 Fehler
2223 914 2292 974 ver¬

1269 956 1359 1016 kehrt
1379 957 1500 1017 werden
1531 960 1672 1020 können.
1728 960 1814 1020 Wer
1844 960 1950 1020 wollte
1981 961 2031 1021 sich
2067 964 2137 1024 aber
2168 963 2268 1023 darum

1263 1001 1319 1061 von
1346 1004 1428 1064 ihrer
1455 1006 1687 1066 rechtmäßigen
1714 1004 1926 1064 Anwendung
1947 1010 2133 1070 abschrecken
2161 1013 2284 1073 laßen?

1319 1051 1402 1111 Man
1432 1052 1485 1112 hat
1506 1052 1604 1112 wider
1634 1052 1682 1112 den
1713 1052 1806 1112 Tanz
1826 1052 1914 1112 einen
1939 1056 2101 1116 wichtigen
2126 1059 2283 1119 Einwurf

1269 1100 1506 1160 vorzubringen
1531 1101 1698 1161 geglaubt,
1719 1101 1769 1161 den
1795 1101 1860 1161 man
1886 1101 1946 1161 also
1967 1103 2128 1163 vortrug:
2155 1103 2280 1163 "Wenn

1269 1147 1451 1207 „jemand,
1484 1148 1539 1208 der
1567 1151 1672 1211 nichts
1706 1151 1760 1211 von
1800 1151 1849 1211 der
1872 1151 2065 1211 Tanzkunst
2088 1151 2219 1211 wüßte,
2248 1154 2275 1214 in

1292 1196 1381 1256 einen
1414 1198 1508 1258 Saal
1535 1198 1603 1258 voll
1625 1201 1799 1261 tanzender
1826 1201 1989 1261 Personen
2021 1201 2115 1261 träte,
2142 1204 2200 1264 und
2232 1202 2279 1262 die

1286 1246 1401 1306 'Ohren
1435 1249 1490 1309 vor
1513 1249 1562 1309 der
1585 1251 1695 1311 Musik
1718 1252 1873 1312 zuhielte,
1896 1254 1923 1314 so
1946 1254 2062 1314 könnte
2085 1255 2112 1315 er
2134 1255 2217 1315 nicht
2234 1253 2289 1313 an¬

1290 1294 1362 1354 ders
1388 1300 1534 1360 denken,
1560 1301 1606 1361 als
1638 1303 1690 1363 daß
1721 1305 1788 1365 eine
1815 1303 1949 1363 Schaar
1981 1306 2173 1366 unsinniger
2194 1306 2287 1366 Leute

1292 1348 1319 1408 im
1358 1351 1502 1411 Zimmer
1525 1354 1801 1414 herumhüpfte.”
1857 1348 1923 1408 Ich
1952 1354 2056 1414 werde
2079 1355 2173 1415 dieses
2201 1357 2284 1417 nicht

1268 1402 1426 1462 zugeben.
1485 1402 1622 1462 Wofern
1654 1403 1696 1463 ein
1723 1402 1749 1462 so
1776 1404 1993 1464 unwissender
2020 1404 2194 1464 Zuschauer
2221 1404 2278 1464 nur

1267 1451 1385 1511 einigen
1417 1452 1556 1512 Antheil
1578 1452 1805 1512 vernünftigen
1837 1452 2038 1512 Verstandes
2065 1452 2178 1512 hatte,
2215 1455 2276 1515 und

1273 1502 1317 1562 sich
1345 1503 1499 1563 gehörige
1521 1500 1593 1560 Zeit
1615 1503 1642 1563 zu
1671 1505 1824 1565 urtheilen
1853 1503 1990 1563 nähme,
2007 1503 2117 1563 würde
2140 1503 2189 1563 er,
2206 1503 2272 1563 auch

1272 1548 1348 1608 ohne
1371 1548 1475 1608 Hülfe
1498 1551 1547 1611 der
1575 1551 1708 1611 Musik,
1736 1551 1802 1611 eine
1825 1552 2018 1612 Beziehung
2052 1553 2101 1613 der
2124 1554 2284 1614 Stellun¬

1264 1601 1318 1661 gen
1349 1599 1409 1659 und
1435 1602 1672 1662 Bewegungen
1697 1600 1757 1660 auf
1784 1602 1939 1662 einander
1960 1602 2217 1662 wahrnehmen,
2232 1602 2282 1662 die

1266 1644 1340 1704 allen
1370 1648 1533 1708 Verdacht
1558 1649 1607 1709 des
1637 1649 1928 1709 Unvernünftigen
1958 1649 2121 1709 entfernen
2156 1649 2283 1709 müßte.

1270 1691 1481 1751 Ueberhaupt
1502 1691 1570 1751 aber
1600 1691 1634 1751 ist
1659 1691 1703 1751 die
1728 1694 1993 1754 Voraussetzung
2028 1697 2195 1757 unbillig,
2220 1697 2274 1757 daß

1268 1730 1301 1790 er
1325 1733 1382 1793 auf
1397 1733 1439 1793 die
1463 1733 1577 1793 Musik
1597 1736 1682 1796 nicht
1702 1733 1792 1793 hören
1821 1736 1892 1796 soll.
1926 1736 2002 1796 Wie
2027 1739 2131 1799 wollte
2151 1739 2274 1799 jemand

1267 1775 1294 1835 im
1330 1775 1466 1835 Stande
1485 1777 1571 1837 seyn,
1585 1778 1698 1838 gesund
1726 1778 1784 1838 von
1817 1778 1898 1838 einer
1917 1779 2026 1839 Sache
2053 1781 2080 1841 zu
2108 1784 2289 1844 urtheilen,

1270 1827 1298 1887 zu
1333 1825 1425 1885 deren
1461 1828 1628 1888 Kenntniß
1663 1828 1708 1888 ihm
1761 1831 1958 1891 gleichwohl
1982 1831 2021 1891 ein
2063 1834 2276 1894 wesentlicher

1268 1879 1420 1939 Umstand
1448 1882 1618 1942 mangelt?
1652 1884 1697 1944 die
1720 1882 1974 1942 Sittenlehrer,
1986 1885 2019 1945 um
2066 1887 2093 1947 es
2128 1885 2150 1945 im
2196 1885 2285 1945 Vor¬

1262 1931 1420 1991 beygehen
1450 1934 1478 1994 zu
1513 1935 1718 1995 erwähnen,
1753 1937 1889 1997 begehen
1924 1936 2015 1996 diesen
2050 1936 2164 1996 Fehler
2181 1939 2289 1999 mehr¬

1266 1981 1377 2041 mals,
1398 1982 1456 2042 daß
1488 1984 1525 2044 sie
1546 1984 1615 2044 eine
1637 1986 1774 2046 Sache,
1801 1987 1858 2047 aus
1885 1987 1970 2047 ihren
2002 1988 2197 2048 Umständen
2229 1987 2282 2047 ge¬

1265 2028 1375 2088 rissen,
1392 2034 1586 2094 tadelhafter
1609 2034 1798 2094 vorstellen,
1815 2034 1859 2094 als
1882 2031 1920 2091 sie
1943 2035 2081 2095 wirklich
2104 2037 2159 2097 ist.
2215 2036 2275 2096 So

1272 2079 1370 2139 macht
1393 2082 1432 2142 ein
1460 2082 1543 2142 sonst
1572 2079 1637 2139 sehr
1666 2082 1888 2142 verständiger
1916 2085 2104 2145 Scribent,
2133 2085 2182 2145 der
2211 2084 2288 2144 Zu¬

1271 2130 1455 2190 schauer,
1487 2130 1548 2190 vom
1595 2130 1821 2190 Kartenspiele
1852 2133 1898 2193 die
1929 2134 2109 2194 lächerliche
2135 2133 2279 2193 Vorstel¬

1264 2180 1371 2240 lung,
1394 2178 1425 2238 es
1458 2178 1550 2238 wäre
1578 2179 1642 2239 sehr
1675 2181 1821 2241 seltsam,
1848 2181 1934 2241 wenn
1967 2184 2177 2244 vernünftige
2200 2184 2280 2244 We¬

1266 2226 1307 2286 sen
1340 2229 1439 2289 ganze
1461 2226 1618 2286 Stunden
1645 2229 1845 2289 beysammen
1872 2229 1982 2289 säßen,
1993 2231 2029 2291 um
2072 2234 2150 2294 einen
2182 2231 2277 2291 Hau¬

1273 2279 1314 2339 fen
1347 2277 1484 2337 gemalte
1506 2276 1637 2336 Blätter
1664 2279 1886 2339 auseinander
1908 2276 1933 2336 zu
1966 2279 2103 2339 werfen,
2120 2279 2177 2339 und
2204 2278 2283 2338 wie¬

1264 2325 1316 2385 der
1338 2325 1704 2385 zusammenzupacken.
1752 2330 1836 2390 Hier
1863 2328 1894 2388 ist
1921 2327 2033 2387 gerade
2055 2329 2107 2389 das
2134 2327 2282 2387 Wesent¬

1258 2378 1363 2438 liche,
1391 2378 1438 2438 die
1460 2372 1656 2432 Beziehung
1683 2377 1730 2437 der
1758 2378 1895 2438 Blätter
1923 2377 1980 2437 auf
1997 2378 2177 2438 einander,
2209 2378 2272 2438 und

1266 2427 1315 2487 die
1346 2428 1466 2488 daraus
1502 2423 1724 2483 entstehenden
1765 2426 2017 2486 Situationen,
2058 2426 2178 2486 Rechte
2209 2429 2269 2489 und

1262 2476 1476 2536 Nachtheile,
1494 2473 1521 2533 in
1549 2470 1599 2530 der
1627 2477 1848 2537 Betrachtung
1870 2473 2097 2533 weggelaßen.
2137 2478 2269 2538 Könnte

1264 2526 1330 2586 man
1364 2524 1435 2584 aber
1458 2522 1556 2582 nicht,
1574 2521 1661 2581 durch
1684 2527 1750 2587 eine
1778 2527 1799 2587 so
1822 2525 2009 2585 gründliche
2027 2529 2275 2589 Vorstellungs¬

1262 2577 1338 2637 art,
1361 2576 1489 2636 tausend
1517 2570 1695 2630 ernsthafte
1712 2578 1828 2638 Dinge
1851 2575 2011 2635 lächerlich
2040 2575 2195 2635 machen;
2223 2578 2267 2638 ein

1258 2625 1430 2685 ordentlich
1464 2620 1680 2680 beschriebnes
1713 2626 1864 2686 Pappier
1893 2624 1919 2684 in
1952 2623 2006 2683 den
2033 2626 2142 2686 Augen
2180 2629 2266 2689 eines

1262 2673 1537 2733 Unverständigen
1577 2668 1626 2728 für
1666 2675 1754 2735 einen
1799 2676 2020 2736 ungereimten
2054 2676 2263 2736 Mischmasch

1261 2723 1315 2783 von
1348 2723 1451 2783 Zügen
1484 2721 1543 2781 und
1571 2721 1749 2781 Strichen,
1771 2727 1841 2787 oder
1863 2724 1912 2784 die
1934 2724 2069 2784 Figuren
2102 2724 2150 2784 des
2173 2724 2275 2784 Meß¬

1261 2772 1419 2832 künstlers
1471 2769 1521 2829 bey
1567 2772 1651 2832 einem
1708 2775 1923 2835 Ungelehrten
1963 2773 2013 2833 für
2054 2772 2268 2832 Spielwerke

1252 2821 1463 2881 ausgeben?

1304 2870 1398 2930 Dech
1429 2867 1476 2927 ich
1512 2868 1606 2928 kehre
1642 2870 1760 2930 wieder
1791 2870 1850 2930 zum
1892 2870 2010 2930 Tanze
2040 2865 2170 2925 zrück.

1401 2915 1467 2975 eute
1499 2918 1560 2978 ven
1597 2924 1726 2984 sinstern
1763 2924 1971 2984 Begriffen,
2009 2918 2064 2978 die
2101 2913 2131 2973 zu
2175 2909 2266 2969 inre=

1253 2922 1311 2982 di.

2113 2963 2264 3023 Schich.
