<?xml version="1.0" encoding="UTF-8" standalone="yes"?>
<PcGts xmlns="http://schema.primaresearch.org/PAGE/gts/pagecontent/2013-07-15" xmlns:xsi="http://www.w3.org/2001/XMLSchema-instance" xsi:schemaLocation="http://schema.primaresearch.org/PAGE/gts/pagecontent/2013-07-15 http://schema.primaresearch.org/PAGE/gts/pagecontent/2013-07-15/pagecontent.xsd">
    <Metadata>
        <Creator>prov=READ-COOP:name=PyLaia@TranskribusPlatform:version=2.15.0:model_id=39995:lm=none:date=04_07_2024_14:48</Creator>
        <Created>2024-07-04T13:38:53.743+02:00</Created>
        <LastChange>2024-07-04T14:48:07.844+02:00</LastChange>
        <TranskribusMetadata docId="3138763" pageId="74529182" pageNr="8" tsid="176330066" status="IN_PROGRESS" userId="222699" imgUrl="https://files.transkribus.eu/Get?id=DYAAOMCUVDTGXXJFZNETESXQ&amp;fileType=view" xmlUrl="https://files.transkribus.eu/Get?id=EFQIYDFXRHFQICEHOWEKDSYU" imageId="60349632"/>
    </Metadata>
    <Page imageFilename="74529182.jpg" imageWidth="2034" imageHeight="2755">
        <ReadingOrder>
            <OrderedGroup id="ro_1720097287845" caption="Regions reading order">
                <RegionRefIndexed index="0" regionRef="r_10"/>
                <RegionRefIndexed index="1" regionRef="r_22"/>
                <RegionRefIndexed index="2" regionRef="r_35"/>
            </OrderedGroup>
        </ReadingOrder>
        <Relations/>
        <TextRegion id="r_10" custom="readingOrder {index:0;}">
            <Coords points="186,192 1092,192 1092,2427 186,2427"/>
            <TextLine id="r_10_tl_1" custom="readingOrder {index:0;}">
                <Coords points="205,250 1065,240 1067,192 1002,163 888,192 827,163 668,198 601,168 207,187"/>
                <Baseline points="217,229 220,232 265,226 310,226 355,226 399,226 444,223 489,220 534,223 579,220 623,223 668,223 713,223 758,223 802,223 847,223 892,226 937,223 982,220 1026,223 1071,220"/>
                <TextEquiv>
                    <Unicode>hens der Kirche, in Sachen der Jesuiten, Paris</Unicode>
                </TextEquiv>
            </TextLine>
            <TextLine id="r_10_tl_2" custom="readingOrder {index:1;}">
                <Coords points="209,283 1067,279 1067,237 1021,231 209,250"/>
                <Baseline points="220,268 265,271 310,268 355,268 399,265 444,265 489,268 534,265 579,265 623,265 668,265 713,265 758,265 802,265 847,265 892,265 937,265 982,265 1026,262 1071,262"/>
                <TextEquiv>
                    <Unicode>1763. legten den 21ten dieses Rechenschaft von ihrer</Unicode>
                </TextEquiv>
            </TextLine>
            <TextLine id="r_10_tl_3" custom="readingOrder {index:2;}">
                <Coords points="211,324 1065,314 1065,277 989,266 211,281"/>
                <Baseline points="223,313 265,310 310,310 355,310 399,307 444,304 489,307 534,307 579,307 623,307 668,307 713,307 758,310 802,307 847,307 892,307 937,307 982,307 1026,307 1071,307"/>
                <TextEquiv>
                    <Unicode>Arbeit ab. Bey dieser Gelegenheit hielte Herr Omer</Unicode>
                </TextEquiv>
            </TextLine>
            <TextLine id="r_10_tl_4" custom="readingOrder {index:3;}">
                <Coords points="198,375 1063,364 1063,314 198,324"/>
                <Baseline points="211,361 217,358 262,358 307,352 352,352 396,352 441,352 486,349 531,349 576,349 620,349 665,349 710,349 755,349 799,349 844,349 889,349 934,349 979,349 1023,349 1068,346"/>
                <TextEquiv>
                    <Unicode>Joly von Henry, Advocat des Königs, eine lange</Unicode>
                </TextEquiv>
            </TextLine>
            <TextLine id="r_10_tl_5" custom="readingOrder {index:4;}">
                <Coords points="203,405 1065,398 1065,364 893,351 203,370"/>
                <Baseline points="214,396 220,399 265,396 310,393 355,393 399,391 444,391 489,391 534,391 579,391 623,391 668,391 713,391 758,391 802,391 847,391 892,391 937,391 982,391 1026,391 1071,391"/>
                <TextEquiv>
                    <Unicode>und schöne Rede, worunter einige Anmerkungen eine</Unicode>
                </TextEquiv>
            </TextLine>
            <TextLine id="r_10_tl_6" custom="readingOrder {index:5;}">
                <Coords points="203,457 1071,442 1058,398 203,422"/>
                <Baseline points="214,438 223,441 268,438 313,432 358,432 402,435 447,432 492,432 537,432 582,432 626,432 671,435 716,432 761,432 805,432 850,432 895,432 940,432 984,432 1029,429 1074,429"/>
                <TextEquiv>
                    <Unicode>andere Schrift betrafen, welche den Titel führt:</Unicode>
                </TextEquiv>
            </TextLine>
            <TextLine id="r_10_tl_7" custom="readingOrder {index:6;}">
                <Coords points="203,492 978,494 1060,481 1063,446 205,457"/>
                <Baseline points="214,483 259,480 304,477 349,474 393,474 438,477 483,477 528,474 573,474 617,474 662,474 707,474 752,474 796,471 841,474 886,474 931,474 976,474 1020,471 1065,471"/>
                <TextEquiv>
                    <Unicode>Neue Beobachtungen über die Urtheilssprüche gegen</Unicode>
                </TextEquiv>
            </TextLine>
            <TextLine id="r_10_tl_8" custom="readingOrder {index:7;}">
                <Coords points="200,536 1071,523 1071,483 203,492"/>
                <Baseline points="214,522 226,522 271,522 316,516 361,519 405,519 450,516 495,516 540,516 585,516 629,516 674,519 719,516 764,516 808,516 853,516 898,516 943,516 987,513 1032,516 1077,513"/>
                <TextEquiv>
                    <Unicode>die Jesuiten. Bourdeaux, 275 Seiten in 12. Dem</Unicode>
                </TextEquiv>
            </TextLine>
            <TextLine id="r_10_tl_9" custom="readingOrder {index:8;}">
                <Coords points="209,575 1069,566 1069,523 209,533"/>
                <Baseline points="220,564 223,564 268,564 313,561 358,561 402,561 447,558 492,558 537,558 582,558 626,555 671,558 716,558 761,558 805,558 850,558 895,558 940,558 984,555 1029,558 1074,555"/>
                <TextEquiv>
                    <Unicode>Ansuchen des Königl. General=Procureurs und dem</Unicode>
                </TextEquiv>
            </TextLine>
            <TextLine id="r_10_tl_10" custom="readingOrder {index:9;}">
                <Coords points="203,616 1060,616 1060,571 923,557 203,577"/>
                <Baseline points="214,602 259,602 304,605 349,602 393,599 438,602 483,599 528,599 573,599 617,599 662,599 707,599 752,599 796,599 841,599 886,599 931,599 976,599 1020,599 1065,599"/>
                <TextEquiv>
                    <Unicode>Bericht des Herrn Raths Joseph Marie Ferray zu</Unicode>
                </TextEquiv>
            </TextLine>
            <TextLine id="r_10_tl_11" custom="readingOrder {index:10;}">
                <Coords points="211,662 1060,651 1060,616 1021,608 213,614"/>
                <Baseline points="226,650 259,647 304,644 349,644 393,644 438,644 483,641 528,638 573,641 617,641 662,641 707,641 752,638 796,641 841,641 886,641 931,638 976,638 1020,641 1065,638"/>
                <TextEquiv>
                    <Unicode>folge, wurden vermittelst eines Arrets diese beyde</Unicode>
                </TextEquiv>
            </TextLine>
            <TextLine id="r_10_tl_12" custom="readingOrder {index:11;}">
                <Coords points="205,697 1056,692 1056,651 965,647 205,664"/>
                <Baseline points="217,689 256,686 301,686 346,686 391,683 435,686 480,686 525,683 570,683 614,680 659,683 704,683 749,683 793,683 838,683 883,683 928,683 973,683 1017,683 1062,683"/>
                <TextEquiv>
                    <Unicode>Werke verdammt, durch den Scharfrichter zerrißer</Unicode>
                </TextEquiv>
            </TextLine>
            <TextLine id="r_10_tl_13" custom="readingOrder {index:12;}">
                <Coords points="203,745 1054,738 1054,692 1002,688 203,701"/>
                <Baseline points="214,731 253,734 298,731 343,728 388,728 432,728 477,725 522,725 567,725 611,725 656,722 701,725 746,725 790,725 835,725 880,725 925,725 970,725 1014,725 1059,725"/>
                <TextEquiv>
                    <Unicode>und verbrannt zu werden; das zweyte als verfang</Unicode>
                </TextEquiv>
            </TextLine>
            <TextLine id="r_10_tl_14" custom="readingOrder {index:13;}">
                <Coords points="203,780 947,790 1071,777 1074,736 203,749"/>
                <Baseline points="214,773 223,776 268,773 313,770 358,770 402,770 447,770 492,767 537,767 582,767 626,770 671,767 716,767 761,767 805,770 850,770 895,767 940,767 984,764 1029,767 1074,764"/>
                <TextEquiv>
                    <Unicode>lich, verläumderisch, fanatisch und aufrührerisch, und</Unicode>
                </TextEquiv>
            </TextLine>
            <TextLine id="r_10_tl_15" custom="readingOrder {index:14;}">
                <Coords points="205,821 1074,817 1074,775 205,782"/>
                <Baseline points="217,814 229,814 274,814 319,814 364,814 408,808 453,811 498,808 543,808 588,811 632,808 677,811 722,811 767,811 811,811 856,808 901,808 946,805 990,808 1035,808 1080,811"/>
                <TextEquiv>
                    <Unicode>das erste als verfanglich, verläumderisch rc. Beyde</Unicode>
                </TextEquiv>
            </TextLine>
            <TextLine id="r_10_tl_16" custom="readingOrder {index:15;}">
                <Coords points="211,871 1063,860 1063,821 939,810 211,830"/>
                <Baseline points="223,859 262,856 307,853 352,853 396,853 441,850 486,853 531,853 576,850 620,850 665,850 710,853 755,853 799,853 844,853 889,853 934,850 979,850 1023,850 1068,850"/>
                <TextEquiv>
                    <Unicode>Schriften sind daher den 24ten dieses zerrißen und</Unicode>
                </TextEquiv>
            </TextLine>
            <TextLine id="r_10_tl_17" custom="readingOrder {index:16;}">
                <Coords points="211,917 1060,904 1060,867 1006,854 211,871"/>
                <Baseline points="223,901 259,898 304,898 349,898 393,895 438,892 483,895 528,892 573,892 617,895 662,892 707,895 752,892 796,892 841,895 886,892 931,892 976,892 1020,892 1065,892"/>
                <TextEquiv>
                    <Unicode>verbrannt worden. Der Bischof, Herzog von Lan</Unicode>
                </TextEquiv>
            </TextLine>
            <TextLine id="r_10_tl_18" custom="readingOrder {index:17;}">
                <Coords points="211,960 1060,952 1063,906 211,917"/>
                <Baseline points="223,946 259,943 304,940 349,940 393,940 438,937 483,937 528,937 573,934 617,937 662,934 707,937 752,937 796,937 841,937 886,934 931,934 976,937 1020,934 1065,934"/>
                <TextEquiv>
                    <Unicode>gres, ist sich gleichfalls alle Augenblick einer versiegel</Unicode>
                </TextEquiv>
            </TextLine>
            <TextLine id="r_10_tl_19" custom="readingOrder {index:18;}">
                <Coords points="203,995 1071,989 1071,941 203,960"/>
                <Baseline points="214,984 226,982 271,982 316,982 361,979 405,979 450,979 495,979 540,976 585,976 629,976 674,979 719,979 764,979 808,976 853,979 898,979 943,976 987,973 1032,976 1077,979"/>
                <TextEquiv>
                    <Unicode>ten Ordre gewärtig. Der General=Lieutenant, Graf</Unicode>
                </TextEquiv>
            </TextLine>
            <TextLine id="r_10_tl_20" custom="readingOrder {index:19;}">
                <Coords points="211,1036 1065,1028 1065,984 211,995"/>
                <Baseline points="223,1026 265,1023 310,1020 355,1020 399,1020 444,1017 489,1017 534,1014 579,1017 623,1017 668,1017 713,1017 758,1017 802,1017 847,1017 892,1017 937,1017 982,1017 1026,1017 1071,1020"/>
                <TextEquiv>
                    <Unicode>von Estging, reiste vorgestern von hier nach Brest ab,</Unicode>
                </TextEquiv>
            </TextLine>
            <TextLine id="r_10_tl_21" custom="readingOrder {index:20;}">
                <Coords points="209,1082 1067,1074 1067,1028 919,1021 209,1034"/>
                <Baseline points="220,1065 265,1065 310,1062 355,1062 399,1062 444,1059 489,1056 534,1056 579,1059 623,1059 668,1056 713,1059 758,1059 802,1059 847,1059 892,1059 937,1059 982,1059 1026,1059 1071,1059"/>
                <TextEquiv>
                    <Unicode>sich daselbst am Bord einer Escadre nach America zu</Unicode>
                </TextEquiv>
            </TextLine>
            <TextLine id="r_10_tl_22" custom="readingOrder {index:21;}">
                <Coords points="207,1124 1067,1108 1067,1074 991,1067 209,1084"/>
                <Baseline points="220,1107 265,1107 310,1107 355,1104 399,1104 444,1101 489,1104 534,1101 579,1101 623,1101 668,1101 713,1098 758,1101 802,1101 847,1101 892,1104 937,1101 982,1101 1026,1101 1071,1098"/>
                <TextEquiv>
                    <Unicode>begeben, wo er als Chef die Truppen des Königs com¬</Unicode>
                </TextEquiv>
            </TextLine>
            <TextLine id="r_10_tl_23" custom="readingOrder {index:22;}">
                <Coords points="209,1167 1067,1156 1067,1108 209,1124"/>
                <Baseline points="220,1152 265,1149 310,1149 355,1146 399,1146 444,1143 489,1143 534,1140 579,1143 623,1143 668,1143 713,1143 758,1146 802,1143 847,1146 892,1143 937,1143 982,1143 1026,1143 1071,1140"/>
                <TextEquiv>
                    <Unicode>mandiren wird. Die Kayserin von Rußland hat ih¬</Unicode>
                </TextEquiv>
            </TextLine>
            <TextLine id="r_10_tl_24" custom="readingOrder {index:23;}">
                <Coords points="211,1204 1065,1191 1065,1158 1034,1154 211,1165"/>
                <Baseline points="223,1193 265,1190 310,1190 355,1187 399,1187 444,1184 489,1187 534,1187 579,1184 623,1187 668,1187 713,1184 758,1187 802,1187 847,1184 892,1184 937,1184 982,1184 1026,1184 1071,1181"/>
                <TextEquiv>
                    <Unicode>rem bevollmächtigten Minister am hiesigen Hofe, dem</Unicode>
                </TextEquiv>
            </TextLine>
            <TextLine id="r_10_tl_25" custom="readingOrder {index:24;}">
                <Coords points="213,1254 1065,1235 1034,1191 213,1204"/>
                <Baseline points="226,1235 265,1232 310,1235 355,1229 399,1229 444,1226 489,1229 534,1229 579,1229 623,1229 668,1229 713,1229 758,1229 802,1226 847,1229 892,1229 937,1226 982,1226 1026,1226 1071,1223"/>
                <TextEquiv>
                    <Unicode>Fürsten von Gallitzin aufgetragen, eine Folge aller</Unicode>
                </TextEquiv>
            </TextLine>
            <TextLine id="r_10_tl_26" custom="readingOrder {index:25;}">
                <Coords points="205,1300 1065,1285 1052,1232 205,1252"/>
                <Baseline points="217,1283 220,1283 265,1277 310,1277 355,1274 399,1271 444,1271 489,1268 534,1271 579,1268 623,1268 668,1271 713,1271 758,1271 802,1271 847,1271 892,1271 937,1271 982,1268 1026,1268 1071,1268"/>
                <TextEquiv>
                    <Unicode>güldenen und silbernen Schaumünzen, von jeder Grö¬</Unicode>
                </TextEquiv>
            </TextLine>
            <TextLine id="r_10_tl_27" custom="readingOrder {index:26;}">
                <Coords points="211,1335 1069,1324 1069,1283 986,1276 211,1296"/>
                <Baseline points="223,1322 268,1319 313,1319 358,1316 402,1313 447,1313 492,1313 537,1313 582,1310 626,1313 671,1313 716,1313 761,1313 805,1313 850,1313 895,1310 940,1310 984,1313 1029,1310 1074,1310"/>
                <TextEquiv>
                    <Unicode>ße, die bey Gelegenheit ihrer Thronbesteigung ge¬</Unicode>
                </TextEquiv>
            </TextLine>
            <TextLine id="r_10_tl_28" custom="readingOrder {index:27;}">
                <Coords points="218,1376 1071,1365 1056,1322 220,1333"/>
                <Baseline points="232,1361 271,1358 316,1358 361,1358 405,1355 450,1355 495,1355 540,1355 585,1352 629,1355 674,1352 719,1352 764,1355 808,1355 853,1355 898,1352 943,1352 987,1352 1032,1355 1077,1349"/>
                <TextEquiv>
                    <Unicode>schlagen worden, dem Herrn Morand, Mitgliede der</Unicode>
                </TextEquiv>
            </TextLine>
            <TextLine id="r_10_tl_29" custom="readingOrder {index:28;}">
                <Coords points="203,1415 1071,1404 1071,1363 1006,1359 203,1378"/>
                <Baseline points="214,1402 226,1399 271,1402 316,1399 361,1399 405,1396 450,1396 495,1396 540,1393 585,1393 629,1390 674,1393 719,1393 764,1393 808,1393 853,1390 898,1390 943,1390 987,1387 1032,1390 1077,1390"/>
                <TextEquiv>
                    <Unicode>Königl. Academie der Wissenschaften und der Chirur¬</Unicode>
                </TextEquiv>
            </TextLine>
            <TextLine id="r_10_tl_30" custom="readingOrder {index:29;}">
                <Coords points="205,1459 1069,1439 1069,1407 1023,1398 205,1428"/>
                <Baseline points="217,1447 223,1444 268,1441 313,1441 358,1438 402,1435 447,1438 492,1435 537,1432 582,1432 626,1432 671,1432 716,1432 761,1432 805,1432 850,1432 895,1432 940,1432 984,1432 1029,1432 1074,1426"/>
                <TextEquiv>
                    <Unicode>gie, abzuliefern, zur Erkenntlichkeit für seine Mühe</Unicode>
                </TextEquiv>
            </TextLine>
            <TextLine id="r_10_tl_31" custom="readingOrder {index:30;}">
                <Coords points="203,1500 1065,1485 1065,1439 203,1459"/>
                <Baseline points="214,1486 220,1486 265,1483 310,1483 355,1480 399,1480 444,1477 489,1477 534,1474 579,1474 623,1474 668,1474 713,1474 758,1474 802,1474 847,1474 892,1474 937,1474 982,1474 1026,1471 1071,1471"/>
                <TextEquiv>
                    <Unicode>die er sich gegeben, eine schöne Sammlung anatomi¬</Unicode>
                </TextEquiv>
            </TextLine>
            <TextLine id="r_10_tl_32" custom="readingOrder {index:31;}">
                <Coords points="209,1546 1071,1526 1054,1485 209,1496"/>
                <Baseline points="220,1531 226,1531 271,1528 316,1525 361,1522 405,1522 450,1522 495,1522 540,1522 585,1519 629,1519 674,1519 719,1519 764,1516 808,1516 853,1516 898,1516 943,1516 987,1516 1032,1516 1077,1516"/>
                <TextEquiv>
                    <Unicode>scher und chirurgischer Kunststüͤcke und Instrumente</Unicode>
                </TextEquiv>
            </TextLine>
            <TextLine id="r_10_tl_33" custom="readingOrder {index:32;}">
                <Coords points="203,1583 1065,1574 1065,1529 1010,1522 203,1546"/>
                <Baseline points="214,1570 220,1570 265,1570 310,1570 355,1564 399,1564 444,1564 489,1564 534,1561 579,1561 623,1561 668,1561 713,1561 758,1558 802,1561 847,1558 892,1558 937,1558 982,1558 1026,1558 1071,1558"/>
                <TextEquiv>
                    <Unicode>rc. nach Petersburg zu besorgen. Unter die Mitglie</Unicode>
                </TextEquiv>
            </TextLine>
            <TextLine id="r_10_tl_34" custom="readingOrder {index:33;}">
                <Coords points="205,1624 1065,1618 1065,1574 1028,1568 205,1585"/>
                <Baseline points="217,1608 220,1611 265,1611 310,1608 355,1608 399,1605 444,1605 489,1602 534,1602 579,1602 623,1602 668,1602 713,1602 758,1602 802,1599 847,1599 892,1599 937,1602 982,1602 1026,1599 1071,1599"/>
                <TextEquiv>
                    <Unicode>der der dasigen Kayserl. Academie der Wissenschaften</Unicode>
                </TextEquiv>
            </TextLine>
            <TextLine id="r_10_tl_35" custom="readingOrder {index:34;}">
                <Coords points="211,1670 1054,1668 1054,1618 1010,1611 211,1624"/>
                <Baseline points="223,1653 253,1653 298,1653 343,1650 388,1647 432,1647 477,1644 522,1647 567,1647 611,1647 656,1647 701,1647 746,1644 790,1647 835,1647 880,1647 925,1644 970,1644 1014,1644 1059,1644"/>
                <TextEquiv>
                    <Unicode>ist auch der Herr de la Lande aufgenommen worden.</Unicode>
                </TextEquiv>
            </TextLine>
            <TextLine id="r_10_tl_36" custom="readingOrder {index:35;}">
                <Coords points="422,1703 451,1718 668,1703 867,1714 867,1666 834,1657 725,1670 697,1655 660,1670 614,1657 586,1674 568,1659 422,1666"/>
                <Baseline points="435,1692 480,1692 525,1695 570,1695 614,1695 659,1695 704,1695 749,1698 793,1695 838,1698 871,1698"/>
                <TextEquiv>
                    <Unicode>Turin, den 18 Januar.</Unicode>
                </TextEquiv>
            </TextLine>
            <TextLine id="r_10_tl_37" custom="readingOrder {index:36;}">
                <Coords points="253,1755 1069,1751 1069,1692 1021,1688 980,1716 893,1683 851,1714 253,1701"/>
                <Baseline points="265,1746 268,1743 313,1740 358,1740 402,1737 447,1740 492,1740 537,1737 582,1737 626,1734 671,1734 716,1737 761,1737 805,1737 850,1740 895,1740 940,1740 984,1740 1029,1737 1074,1737"/>
                <TextEquiv>
                    <Unicode>Gestern um 5 Uhr des Abends wurde die Herzogin</Unicode>
                </TextEquiv>
            </TextLine>
            <TextLine id="r_10_tl_38" custom="readingOrder {index:37;}">
                <Coords points="203,1796 1074,1796 1074,1755 1017,1749 203,1766"/>
                <Baseline points="214,1784 229,1787 274,1784 319,1784 364,1781 408,1784 453,1781 498,1784 543,1781 588,1778 632,1778 677,1778 722,1781 767,1778 811,1778 856,1781 901,1781 946,1781 990,1778 1035,1781 1080,1778"/>
                <TextEquiv>
                    <Unicode>von Savoyen glücklich von einer Prinzeßin entbun¬</Unicode>
                </TextEquiv>
            </TextLine>
            <TextLine id="r_10_tl_39" custom="readingOrder {index:38;}">
                <Coords points="213,1840 1074,1838 1074,1796 1021,1786 213,1796"/>
                <Baseline points="226,1829 229,1829 274,1826 319,1826 364,1823 408,1826 453,1826 498,1823 543,1823 588,1823 632,1820 677,1820 722,1820 767,1823 811,1820 856,1820 901,1823 946,1820 990,1820 1035,1820 1080,1820"/>
                <TextEquiv>
                    <Unicode>den, die noch denselben Tag vom Könige und der Ma¬</Unicode>
                </TextEquiv>
            </TextLine>
            <TextLine id="r_10_tl_40" custom="readingOrder {index:39;}">
                <Coords points="209,1888 1067,1873 1067,1838 1028,1829 209,1840"/>
                <Baseline points="220,1868 265,1868 310,1868 355,1865 399,1865 444,1865 489,1865 534,1865 579,1862 623,1862 668,1862 713,1865 758,1865 802,1865 847,1862 892,1865 937,1862 982,1862 1026,1862 1071,1859"/>
                <TextEquiv>
                    <Unicode>dame Louise seiner Tochter über die Taufe gehalten</Unicode>
                </TextEquiv>
            </TextLine>
            <TextLine id="r_10_tl_41" custom="readingOrder {index:40;}">
                <Coords points="211,1921 1069,1914 1069,1875 941,1864 211,1886"/>
                <Baseline points="223,1910 268,1910 313,1910 358,1907 402,1907 447,1907 492,1904 537,1904 582,1904 626,1904 671,1907 716,1907 761,1907 805,1904 850,1907 895,1907 940,1907 984,1907 1029,1904 1074,1904"/>
                <TextEquiv>
                    <Unicode>worden, und daselbst den Namen Maria Charlotte</Unicode>
                </TextEquiv>
            </TextLine>
            <TextLine id="r_10_tl_42" custom="readingOrder {index:41;}">
                <Coords points="213,1975 597,1955 660,1977 660,1923 594,1912 553,1925 213,1921"/>
                <Baseline points="226,1955 262,1958 307,1952 352,1952 396,1949 441,1949 486,1949 531,1949 576,1946 620,1946 665,1949"/>
                <TextEquiv>
                    <Unicode>Antonie Adelaide empfieng.</Unicode>
                </TextEquiv>
            </TextLine>
            <TextLine id="r_10_tl_43" custom="readingOrder {index:42;}">
                <Coords points="412,2012 594,2003 623,2016 651,1999 677,2014 736,1999 810,2021 884,2014 884,1949 836,1964 810,1947 712,1973 692,1960 651,1979 612,1960 566,1973 544,1958 412,1962"/>
                <Baseline points="423,1999 468,1996 513,1996 558,1996 602,1999 647,1996 692,1999 737,1999 782,1999 826,1999 871,1999 889,1999"/>
                <TextEquiv>
                    <Unicode>Warschau, den 6. Febr.</Unicode>
                </TextEquiv>
            </TextLine>
            <TextLine id="r_10_tl_44" custom="readingOrder {index:43;}">
                <Coords points="250,2058 1069,2056 1069,1995 1008,1986 854,2021 250,1999"/>
                <Baseline points="262,2047 268,2047 313,2044 358,2041 402,2041 447,2041 492,2041 537,2038 582,2038 626,2038 671,2038 716,2038 761,2041 805,2038 850,2041 895,2044 940,2041 984,2038 1029,2038 1074,2038"/>
                <TextEquiv>
                    <Unicode>Aus Constantinopel hat man die zuverläßige Nach¬</Unicode>
                </TextEquiv>
            </TextLine>
            <TextLine id="r_10_tl_45" custom="readingOrder {index:44;}">
                <Coords points="211,2097 1065,2088 1043,2047 307,2071 211,2047"/>
                <Baseline points="223,2086 265,2089 310,2086 355,2086 399,2083 444,2083 489,2083 534,2080 579,2083 623,2080 668,2080 713,2083 758,2083 802,2083 847,2083 892,2083 937,2083 982,2083 1026,2083 1071,2080"/>
                <TextEquiv>
                    <Unicode>richt erhalten, daß die Ottomannische Pforte in An</Unicode>
                </TextEquiv>
            </TextLine>
            <TextLine id="r_10_tl_46" custom="readingOrder {index:45;}">
                <Coords points="213,2147 1054,2134 1074,2088 213,2101"/>
                <Baseline points="226,2131 268,2131 313,2131 358,2131 402,2128 447,2125 492,2125 537,2122 582,2122 626,2122 671,2122 716,2122 761,2125 805,2122 850,2125 895,2125 940,2128 984,2125 1029,2122 1074,2119"/>
                <TextEquiv>
                    <Unicode>sehung der Pohlnischen Angelegenheiten eben diesel¬</Unicode>
                </TextEquiv>
            </TextLine>
            <TextLine id="r_10_tl_47" custom="readingOrder {index:46;}">
                <Coords points="211,2184 1063,2173 1041,2130 211,2147"/>
                <Baseline points="223,2175 262,2172 307,2169 352,2169 396,2169 441,2169 486,2166 531,2164 576,2164 620,2164 665,2164 710,2161 755,2164 799,2164 844,2166 889,2166 934,2166 979,2164 1023,2164 1068,2161"/>
                <TextEquiv>
                    <Unicode>ben Gesinnungen heget, welche von den Höfen zu Pe</Unicode>
                </TextEquiv>
            </TextLine>
            <TextLine id="r_10_tl_48" custom="readingOrder {index:47;}">
                <Coords points="211,2225 1065,2215 1050,2171 211,2184"/>
                <Baseline points="223,2214 265,2214 310,2214 355,2211 399,2214 444,2211 489,2208 534,2208 579,2205 623,2205 668,2205 713,2205 758,2205 802,2205 847,2208 892,2208 937,2208 982,2205 1026,2205 1071,2202"/>
                <TextEquiv>
                    <Unicode>tersburg und Berlin darüber geäußert worden. Si¬</Unicode>
                </TextEquiv>
            </TextLine>
            <TextLine id="r_10_tl_49" custom="readingOrder {index:48;}">
                <Coords points="211,2275 1071,2260 1071,2221 1015,2215 211,2228"/>
                <Baseline points="223,2259 226,2256 271,2256 316,2256 361,2256 405,2253 450,2253 495,2253 540,2250 585,2250 629,2247 674,2244 719,2247 764,2247 808,2247 853,2250 898,2253 943,2253 987,2250 1032,2250 1077,2250"/>
                <TextEquiv>
                    <Unicode>hat solches am gehörigen Ort zu erkennen gegeben</Unicode>
                </TextEquiv>
            </TextLine>
            <TextLine id="r_10_tl_50" custom="readingOrder {index:49;}">
                <Coords points="203,2310 1949,2306 1912,2258 203,2275"/>
                <Baseline points="214,2295 229,2298 274,2295 319,2298 364,2295 408,2292 453,2295 498,2295 543,2292 588,2292 632,2289 677,2289 722,2286 767,2289 811,2289 856,2292 901,2292 946,2292 990,2292 1035,2292 1080,2289 1098,2283 1143,2283 1187,2280 1232,2283 1277,2283 1322,2283 1367,2283 1411,2283 1456,2286 1501,2286 1546,2289 1590,2289 1635,2289 1680,2289 1725,2292 1770,2292 1814,2292 1859,2295 1904,2295 1949,2292 1955,2289"/>
                <TextEquiv>
                    <Unicode>und ihrer Erklärung noch hinzu gefüget, daß sie nie, die Pränumeration angenommen wird, Auswärtige</Unicode>
                </TextEquiv>
            </TextLine>
            <TextLine id="r_10_tl_51" custom="readingOrder {index:50;}">
                <Coords points="209,2360 1065,2347 1065,2299 292,2297 211,2321"/>
                <Baseline points="223,2343 265,2340 310,2340 355,2337 399,2334 444,2334 489,2337 534,2334 579,2334 623,2334 668,2331 713,2331 758,2328 802,2331 847,2331 892,2334 937,2334 982,2334 1026,2334 1071,2334"/>
                <TextEquiv>
                    <Unicode>mahlen zugeben werde, daß die Wahl eines Königes</Unicode>
                </TextEquiv>
            </TextLine>
            <TextLine id="r_10_tl_52" custom="readingOrder {index:51;}">
                <Coords points="203,2395 1071,2417 1071,2354 1002,2341 203,2365"/>
                <Baseline points="214,2387 226,2384 271,2384 316,2384 361,2381 405,2381 450,2381 495,2381 540,2381 585,2381 629,2378 674,2378 719,2375 764,2375 808,2375 853,2375 898,2378 943,2375 987,2375 1032,2378 1077,2375"/>
                <TextEquiv>
                    <Unicode>auf einen Fremden falle, sondern die Pohlnische Frey=</Unicode>
                </TextEquiv>
            </TextLine>
            <TextEquiv>
                <Unicode></Unicode>
            </TextEquiv>
        </TextRegion>
        <TextRegion id="r_22" custom="readingOrder {index:1;}">
            <Coords points="1092,192 1974,192 1974,1181 1092,1181"/>
            <TextLine id="r_22_tl_1" custom="readingOrder {index:0;}">
                <Coords points="1093,244 1953,253 1951,163 1725,196 1531,170 1091,185"/>
                <Baseline points="1104,226 1149,226 1193,229 1238,229 1283,232 1328,232 1373,232 1417,232 1462,232 1507,232 1552,235 1596,235 1641,235 1686,235 1731,238 1775,238 1820,238 1865,238 1910,238 1955,238 1958,238"/>
                <TextEquiv>
                    <Unicode>heit eben dadurch aufrecht erhalten wißen wolle, daß</Unicode>
                </TextEquiv>
            </TextLine>
            <TextLine id="r_22_tl_2" custom="readingOrder {index:1;}">
                <Coords points="1089,290 1953,287 1953,248 1772,237 1089,237"/>
                <Baseline points="1101,268 1146,268 1190,271 1235,271 1280,274 1325,274 1370,274 1414,274 1459,274 1504,274 1549,277 1593,277 1638,277 1683,277 1728,280 1772,280 1817,280 1862,280 1907,280 1952,277 1958,277"/>
                <TextEquiv>
                    <Unicode>einem aus ihrer Nation und aus ihren Mitteln die</Unicode>
                </TextEquiv>
            </TextLine>
            <TextLine id="r_22_tl_3" custom="readingOrder {index:2;}">
                <Coords points="1093,320 1951,331 1951,287 1894,281 1836,307 1746,281 1093,285"/>
                <Baseline points="1104,310 1149,310 1193,313 1238,313 1283,313 1328,316 1373,316 1417,316 1462,316 1507,316 1552,319 1596,316 1641,319 1686,319 1731,319 1775,322 1820,322 1865,322 1910,322 1955,319"/>
                <TextEquiv>
                    <Unicode>Krone dieses Königreichs aufgesetzet werde. Diese</Unicode>
                </TextEquiv>
            </TextLine>
            <TextLine id="r_22_tl_4" custom="readingOrder {index:3;}">
                <Coords points="1093,361 1951,370 1951,331 1833,320 1093,318"/>
                <Baseline points="1104,352 1149,352 1193,355 1238,355 1283,358 1328,358 1373,358 1417,358 1462,358 1507,358 1552,358 1596,361 1641,361 1686,361 1731,361 1775,364 1820,364 1865,364 1910,364 1955,361"/>
                <TextEquiv>
                    <Unicode>Nachricht hat dem größten Theil der Nation eine</Unicode>
                </TextEquiv>
            </TextLine>
            <TextLine id="r_22_tl_5" custom="readingOrder {index:4;}">
                <Coords points="1087,403 1940,416 1940,370 1087,366"/>
                <Baseline points="1098,393 1143,396 1187,396 1232,396 1277,399 1322,399 1367,399 1411,399 1456,399 1501,399 1546,399 1590,402 1635,402 1680,402 1725,405 1770,402 1814,405 1859,405 1904,405 1946,402"/>
                <TextEquiv>
                    <Unicode>desto lebhaftere Freude verursachet, je mehr man sich</Unicode>
                </TextEquiv>
            </TextLine>
            <TextLine id="r_22_tl_6" custom="readingOrder {index:5;}">
                <Coords points="1093,446 1951,455 1927,416 1093,403"/>
                <Baseline points="1104,435 1149,435 1193,435 1238,438 1283,441 1328,441 1373,441 1417,441 1462,441 1507,441 1552,444 1596,444 1641,444 1686,447 1731,447 1775,444 1820,447 1865,447 1910,447 1955,444"/>
                <TextEquiv>
                    <Unicode>Mühe gegeben die gefährlichsten Folgen von Seiten</Unicode>
                </TextEquiv>
            </TextLine>
            <TextLine id="r_22_tl_7" custom="readingOrder {index:6;}">
                <Coords points="1095,486 1953,503 1953,459 1916,453 1095,446"/>
                <Baseline points="1107,477 1152,477 1196,477 1241,480 1286,483 1331,483 1376,483 1420,483 1465,483 1510,483 1555,483 1599,486 1644,486 1689,486 1734,489 1778,486 1823,489 1868,489 1913,489 1958,486"/>
                <TextEquiv>
                    <Unicode>der Pforte vorzubilden, und durch Furcht und Zwei¬</Unicode>
                </TextEquiv>
            </TextLine>
            <TextLine id="r_22_tl_8" custom="readingOrder {index:7;}">
                <Coords points="1093,536 1951,538 1951,501 1888,496 1093,490"/>
                <Baseline points="1104,519 1149,519 1193,519 1238,522 1283,522 1328,525 1373,525 1417,525 1462,522 1507,525 1552,528 1596,528 1641,528 1686,528 1731,531 1775,531 1820,531 1865,531 1910,531 1955,531"/>
                <TextEquiv>
                    <Unicode>fel den patriotischen Eifer laulicht zu machen. Heute</Unicode>
                </TextEquiv>
            </TextLine>
            <TextLine id="r_22_tl_9" custom="readingOrder {index:8;}">
                <Coords points="1095,573 1955,588 1940,538 1816,560 1690,533 1095,536"/>
                <Baseline points="1107,561 1152,561 1196,561 1241,564 1286,564 1331,567 1376,567 1420,567 1465,567 1510,567 1555,567 1599,570 1644,573 1689,573 1734,573 1778,573 1823,573 1868,573 1913,573 1958,570 1961,570"/>
                <TextEquiv>
                    <Unicode>nehmen die kleinen Landtäge ihren Anfang. Es ist</Unicode>
                </TextEquiv>
            </TextLine>
            <TextLine id="r_22_tl_10" custom="readingOrder {index:9;}">
                <Coords points="1087,612 1958,623 1955,586 1907,577 1087,568"/>
                <Baseline points="1098,599 1143,602 1187,602 1232,605 1277,605 1322,605 1367,608 1411,608 1456,611 1501,611 1546,611 1590,608 1635,611 1680,611 1725,614 1770,611 1814,614 1859,614 1904,614 1949,614 1961,614"/>
                <TextEquiv>
                    <Unicode>noch alles in der größten Ruhe, und man hat alle Ur¬</Unicode>
                </TextEquiv>
            </TextLine>
            <TextLine id="r_22_tl_11" custom="readingOrder {index:10;}">
                <Coords points="1097,660 1387,658 1561,697 1694,695 1729,664 1807,692 1955,671 1955,625 1892,616 1097,610"/>
                <Baseline points="1110,647 1155,644 1199,647 1244,650 1289,650 1334,650 1378,650 1423,650 1468,653 1513,653 1558,653 1602,656 1647,656 1692,656 1737,656 1781,659 1826,659 1871,659 1916,659 1958,656"/>
                <TextEquiv>
                    <Unicode>sache einem friedlichen Fortgange derselben entgegen</Unicode>
                </TextEquiv>
            </TextLine>
            <TextLine id="r_22_tl_12" custom="readingOrder {index:11;}">
                <Coords points="1089,712 1137,703 1167,721 1180,714 1200,721 1209,712 1222,721 1254,716 1252,658 1217,662 1193,651 1174,658 1163,653 1148,662 1139,653 1119,653 1087,664"/>
                <Baseline points="1101,692 1146,689 1190,689 1235,692 1259,692"/>
                <TextEquiv>
                    <Unicode>zu sehen.</Unicode>
                </TextEquiv>
            </TextLine>
            <TextLine id="r_22_tl_13" custom="readingOrder {index:12;}">
                <Coords points="1322,740 1546,745 1577,762 1735,749 1733,695 1703,688 1587,692 1568,708 1537,695 1492,703 1470,686 1452,701 1354,684 1322,695"/>
                <Baseline points="1334,731 1378,731 1423,734 1468,737 1513,737 1558,740 1602,740 1647,740 1692,740 1737,740"/>
                <TextEquiv>
                    <Unicode>Elbing, den 12. Febr.</Unicode>
                </TextEquiv>
            </TextLine>
            <TextLine id="r_22_tl_14" custom="readingOrder {index:13;}">
                <Coords points="1137,795 1951,808 1951,740 1927,736 1777,764 1248,736 1202,756 1137,732"/>
                <Baseline points="1149,779 1193,785 1238,785 1283,785 1328,785 1373,785 1417,787 1462,787 1507,787 1552,787 1596,790 1641,790 1686,793 1731,793 1775,793 1820,793 1865,793 1910,790 1955,790"/>
                <TextEquiv>
                    <Unicode>Den 9ten dieses um 9 Uhr Abends brach die Ge¬</Unicode>
                </TextEquiv>
            </TextLine>
            <TextLine id="r_22_tl_15" custom="readingOrder {index:14;}">
                <Coords points="1093,830 1955,849 1955,810 1912,803 1093,784"/>
                <Baseline points="1104,820 1149,823 1193,823 1238,826 1283,829 1328,829 1373,829 1417,829 1462,829 1507,829 1552,832 1596,832 1641,832 1686,832 1731,835 1775,835 1820,835 1865,835 1910,835 1955,835 1961,832"/>
                <TextEquiv>
                    <Unicode>walt des Nogatwaßers unterhalb den Schleusen un¬</Unicode>
                </TextEquiv>
            </TextLine>
            <TextLine id="r_22_tl_16" custom="readingOrder {index:15;}">
                <Coords points="1093,869 1951,884 1951,843 1093,847"/>
                <Baseline points="1104,862 1149,865 1193,868 1238,868 1283,868 1328,871 1373,871 1417,871 1462,871 1507,871 1552,874 1596,874 1641,874 1686,877 1731,877 1775,877 1820,880 1865,877 1910,877 1955,877 1958,874"/>
                <TextEquiv>
                    <Unicode>weit dem frischen Haff, den Damm auf der Stadt=</Unicode>
                </TextEquiv>
            </TextLine>
            <TextLine id="r_22_tl_17" custom="readingOrder {index:16;}">
                <Coords points="1100,921 1949,934 1947,886 1097,875"/>
                <Baseline points="1110,907 1155,907 1199,910 1244,910 1289,913 1334,913 1378,913 1423,913 1468,913 1513,916 1558,916 1602,916 1647,916 1692,919 1737,919 1781,922 1826,919 1871,922 1916,919 1955,916"/>
                <TextEquiv>
                    <Unicode>seite durch, und überschwemmte den ganzen Ellerwald</Unicode>
                </TextEquiv>
            </TextLine>
            <TextLine id="r_22_tl_18" custom="readingOrder {index:17;}">
                <Coords points="1093,954 1951,969 1931,928 1093,921"/>
                <Baseline points="1104,949 1149,949 1193,952 1238,952 1283,955 1328,955 1373,955 1417,958 1462,958 1507,958 1552,958 1596,958 1641,961 1686,961 1731,961 1775,961 1820,961 1865,961 1910,964 1955,961 1958,958"/>
                <TextEquiv>
                    <Unicode>bis dicht an die Stadt. Hiedurch ist eine ansehnliche</Unicode>
                </TextEquiv>
            </TextLine>
            <TextLine id="r_22_tl_19" custom="readingOrder {index:18;}">
                <Coords points="1102,999 1955,1013 1938,969 1102,960"/>
                <Baseline points="1113,990 1158,993 1202,993 1247,993 1292,996 1337,996 1381,996 1426,999 1471,999 1516,999 1561,1002 1605,1002 1650,1002 1695,1002 1740,1002 1784,1002 1829,1005 1874,1005 1919,1002 1961,1002"/>
                <TextEquiv>
                    <Unicode>Menge von Häusern, Menschen und Vieh in die grö¬</Unicode>
                </TextEquiv>
            </TextLine>
            <TextLine id="r_22_tl_20" custom="readingOrder {index:19;}">
                <Coords points="1097,1050 1953,1063 1951,1010 1550,1028 1097,999"/>
                <Baseline points="1110,1032 1155,1032 1199,1035 1244,1038 1289,1038 1334,1041 1378,1038 1423,1038 1468,1041 1513,1044 1558,1041 1602,1044 1647,1044 1692,1044 1737,1047 1781,1044 1826,1047 1871,1044 1916,1044 1958,1047"/>
                <TextEquiv>
                    <Unicode>ste Gefahr gesetzt worden. Man weiß zwar noch</Unicode>
                </TextEquiv>
            </TextLine>
            <TextLine id="r_22_tl_21" custom="readingOrder {index:20;}">
                <Coords points="1095,1087 1958,1097 1955,1063 1864,1052 1095,1052"/>
                <Baseline points="1107,1074 1152,1074 1196,1077 1241,1077 1286,1077 1331,1080 1376,1080 1420,1083 1465,1083 1510,1083 1555,1086 1599,1086 1644,1086 1689,1086 1734,1086 1778,1089 1823,1089 1868,1089 1913,1089 1958,1086 1961,1086"/>
                <TextEquiv>
                    <Unicode>nicht mit Gewisheit, ob jemand dabey ums Leben ge¬</Unicode>
                </TextEquiv>
            </TextLine>
            <TextLine id="r_22_tl_22" custom="readingOrder {index:21;}">
                <Coords points="1091,1121 1642,1163 1772,1137 1836,1163 1949,1154 1947,1095 1089,1084"/>
                <Baseline points="1101,1113 1146,1116 1190,1119 1235,1119 1280,1119 1325,1119 1370,1122 1414,1122 1459,1122 1504,1125 1549,1128 1593,1128 1638,1131 1683,1131 1728,1131 1772,1131 1817,1131 1862,1131 1907,1131 1952,1131 1955,1128"/>
                <TextEquiv>
                    <Unicode>kommen; allein wir sind auch noch gar nicht vor meh¬</Unicode>
                </TextEquiv>
            </TextLine>
            <TextLine id="r_22_tl_23" custom="readingOrder {index:22;}">
                <Coords points="1087,1165 1163,1169 1211,1189 1226,1174 1254,1187 1276,1171 1291,1187 1317,1176 1367,1198 1498,1178 1498,1143 1437,1130 1391,1141 1324,1126 1130,1134 1087,1119"/>
                <Baseline points="1098,1158 1143,1161 1187,1161 1232,1164 1277,1164 1322,1164 1367,1167 1411,1167 1456,1167 1501,1170 1504,1170"/>
                <TextEquiv>
                    <Unicode>reren Ausbrüchen sicher.</Unicode>
                </TextEquiv>
            </TextLine>
            <TextEquiv>
                <Unicode></Unicode>
            </TextEquiv>
        </TextRegion>
        <TextRegion id="r_35" custom="readingOrder {index:2;}">
            <Coords points="1974,1255 1974,2427 1092,2427 1092,1255"/>
            <TextLine id="r_35_tl_1" custom="readingOrder {index:0;}">
                <Coords points="1350,1300 1402,1313 1418,1296 1479,1309 1509,1298 1566,1317 1600,1300 1674,1315 1692,1311 1690,1259 1642,1261 1618,1243 1531,1254 1498,1239 1459,1254 1413,1239 1348,1250"/>
                <Baseline points="1361,1286 1405,1289 1450,1289 1495,1289 1540,1292 1584,1292 1629,1292 1674,1295 1698,1298"/>
                <TextEquiv>
                    <Unicode>AVERTISSEMENT.</Unicode>
                </TextEquiv>
            </TextLine>
            <TextLine id="r_35_tl_2" custom="readingOrder {index:1;}">
                <Coords points="1137,1357 1951,1365 1951,1293 1907,1274 1664,1317 1137,1283"/>
                <Baseline points="1149,1340 1193,1340 1238,1343 1283,1343 1328,1343 1373,1343 1417,1343 1462,1343 1507,1346 1552,1346 1596,1346 1641,1346 1686,1346 1731,1349 1775,1349 1820,1349 1865,1349 1910,1349 1955,1346"/>
                <TextEquiv>
                    <Unicode>Bey dem Verleger dieser Zeitung ist zu haben: Dicti¬</Unicode>
                </TextEquiv>
            </TextLine>
            <TextLine id="r_35_tl_3" custom="readingOrder {index:2;}">
                <Coords points="1095,1394 1925,1411 1955,1404 1955,1365 1093,1348"/>
                <Baseline points="1107,1381 1152,1381 1196,1381 1241,1381 1286,1381 1331,1381 1376,1381 1420,1381 1465,1381 1510,1384 1555,1384 1599,1387 1644,1387 1689,1387 1734,1387 1778,1390 1823,1390 1868,1390 1913,1390 1958,1396 1961,1396"/>
                <TextEquiv>
                    <Unicode>onnaire portatif de Commerce ou Abregé de Savary,</Unicode>
                </TextEquiv>
            </TextLine>
            <TextLine id="r_35_tl_4" custom="readingOrder {index:3;}">
                <Coords points="1104,1439 1953,1435 1953,1407 1853,1396 1104,1396"/>
                <Baseline points="1116,1417 1161,1420 1205,1423 1250,1420 1295,1420 1340,1420 1384,1420 1429,1423 1474,1426 1519,1423 1564,1426 1608,1429 1653,1429 1698,1429 1743,1432 1787,1432 1832,1432 1877,1432 1922,1432 1958,1426"/>
                <TextEquiv>
                    <Unicode>7 Vol. gr. 8, Copenh. 761-762, 36 fl. 12 gr. Oeuv-</Unicode>
                </TextEquiv>
            </TextLine>
            <TextLine id="r_35_tl_5" custom="readingOrder {index:4;}">
                <Coords points="1095,1474 1960,1483 1958,1452 1914,1439 1095,1439"/>
                <Baseline points="1107,1462 1152,1459 1196,1462 1241,1462 1286,1462 1331,1459 1376,1462 1420,1462 1465,1465 1510,1465 1555,1465 1599,1465 1644,1468 1689,1468 1734,1468 1778,1468 1823,1471 1868,1471 1913,1474 1958,1474 1964,1477"/>
                <TextEquiv>
                    <Unicode>res de Theatre de Mr. Diderot, 2 Vol. 8. Berl. 763,</Unicode>
                </TextEquiv>
            </TextLine>
            <TextLine id="r_35_tl_6" custom="readingOrder {index:5;}">
                <Coords points="1095,1520 1955,1529 1955,1483 1095,1474"/>
                <Baseline points="1107,1504 1152,1501 1196,1501 1241,1501 1286,1501 1331,1501 1376,1501 1420,1504 1465,1504 1510,1504 1555,1507 1599,1510 1644,1510 1689,1510 1734,1510 1778,1513 1823,1513 1868,1513 1913,1513 1958,1513 1961,1513"/>
                <TextEquiv>
                    <Unicode>5 fl. 9 gr. Das tragische Theater der Griechen, des</Unicode>
                </TextEquiv>
            </TextLine>
            <TextLine id="r_35_tl_7" custom="readingOrder {index:6;}">
                <Coords points="1093,1555 1951,1568 1951,1524 1091,1520"/>
                <Baseline points="1104,1543 1149,1546 1193,1543 1238,1543 1283,1543 1328,1546 1373,1546 1417,1546 1462,1546 1507,1549 1552,1552 1596,1549 1641,1552 1686,1552 1731,1555 1775,1555 1820,1555 1865,1555 1910,1555 1955,1555"/>
                <TextEquiv>
                    <Unicode>Sophocles 1ter Band, und des Euripides 1ter Band,</Unicode>
                </TextEquiv>
            </TextLine>
            <TextLine id="r_35_tl_8" custom="readingOrder {index:7;}">
                <Coords points="1095,1611 1953,1605 1953,1570 1881,1561 1095,1555"/>
                <Baseline points="1107,1590 1152,1590 1196,1590 1241,1587 1286,1587 1331,1587 1376,1590 1420,1590 1465,1590 1510,1593 1555,1593 1599,1593 1644,1593 1689,1596 1734,1596 1778,1596 1823,1596 1868,1599 1913,1596 1958,1596"/>
                <TextEquiv>
                    <Unicode>gr. 8. Zürch 763, 7 fl. 15 gr. Wilkes Erinnerungen</Unicode>
                </TextEquiv>
            </TextLine>
            <TextLine id="r_35_tl_9" custom="readingOrder {index:8;}">
                <Coords points="1095,1637 1953,1666 1931,1605 1095,1609"/>
                <Baseline points="1107,1626 1152,1629 1196,1632 1241,1629 1286,1629 1331,1632 1376,1629 1420,1632 1465,1635 1510,1635 1555,1635 1599,1638 1644,1635 1689,1638 1734,1638 1778,1641 1823,1641 1868,1641 1913,1641 1958,1641"/>
                <TextEquiv>
                    <Unicode>an ein junges Frauenzimmer, für alle Auftritte des</Unicode>
                </TextEquiv>
            </TextLine>
            <TextLine id="r_35_tl_10" custom="readingOrder {index:9;}">
                <Coords points="1095,1698 1307,1679 1407,1707 1624,1688 1820,1712 1838,1648 1093,1635"/>
                <Baseline points="1107,1674 1152,1674 1196,1674 1241,1674 1286,1674 1331,1674 1376,1674 1420,1674 1465,1677 1510,1680 1555,1677 1599,1680 1644,1680 1689,1680 1734,1683 1778,1683 1823,1683 1844,1683"/>
                <TextEquiv>
                    <Unicode>Lebens, aus dem Engl. 8. Berlin 763, 1 fl.</Unicode>
                </TextEquiv>
            </TextLine>
            <TextLine id="r_35_tl_11" custom="readingOrder {index:10;}">
                <Coords points="1097,1796 1400,1783 1476,1812 1955,1825 1955,1757 1781,1731 1097,1735"/>
                <Baseline points="1110,1781 1155,1781 1199,1781 1244,1781 1289,1781 1334,1781 1378,1781 1423,1781 1468,1784 1513,1784 1558,1784 1602,1787 1647,1787 1692,1787 1737,1790 1781,1790 1826,1793 1871,1793 1916,1796 1961,1793"/>
                <TextEquiv>
                    <Unicode>Wechsel-Cours &amp; Species d. 17. Febr. 1764.</Unicode>
                </TextEquiv>
            </TextLine>
            <TextLine id="r_35_tl_12" custom="readingOrder {index:11;}">
                <Coords points="1093,1849 1339,1842 1391,1857 1415,1844 1485,1873 1522,1851 1553,1862 1553,1812 1526,1807 1418,1796 1391,1812 1348,1794 1204,1814 1178,1794 1093,1796"/>
                <Baseline points="1104,1835 1149,1835 1193,1832 1238,1835 1283,1835 1328,1838 1373,1835 1417,1838 1462,1838 1507,1841 1552,1838 1558,1838"/>
                <TextEquiv>
                    <Unicode>Amsterdam 41 Tage 380 gr.</Unicode>
                </TextEquiv>
            </TextLine>
            <TextLine id="r_35_tl_13" custom="readingOrder {index:12;}">
                <Coords points="1572,1864 1627,1847 1661,1853 1677,1868 1709,1851 1727,1864 1844,1868 1840,1818 1803,1818 1783,1799 1742,1818 1690,1801 1670,1812 1570,1794"/>
                <Baseline points="1584,1841 1629,1841 1674,1844 1719,1847 1764,1853 1808,1850 1847,1850"/>
                <TextEquiv>
                    <Unicode>71 Tage 378 gr.</Unicode>
                </TextEquiv>
            </TextLine>
            <TextLine id="r_35_tl_14" custom="readingOrder {index:13;}">
                <Coords points="1093,1890 1187,1886 1250,1916 1280,1903 1300,1918 1346,1892 1383,1892 1400,1910 1465,1899 1465,1851 1415,1844 1394,1857 1339,1842 1093,1849"/>
                <Baseline points="1104,1877 1149,1877 1193,1877 1238,1877 1283,1880 1328,1880 1373,1880 1417,1883 1462,1883 1471,1883"/>
                <TextEquiv>
                    <Unicode>Hamburg 3W. 166 gr.</Unicode>
                </TextEquiv>
            </TextLine>
            <TextLine id="r_35_tl_15" custom="readingOrder {index:14;}">
                <Coords points="1574,1899 1614,1892 1633,1905 1644,1894 1664,1901 1696,1894 1731,1912 1746,1899 1783,1907 1805,1903 1803,1864 1781,1855 1751,1868 1740,1857 1725,1862 1707,1851 1679,1866 1629,1847 1572,1864"/>
                <Baseline points="1587,1880 1632,1883 1677,1886 1722,1889 1767,1889 1811,1889"/>
                <TextEquiv>
                    <Unicode>6 W. 165 gr.</Unicode>
                </TextEquiv>
            </TextLine>
            <TextLine id="r_35_tl_16" custom="readingOrder {index:15;}">
                <Coords points="1093,1929 1148,1927 1152,1934 1167,1931 1174,1938 1187,1929 1195,1934 1211,1931 1211,1894 1198,1894 1189,1886 1154,1886 1143,1894 1128,1886 1108,1892 1093,1890"/>
                <Baseline points="1104,1919 1128,1919 1173,1919 1217,1916"/>
                <TextEquiv>
                    <Unicode>Berlin</Unicode>
                </TextEquiv>
            </TextLine>
            <TextLine id="r_35_tl_17" custom="readingOrder {index:16;}">
                <Coords points="1483,1936 1590,1931 1605,1945 1651,1947 1712,1942 1727,1929 1766,1945 1842,1938 1842,1901 1768,1907 1751,1894 1731,1910 1688,1894 1633,1907 1616,1892 1553,1897 1520,1870 1481,1873"/>
                <Baseline points="1495,1919 1540,1922 1584,1925 1629,1925 1674,1928 1719,1928 1764,1928 1808,1931 1847,1931"/>
                <TextEquiv>
                    <Unicode>Dantzig 3 pr. Cento.</Unicode>
                </TextEquiv>
            </TextLine>
            <TextLine id="r_35_tl_18" custom="readingOrder {index:17;}">
                <Coords points="1089,1979 1291,1968 1381,1973 1468,1999 1485,1995 1483,1916 1400,1910 1350,1936 1298,1918 1261,1938 1239,1923 1213,1940 1087,1927"/>
                <Baseline points="1098,1961 1143,1961 1187,1961 1232,1961 1277,1961 1322,1961 1367,1961 1411,1964 1456,1969 1489,1969"/>
                <TextEquiv>
                    <Unicode>Ducaten neue 11 fl. 7gr.</Unicode>
                </TextEquiv>
            </TextLine>
            <TextLine id="r_35_tl_19" custom="readingOrder {index:18;}">
                <Coords points="1529,1973 1772,1977 1847,1992 1907,1979 1907,1921 1886,1912 1849,1940 1770,1936 1755,1949 1729,1931 1661,1949 1605,1945 1592,1931 1529,1945"/>
                <Baseline points="1540,1964 1584,1964 1629,1967 1674,1969 1719,1969 1764,1972 1808,1972 1853,1972 1898,1969 1910,1969"/>
                <TextEquiv>
                    <Unicode>Alberts Taler 166 gr.</Unicode>
                </TextEquiv>
            </TextLine>
            <TextLine id="r_35_tl_20" custom="readingOrder {index:19;}">
                <Coords points="1087,2014 1163,2019 1204,2008 1226,2023 1241,2012 1252,2021 1280,2016 1298,2029 1372,2023 1372,1975 1304,1971 1276,1982 1265,1971 1202,1966 1087,1975"/>
                <Baseline points="1098,1999 1143,2002 1187,2002 1232,2005 1277,2005 1322,2005 1367,2005 1378,2005"/>
                <TextEquiv>
                    <Unicode>Rubel 4 fl. 23 gr.</Unicode>
                </TextEquiv>
            </TextLine>
            <TextLine id="r_35_tl_21" custom="readingOrder {index:20;}">
                <Coords points="1498,2023 1766,2023 1792,2040 1873,2025 1949,2042 1949,1988 1907,1971 1857,1992 1670,1971 1498,1979"/>
                <Baseline points="1510,2005 1555,2008 1599,2008 1644,2011 1689,2011 1734,2014 1778,2014 1823,2017 1868,2014 1913,2014 1955,2011"/>
                <TextEquiv>
                    <Unicode>Alt Polnisch Geld 40 pr. Cto.</Unicode>
                </TextEquiv>
            </TextLine>
            <TextLine id="r_35_tl_22" custom="readingOrder {index:21;}">
                <Coords points="1095,2075 1283,2084 1296,2071 1348,2069 1363,2080 1435,2069 1435,2019 1402,2032 1348,2021 1324,2036 1243,2012 1228,2023 1189,2010 1095,2023"/>
                <Baseline points="1107,2059 1152,2059 1196,2059 1241,2059 1286,2059 1331,2059 1376,2059 1420,2062 1441,2059"/>
                <TextEquiv>
                    <Unicode>Alte 12 36 pr. Cento.</Unicode>
                </TextEquiv>
            </TextLine>
            <TextLine id="r_35_tl_23" custom="readingOrder {index:22;}">
                <Coords points="1516,2077 1668,2082 1688,2069 1833,2093 1855,2077 1921,2093 1953,2082 1953,2027 1899,2047 1877,2029 1827,2045 1740,2021 1690,2034 1659,2019 1633,2032 1516,2021"/>
                <Baseline points="1528,2059 1573,2062 1617,2065 1662,2065 1707,2068 1752,2068 1796,2071 1841,2071 1886,2068 1931,2068 1958,2068"/>
                <TextEquiv>
                    <Unicode>Märcksch Geld 8 pr. Cento.</Unicode>
                </TextEquiv>
            </TextLine>
            <TextLine id="r_35_tl_24" custom="readingOrder {index:23;}">
                <Coords points="1137,2169 1921,2186 1951,2182 1951,2125 1134,2114"/>
                <Baseline points="1149,2152 1193,2158 1238,2158 1283,2155 1328,2158 1373,2158 1417,2158 1462,2158 1507,2161 1552,2161 1596,2164 1641,2164 1686,2164 1731,2166 1775,2166 1820,2169 1865,2166 1910,2169 1955,2166"/>
                <TextEquiv>
                    <Unicode>Diese Zeitungen werden Montags und Freytags um</Unicode>
                </TextEquiv>
            </TextLine>
            <TextLine id="r_35_tl_25" custom="readingOrder {index:24;}">
                <Coords points="1104,2212 1953,2219 1951,2175 1102,2162"/>
                <Baseline points="1113,2199 1158,2202 1202,2199 1247,2199 1292,2196 1337,2199 1381,2199 1426,2199 1471,2202 1516,2202 1561,2205 1605,2205 1650,2205 1695,2208 1740,2208 1784,2208 1829,2211 1874,2211 1919,2211 1958,2205"/>
                <TextEquiv>
                    <Unicode>10 Uhr Vormittags im Kanterschen Buchladen ausge¬</Unicode>
                </TextEquiv>
            </TextLine>
            <TextLine id="r_35_tl_26" custom="readingOrder {index:25;}">
                <Coords points="1095,2258 1949,2260 1949,2225 1892,2217 1095,2217"/>
                <Baseline points="1107,2250 1149,2241 1193,2241 1238,2241 1283,2238 1328,2238 1373,2238 1417,2241 1462,2241 1507,2244 1552,2247 1596,2247 1641,2247 1686,2250 1731,2250 1775,2250 1820,2250 1865,2250 1910,2253 1955,2247"/>
                <TextEquiv>
                    <Unicode>geben, allwo auch noch von den hiesigen resp. Liebhabern</Unicode>
                </TextEquiv>
            </TextLine>
            <TextLine id="r_35_tl_27" custom="readingOrder {index:26;}">
                <Coords points="1095,2341 1664,2378 1949,2360 1949,2306 1095,2295"/>
                <Baseline points="1107,2328 1152,2325 1196,2325 1241,2325 1286,2328 1331,2328 1376,2328 1420,2328 1465,2328 1510,2331 1555,2334 1599,2334 1644,2334 1689,2334 1734,2334 1778,2337 1823,2337 1868,2337 1913,2340 1955,2337"/>
                <TextEquiv>
                    <Unicode>aber belieben sich deshalb bey dem Postamt ihres Ort=</Unicode>
                </TextEquiv>
            </TextLine>
            <TextLine id="r_35_tl_28" custom="readingOrder {index:27;}">
                <Coords points="1089,2395 1111,2400 1145,2384 1158,2393 1176,2384 1200,2391 1222,2382 1248,2389 1278,2382 1278,2343 1256,2336 1237,2334 1228,2341 1200,2332 1187,2341 1178,2332 1171,2339 1156,2332 1089,2341"/>
                <Baseline points="1101,2375 1104,2375 1149,2369 1193,2369 1238,2369 1283,2369"/>
                <TextEquiv>
                    <Unicode>zu melden.</Unicode>
                </TextEquiv>
            </TextLine>
            <TextEquiv>
                <Unicode></Unicode>
            </TextEquiv>
        </TextRegion>
    </Page>
</PcGts>
