2479 3508
587 1204 719 1264 60tes
768 1209 924 1269 Stück.
987 1207 1214 1267 Montag,
1247 1207 1316 1267 den
1364 1207 1442 1267 27.
1474 1207 1638 1267 August
1663 1207 1811 1267 1764.

526 1279 839 1339 Copenhagen.

177 1327 351 1387 Herrn
381 1333 424 1393 J.
447 1330 497 1390 S.
519 1333 795 1393 Sneedorfs,
818 1328 1014 1388 öffentlichen
1044 1327 1174 1387 Lehrers

258 1381 379 1441 "des
411 1375 645 1435 Staatsrechts
677 1377 735 1437 auf
767 1377 814 1437 der
842 1375 1117 1435 Ritterakademie
1144 1370 1175 1430 zu

174 1423 337 1483 „Soroe,
362 1428 422 1488 und
447 1428 683 1488 Informators
715 1423 762 1483 bey
793 1425 866 1485 Sr.
885 1422 1024 1482 Königl.
1043 1419 1188 1479 Hoheit,

174 1472 312 1532 „Prinz
343 1479 609 1539 Friederich,
634 1474 754 1534 Briefe
780 1473 858 1533 über
889 1470 1082 1530 verschiedne
1113 1467 1179 1527 Ge¬

175 1530 394 1590 „genstände.
460 1527 531 1587 Aus
567 1524 620 1584 dem
668 1524 851 1584 Dänischen
894 1521 1065 1581 übersetzt,
1095 1520 1177 1580 8vo,

187 1579 319 1639 "1764,
344 1581 355 1641 1
386 1578 549 1638 Alphabet
568 1575 579 1635 1
610 1575 664 1635 und
695 1575 706 1635 1
731 1571 1003 1631 Viertelbygen."

1068 1566 1114 1626 Es
1143 1564 1175 1624 ist

174 1685 290 1745 rischen
321 1682 382 1742 und
401 1682 517 1742 andern
549 1682 702 1742 gelehrten
734 1676 899 1736 Briefen,
924 1676 948 1736 in
980 1676 1040 1736 sehr
1066 1672 1151 1732 gutem

171 1733 385 1793 Geschmacke
405 1733 625 1793 geschrieben,
657 1730 751 1790 denen
790 1727 820 1787 am
865 1729 959 1789 Ende
986 1725 1173 1785 pathetische

177 1781 445 1841 Betrachtungen
472 1781 524 1841 bey
556 1778 603 1838 dem
646 1775 731 1835 Tode
758 1775 841 1835 eines
868 1772 978 1832 jungen
1011 1771 1100 1831 Hrilt
1111 1769 1168 1829 vor

175 1825 454 1885 Rosenkranz
480 1819 651 1879 beygefügt
671 1817 754 1877 sind.
794 1816 872 1876 Wir
892 1817 1000 1877 wollen
1030 1817 1088 1877 nur
1113 1814 1167 1874 von

173 1873 227 1933 dem
279 1868 425 1928 Inhalte
451 1864 572 1924 einiger
603 1861 698 1921 etwas
734 1858 911 1918 gedenken.
967 1858 1043 1918 Der
1074 1855 1179 1915 sechste

173 1922 268 1982 redet
294 1919 349 1979 von
390 1912 440 1972 den
476 1910 688 1970 Verdiensten
724 1905 775 1965 des
810 1903 952 1963 Barons
988 1900 1048 1960 von
1084 1900 1184 1960 Hol¬

174 1972 304 2032 berg,
333 1964 377 2024 die
401 1960 422 2020 er
446 1959 502 2019 auf
519 1957 756 2017 unparteyische
779 1954 841 2014 Art
864 1951 959 2011 gegen
994 1948 1180 2008 nachtheili¬

174 2023 218 2083 ge
240 2018 383 2078 Urtheile
406 2008 511 2068 rettet.
561 2005 621 2065 Ein
650 2005 788 2065 andrer,
816 2002 865 2062 der
888 2002 987 2062 19te,
1010 1998 1109 2058 preist
1132 1994 1175 2054 die

178 2064 408 2124 musikalischen
437 2055 679 2115 Gesellschaften
703 2052 771 2112 an;
807 2052 864 2112 und
899 2049 950 2109 der
980 2046 1094 2106 darauf
1118 2043 1181 2103 fol¬

175 2115 278 2175 gende
308 2109 505 2169 vertheidigt
529 2106 580 2166 die
604 2104 818 2164 Singspiele.
866 2100 946 2160 Der
976 2098 1063 2158 20ste
1092 2094 1178 2154 redet

179 2163 237 2223 von
268 2162 314 2222 dem
356 2157 468 2217 großen
498 2157 651 2217 Einflusse
669 2156 722 2216 der
747 2151 994 2211 Schaubühne.
1018 2148 1065 2208 Es
1089 2145 1177 2205 heißt

177 2213 337 2273 darinnen
366 2211 456 2271 unter
478 2208 624 2268 andern:
646 2204 771 2264 "Unsre
786 2202 953 2262 Priester,
968 2197 1178 2257 Frauenzim=
1215 2195 1270 2255 daß
1299 2192 1333 2252 er
1362 2190 1382 2250 in
1418 2191 1501 2251 einer
1523 2196 1620 2256 neuen
1656 2198 1816 2258 Ausgabe
1845 2202 2020 2262 erscheint,
2041 2202 2118 2262 weil
2140 2206 2202 2266 wir

181 2262 268 2322 "mer
295 2261 349 2321 und
377 2255 714 2315 Comödienschreiber
736 2252 887 2312 vertreten
915 2249 969 2309 itzt
991 2248 1039 2308 die
1062 2246 1175 2306 Stelle

172 2312 421 2372 „derjenigen,
444 2306 557 2366 welche
580 2302 631 2362 bey
660 2300 716 2360 den
745 2302 829 2362 Alten
864 2300 914 2360 die
932 2294 1073 2354 Aufsicht
1096 2294 1175 2354 über

176 2351 257 2411 die
289 2358 402 2418 Sitten
438 2354 572 2414 hatten,
603 2350 664 2410 und
701 2349 783 2409 wozu
825 2350 891 2410 man
927 2345 1010 2405 keine
1041 2342 1179 2402 andern,

183 2404 265 2464 "als
283 2408 332 2468 die
350 2405 534 2465 weisesten,
552 2399 676 2459 ältesten
711 2397 769 2457 und
795 2396 1038 2456 ansehnlichsten
1064 2393 1180 2453 Perso=
1206 2390 1322 2450 theilig
1349 2387 1507 2447 gewefen.
1567 2396 1625 2456 Ob
1651 2397 1709 2457 wir
1743 2400 1801 2460 nun
1835 2402 1936 2462 gleich
1962 2402 2053 2462 dafür
2087 2402 2187 2462 halten

162 2449 254 2509 'nen
282 2452 308 2512 im
348 2452 473 2512 Staate
496 2446 653 2506 wählte."
720 2446 867 2506 Daraus
906 2442 1026 2502 werden
1059 2440 1086 2500 in
1125 2439 1173 2499 der

181 2503 282 2563 Folge
307 2502 457 2562 Schlüsse
482 2497 535 2557 für
566 2494 613 2554 die
638 2492 710 2552 gute
735 2496 940 2556 Einrichtung
976 2491 1024 2551 der
1048 2486 1174 2546 Bühne

177 2551 341 2611 gezogen.
387 2548 461 2608 Von
490 2545 540 2605 den
569 2542 745 2602 politischen
774 2544 966 2604 Zeitungen,
984 2536 1035 2596 die
1052 2536 1103 2596 der
1120 2539 1170 2599 23.

186 2598 387 2658 abhandelt,
411 2595 446 2655 ist
471 2593 517 2653 der
542 2590 642 2650 Verf.
666 2590 730 2650 kein
755 2595 909 2655 Freund,
933 2586 991 2646 und
1028 2584 1110 2644 lieset
1135 2584 1175 2644 sie

180 2650 240 2710 gar
268 2643 373 2703 nicht;
401 2642 461 2702 und
495 2640 544 2700 bey
584 2638 633 2698 den
672 2641 827 2701 gelehrten
866 2635 1021 2695 wünschte
1049 2632 1082 2692 er
1110 2632 1176 2692 eine

184 2700 276 2760 beßre
301 2691 540 2751 Einrichtung,
566 2685 670 2745 wobey
701 2686 731 2746 er
757 2690 861 2750 jedoch
892 2686 1076 2746 einräumt,
1108 2682 1162 2742 daß

190 2751 241 2811 sich
262 2745 404 2805 wichtige
431 2737 633 2797 Hindernisse
653 2733 776 2793 finden.
822 2741 900 2801 Der
920 2739 985 2799 29.
1005 2734 1063 2794 und
1096 2732 1167 2792 drey

187 2801 333 2861 folgende
355 2793 467 2853 Briefe
489 2787 573 2847 reden
602 2785 657 2845 von
686 2784 734 2844 dem
777 2788 946 2848 Charakter
968 2786 1079 2846 ganzer
1101 2781 1178 2841 Völ¬

182 2852 388 2912 kerschaften.
431 2843 513 2903 Der
548 2841 646 2901 Autor
688 2836 846 2896 läugnet,
872 2839 929 2899 daß
963 2839 995 2899 er
1029 2838 1061 2898 so
1095 2835 1177 2895 sehr,

1221 1277 1284 1337 wie
1308 1276 1406 1336 andre
1435 1273 1597 1333 meynen,
1626 1274 1678 1334 von
1713 1274 1766 1334 dem
1807 1273 1910 1333 Clima
1946 1276 2125 1336 abhienge;
2149 1279 2212 1339 und

1217 1321 1310 1381 leitet
1333 1321 1382 1381 ihn
1421 1321 1581 1381 vielmehr
1614 1321 1669 1381 aus
1708 1321 1906 1381 moralischen
1945 1323 2105 1383 Gründen
2144 1326 2215 1386 her,

1222 1366 1318 1426 daher
1335 1366 1363 1426 er
1386 1368 1453 1428 auch
1482 1367 1544 1427 eine
1568 1367 1754 1427 Aenderung
1783 1369 1924 1429 desselben
1959 1369 2009 1429 für
2032 1371 2122 1431 leicht
2134 1375 2218 1435 hält.

1213 1413 1289 1473 Wir
1313 1413 1490 1473 übergehen
1520 1416 1572 1476 das
1591 1416 1720 1476 übrige,
1738 1418 1790 1478 das
1815 1418 1979 1478 gleichfals
1998 1419 2203 1479 lesenswerth

1212 1462 1277 1522 ist,
1300 1464 1360 1524 und
1394 1464 1554 1524 bemerken
1599 1464 1659 1524 nur
1688 1466 1759 1526 noch
1798 1464 1847 1524 die
1876 1465 2136 1525 Uebersetzung,
2164 1470 2213 1530 die

1214 1509 1324 1569 schön,
1353 1512 1598 1572 ungezwungen
1633 1513 1696 1573 und
1727 1515 1889 1575 fließend,
1930 1515 2116 1575 imgleichen
2151 1518 2203 1578 den

1211 1563 1382 1623 Abdruck,
1407 1563 1459 1623 der
1477 1561 1542 1621 sehr
1567 1563 1678 1623 sauber
1697 1564 1844 1624 gerathen
1874 1563 1927 1623 ist.
1969 1563 2087 1623 Kostet
2106 1566 2135 1626 in
2159 1567 2211 1627 der

185 1631 251 1691 eine
272 1631 481 1691 Sammlung
510 1630 563 1690 von
591 1625 819 1685 moralischen,
840 1622 1050 1682 politischen,
1078 1619 1178 1679 histo=
1214 1613 1429 1673 Kanterschen
1450 1613 1713 1673 Buchhandlung
1735 1613 1849 1673 allhier
1870 1613 1924 1673 wie
1952 1613 2018 1673 auch
2046 1615 2072 1675 in
2093 1616 2207 1676 Elbing

1217 1666 1280 1726 und
1305 1667 1416 1727 Mitau
1448 1667 1463 1727 2
1488 1667 1527 1727 fl.
1552 1667 1559 1727 9
1592 1667 1639 1727 gr.

1602 1724 1824 1784 Hamburg.

1239 1772 1468 1832 Anseitung
1496 1772 1542 1832 zum
1584 1774 1860 1834 kaufmännischen
1888 1775 2131 1835 Briefwechsel,
2139 1776 2192 1836 zum

1200 1812 1351 1872 Besten
1375 1819 1491 1879 junger
1509 1819 1806 1879 Handelsbediente
1824 1822 2005 1882 aufgesetzt,
2023 1821 2081 1881 von
2110 1825 2214 1885 Joh.

1213 1855 1419 1915 „Joachim
1473 1862 1731 1922 Schwaben.
1762 1866 1820 1926 gr.
1845 1867 1926 1927 8vo,
1956 1867 2074 1927 1764,
2098 1871 2115 1931 9
2145 1873 2203 1933 und

1211 1891 1253 1951 „1
1280 1901 1386 1961 halber
1413 1903 1572 1963 Bogen."
1631 1906 1679 1966 Es
1706 1909 1742 1969 ist
1764 1912 1934 1972 allerdings
1961 1912 2120 1972 nutzlich,
2153 1919 2210 1979 daß

1210 1948 1263 2008 der
1286 1948 1355 2008 gute
1378 1948 1567 2008 Geschmack
1589 1953 1669 2013 nicht
1692 1954 1756 2014 bloß
1784 1954 1810 2014 in
1838 1956 1881 2016 die
1903 1957 2043 2017 Sphäre
2071 1960 2119 2020 der
2141 1964 2211 2024 Ge¬

1207 1998 1325 2058 lehrten
1361 1996 1598 2056 eingeschränkt
1615 1999 1740 2059 bleibe,
1763 2002 1893 2062 sondern
1928 2003 1978 2063 sich
2013 2008 2081 2068 auch
2115 2011 2205 2071 durch

1204 2044 1252 2104 die
1274 2043 1453 2103 niedrigern
1486 2044 1621 2104 Stände
1649 2043 1703 2103 des
1731 2046 1850 2106 Lebens
1883 2051 2056 2111 verbreite.
2106 2057 2197 2117 Eben

1212 2097 1235 2157 zu
1266 2095 1312 2155 dem
1354 2093 1443 2153 Ende
1473 2094 1508 2154 ist
1532 2094 1793 2154 gegenwärtiger
1823 2101 2107 2161 Briefsteller
2132 2106 2202 2166 für

1206 2143 1441 2203 Kaufleute
1472 2142 1671 2202 aufgesetzt;
1708 2147 1767 2207 von
1804 2147 1852 2207 dem
1901 2151 1961 2211 wir
1992 2154 2203 2214 vermuthen,

1206 2243 1256 2303 die
1281 2240 1437 2300 Zuschrift
1457 2243 1544 2303 1561
1570 2247 1801 2307 unterzeichnet
1820 2249 1945 2309 finden.
2002 2252 2082 2312 Der
2102 2255 2201 2315 Verf.

1205 2292 1343 2352 glaubt,
1368 2291 1413 2351 die
1437 2294 1617 2354 bisherigen
1647 2300 1885 2360 Anweisungen
1921 2303 1949 2363 zu
1978 2305 2210 2365 Kaufmanns¬

1205 2341 1320 2401 briefen
1350 2336 1454 2396 wären
1484 2343 1530 2403 dem
1571 2349 1786 2409 Natürlichen
1815 2351 1861 2411 der
1892 2354 2089 2414 Schreibart
2118 2354 2210 2414 nach¬

1205 2437 1258 2497 daß
1288 2437 1365 2497 seine
1389 2437 1477 2497 eigne
1496 2444 1686 2504 Anweisung
1710 2449 1792 2509 nicht
1817 2446 1941 2506 allemal
1966 2449 1989 2509 so
2013 2449 2072 2509 gar
2090 2449 2208 2509 natür¬

1209 2488 1256 2548 lich
1287 2484 1346 2544 sey,
1371 2486 1449 2546 weil
1474 2491 1521 2551 sich
1552 2494 1618 2554 noch
1648 2499 1792 2559 manches
1817 2493 2063 2553 Altfränkische,
2082 2497 2142 2557 das
2167 2498 2196 2558 er

1204 2533 1357 2593 vielleicht
1383 2534 1437 2594 für
1463 2546 1702 2606 unentbehrlich
1740 2545 1838 2605 hielt,
1863 2545 2097 2605 eingeschlichen
2135 2549 2202 2609 hat,

1203 2584 1266 2644 und
1290 2584 1347 2644 wir
1372 2585 1440 2645 auch
1464 2589 1534 2649 noch
1564 2593 1632 2653 hier
1656 2594 1714 2654 und
1738 2593 1795 2653 da,
1819 2590 1976 2650 wiewohl
2000 2592 2028 2652 in
2058 2597 2208 2657 Kleinig=

1205 2632 1326 2692 keiten,
1350 2635 1465 2695 größre
1489 2643 1732 2703 Genauigkeit,
1762 2641 1819 2701 und
1849 2638 1935 2698 mehr
1959 2643 2121 2703 Sorgfalt
2145 2644 2197 2704 für

1212 2682 1265 2742 das
1290 2682 1368 2742 Edle
1393 2689 1597 2749 wünschten,
1622 2692 1646 2752 so
1671 2688 1779 2748 tragen
1810 2685 1870 2745 wir
1888 2687 1955 2747 doch
1985 2690 2045 2750 kein
2076 2693 2208 2753 Beden¬

1208 2733 1288 2793 ken,
1324 2733 1404 2793 diese
1433 2742 1670 2802 Anleitung
1712 2736 1815 2796 allen,
1856 2736 1954 2796 denen
1995 2739 2035 2799 sie
2064 2742 2197 2802 dienlich

1208 2782 1273 2842 seyn
1304 2781 1411 2841 kann,
1430 2790 1659 2850 anzupreisen.
1709 2787 1756 2847 In
1787 2784 1834 2844 der
1865 2787 2196 2847 Vorbereitung

1207 2834 1287 2894 wird
1321 2838 1374 2898 vom
1415 2844 1709 2904 Schönschreiben,
1736 2835 2016 2895 Rechtschreiben,
2037 2838 2211 2898 geschwin¬

2123 2888 2207 2948 den,
