2034 2755
219 189 1078 262 ehemalige Landhofmeister, und nunmehrige sächsische
219 247 1071 293 Cabinetsminister von der Howen sich erdreusten würde
226 290 1065 336 sich zum Anführer solcher Uebelgesinneten aufzuwer
230 329 1071 383 fen, die alles dasjenige, so in Ansehung ihrer gesche
230 370 1078 415 hen, lediglich ihrer eigenen Hartnäckigkeit und Wieder¬
230 411 1071 463 spenstigkeit zu danken haben. Wann aber Wir nach
219 456 1071 508 Unsern für den Wohl= und Ruhestand dieser Herzog
219 497 1078 538 thümer hegenden großmüthigen Gesinnungen, welche
224 534 1071 583 dem ganzen Lande zur Gnüge bekannt sind, und durch
219 620 1071 658 ben können, noch wollen, daß dergleichen innerliche
226 658 1078 708 Zerrüttungen und Unruhen weiter um sich greifen mö¬
219 699 1078 749 gen: So befehlen Wir euch hiedurch allergnädigst ob¬
224 751 1071 794 gedachten sächsischen Cabinetsminister von der Howen
217 779 1069 826 als ehemahligen Curländischen Landhofmeister und
224 822 1076 871 allen seinen Adhärenten aufs nachdrücklichste begreif¬
224 865 1071 912 lich zu machen, wie Wir höchst mißfälligst vernehmen
217 906 1069 957 müssen, daß sie keine Scheu tragen, allerley Mitte
215 938 1078 987 anzuwenden, das Land wider ihres rechtmäßigen Her¬
215 990 1940 1052 zogs Durchl. aufzuwiegeln, ohne dabey auf Unsere, ih= Durchl. dem Herzog bestellten Landesofficianten, als
217 1028 1938 1099 nen wohlbekannte großmüthige Gesinnungen einiges denen neu installirten Oberräthen, Oberhaupt= und
224 1069 1943 1132 Rücksinnen zu tragen, die bloß dahin gerichtet sind, Hauptmännern, wie auch der sämtlichen Ritter= und
224 1108 1071 1157 um die allgemeine Wohlfart und den innern Ruhe¬
230 1144 1071 1203 stand in ihrem Vaterlande durch die vollkommene
230 1192 1071 1243 Wiederherstellung ihres Landesherrn zu befestigen;
219 1228 1071 1280 daß sie vermuthlich nur deswegen aus Rache so kühn
219 1271 1069 1323 und so verwegen handeln, weil sie ihrer Aemter entsez¬
219 1321 1940 1379 zet worden; daß aber weder der Herzog, noch anch Rit= als einer benachbarten Provinz, jederzeit Unsere Sorg¬
224 1357 1071 1409 ter= und Landschaft hieran Schuld sey, sondern sie sol¬
226 1394 1069 1439 ches lediglich ihrer eigenen Wiederspänstigkeit, Unge¬
226 1428 1069 1484 horsam, und ungebührlichem Betragen beyzumessen ha=
219 1476 1069 1525 ben, indem da Sie auf die Unserer Seits, so wie auch
215 1517 1073 1564 abseiten des Herzogs, und der damahligen Landesver¬
230 1562 1071 1616 sammlung geschehene Ermahnungen nicht reflectiren
219 1605 1069 1659 willen, Sr. Durchl. dem Herzog und der Ritter= und
226 1648 1069 1693 Landschaft nichts anders übrig geblieben, als zu Bey¬
224 1687 1076 1743 behaltung aller guten Ordnung im Lande zu treffen, die
217 1727 1080 1770 auch von Uns für billig erkannt, und genehmiget wor¬
224 1768 1071 1816 den; daß es sehr überflüßig ware, wenn jetzo der von
215 1809 1065 1857 Howen und die mit ihm gleiche Sprache führen, nach
217 1850 1071 1906 Warschau abgefertiget werden solten, indem ja leicht
217 1891 1065 1938 voraus zu sehen ist, daß sie bey ihrer Schwäche niemals
219 1932 1071 1981 etwas in ihren verwagenen Unternehmungen gewin¬
219 1975 1071 2020 nen würden, durch welche sie sich vergebens schmeicheln
219 2014 1069 2067 die Oberhand zu bekommen, oder dadurch noch mehr ih=
219 2054 1067 2100 re Mitbrüder in ihrer Bosheit und Widersetzlichkeit zu
230 2100 1071 2153 starken; daß Wir in Betracht der Nachbarschaft mit
215 2132 1063 2190 unserm Reiche, großen Antheil an dem Wohlstande ih
224 2177 1063 2231 res Vaterlandes nähmen, und um desto mehr Unsere
219 2220 1067 2272 Bemühungen dahin richteten, um die Ruhe und Ein¬
219 2257 1067 2313 tracht daselbst, durch die Befestigung ihres rechtmäßigen
215 2295 1065 2347 Landesherrn auf den fürstlichen Stuhl zu befordern;
224 2345 1082 2405 daß Wir dahero noch in Gnaden geneigt sind, sie aufs
1091 172 1953 273 neue, und allen Ernstes zu ermahnen, von der ihnen
1101 254 1940 308 selbst schädlichen Widerspänstigkeit abzustehen, und
1093 305 1943 355 nicht nur aller Verwirrungen und Aufwiegelungen sich
1095 344 1945 394 gänzlich zu enthalten, sondern auch ihren rechtmäßigen
1093 379 1943 437 Herzog allen schuldigen Gehorsam und Ehrerbietung
1104 419 1943 480 zu leisten, mithin eine solche Delegation nach Pohlen
1099 467 1943 527 gänzlich einzustellen, die ihnen keinesweges anständig.
1093 503 1938 564 ist, und nur Unsern grösten Unwillen gegen sie, als eine
1091 538 1940 602 kleine und schwache Parthie erreget; daß aber endlich
219 577 1949 632 überzeugende Merkmahle erwiesen worden, nicht zuge= auch im widrigen Fall, wir solches alles nicht mit gleich¬
1095 632 1938 691 gültigen Augen ansehen, und nicht nur diejenige, die
1093 673 1940 721 als Delegirte nach Warschau abgehen solten, sondern
1095 701 1940 762 auch alle die, welche an einer solchen Delegation Theil
1095 742 1938 802 haben möchten, als Feinde und Stöhrer der Ruhe ihres
1093 792 1940 848 Vaterlandes betrachten, und mit ihnen, so wie es ihre
1095 830 1943 884 Bosheit verdienet, verfahren, sie aber alsdann schon zu
1099 865 1940 934 spät ihr hartes Schicksal bereuen werden, welches sie
1091 912 1947 972 gleichwol niemanden anders, als sich selbst beyzumessen
1093 955 1953 1005 haben. Dahingegen habt ihr zugleich allen von Sr.
1095 1114 1934 1175 Landschaft, die bisher allen schuldigen Gehorsam gegen
1093 1155 1938 1222 ihren Landesherrn ihrer Eidespflicht gemäß geleistet,
1097 1200 1938 1256 Unserer Kayserl. Huld und fortwährenden Protection
1086 1239 1936 1304 zu versichern, mit dem Beyfugen, daß Wir auf die be¬
1095 1289 1945 1338 ständige und dauerhafte Wohlfart ihres Vaterlandes,
1089 1370 1945 1422 falt gerichtet seyn laßen werden und danächst der Hof¬
1089 1409 1940 1461 nung leben, sie werden insgesammt durch die genaue¬
1099 1439 1940 1510 ste Erfüllung ihrer Pflichten gegen ihren rechtmäßigen
1089 1484 1940 1545 Landesherrn, sich um unser Kayserl. Wohlwollen immer
1093 1527 1945 1607 mehr und mehr verdient machen. Gegeben St. Pe¬
1089 1562 1564 1622 tersburg, den 23. Jan. 1764.
1125 1594 1857 1695 Das Original im rußischen ist unterschrieben:
1534 1652 1803 1708 Catharina.
1360 1674 1934 1758 contrasignirt: Fürst Alex. Gallitzin.
1108 1706 1932 1805 Das Translat selbst ist von Jhro Kayserl. Majest.
1093 1766 1790 1824 Ministern folgendermaßen attestirt worden:
1222 1816 1796 1889 Ad mand. S. 1. M. tot. Russ. special.
1424 1852 1644 1912 N. Panin.
1663 1829 1938 1921 Pr. A. Gallitzin.
1093 1895 1934 1999 Wechsel-Cours & Species d. 24. Febr. 1764.
1086 1962 1822 2050 Amsterdam 41 Tage 383gr. 71 Tage 381 gr.
1093 2018 1450 2100 Hamburg 3 W. 167gr.
1562 2022 1788 2102 6 W. 166 gr.
1093 2057 1213 2113 Berlin
1465 2050 1624 2125 Dantzig
1086 2087 1519 2166 Ducaten neue 11 fl. 12 gr.
1534 2089 1895 2164 Alberts Taler 66 gr.
1084 2138 1364 2203 Rubel 4 fl. 23 gr.
1487 2132 1932 2218 Alt Polnisch Geld 40 pr. Cto.
1093 2179 1426 2259 Alte 1. 35 pr. Cento.
1502 2196 1932 2270 Märcksch Geld 8 pr. Cento.
1089 2252 1934 2349 Diese Gelehrte und Politische Zeitung wird des Montags
1179 2321 1850 2403 und Freytags in dem Kanterschen Buchladen
1418 2353 1611 2414 ausgegeben.
