2479 3508
430 342 693 402 Warschau,
726 342 775 402 den
814 345 851 405 3.
883 345 995 405 Sept.

253 392 343 452 Noch
372 392 429 452 alle
452 392 543 452 Tage
566 392 606 452 ist
635 392 691 452 auf
715 395 982 455 gegenwärtigem
1023 393 1222 453 Reichstage

204 443 342 503 Session
375 440 535 500 gewesen.
585 440 635 500 Am
674 443 906 503 Donnerstage
929 443 1017 503 ward
1050 444 1105 504 das
1133 443 1221 503 Pro¬

206 492 264 552 ject
291 488 460 548 verlesen,
492 488 550 548 wie
577 488 841 548 gegenwärtiger
868 494 1074 554 Reichstag,
1112 495 1228 555 beson¬

210 542 285 602 ders
307 539 377 599 was
404 539 452 599 die
470 539 653 599 eigentliche
675 540 783 600 Wahl
805 542 940 602 betrift,
978 545 1119 605 gehalten
1152 542 1232 602 wer¬

214 592 264 652 den
293 589 384 649 solle.
436 589 510 649 Die
533 589 749 649 Ritterschaft
767 590 852 650 setzte
875 592 949 652 auch
984 592 1051 652 ihre
1080 592 1239 652 Mitglie¬

212 641 261 701 der
292 640 347 700 zum
388 638 806 698 General=Capturgericht
832 640 923 700 aus,
948 640 1048 700 davon
1090 640 1150 700 wie
1180 642 1235 702 ge¬

213 691 390 751 wöhnlich,
413 691 455 751 die
483 688 790 748 Reichsmarschalle
818 688 861 748 die
883 688 1033 748 Häupter
1061 690 1142 750 sind,
1158 690 1223 750 und

210 739 392 799 diesesmal
414 739 463 799 der
486 739 712 799 Lithauische,
735 739 767 799 da
801 739 850 799 der
878 739 1231 799 Krongroßwarschall

210 789 280 849 noch
308 789 448 849 immer,
476 786 535 846 wie
557 786 670 846 bisher
692 789 886 849 verbleibet.
958 789 1038 849 Der
1060 789 1233 849 Dissiden¬

209 841 260 901 ten
286 839 373 899 ward
400 837 467 897 auch
493 837 611 897 wieder
633 837 777 897 gedacht.
840 839 891 899 Am
933 840 1087 900 Freytage
1119 838 1227 898 wurde

215 889 336 949 wieder
364 888 400 948 ein
427 885 590 945 Entwurf
607 885 712 945 wegen
739 888 791 948 der
814 888 977 948 Ordnung
1009 891 1067 951 und
1100 886 1236 946 Sicher=

217 939 285 999 heit
303 938 355 998 bey
390 939 441 999 der
465 938 568 998 Wahl
592 939 712 999 gelesen
748 938 810 998 und
840 939 1047 999 festgesetzet,
1071 941 1128 1001 daß
1163 936 1232 996 nie¬

216 989 312 1049 mand
335 986 385 1046 bey
414 984 520 1044 harter
544 987 667 1047 Strafe
679 987 729 1047 sich
752 987 949 1047 unterstehen
978 987 1079 1047 sollte,
1091 987 1231 1047 Schieß¬

215 1035 343 1095 gewehr
369 1034 394 1094 zu
426 1031 523 1091 lösen.
575 1034 662 1094 Man
693 1033 739 1093 las
765 1031 811 1091 die
827 1033 955 1093 Recesse
976 1034 1063 1094 derer
1084 1034 1160 1094 vor,
1182 1031 1227 1091 die

217 1086 264 1146 sich
296 1082 348 1142 bey
375 1079 428 1139 dem
476 1079 607 1139 vorigen
634 1079 835 1139 Reichstage
867 1079 1084 1139 manifestiret
1116 1080 1236 1140 haben,

219 1133 277 1193 und
305 1129 380 1189 fand
408 1130 462 1190 des
484 1129 575 1189 Hrn.
592 1127 791 1187 Woywoden
825 1127 878 1187 von
906 1127 986 1187 Kiow
1025 1130 1122 1190 seinen
1150 1130 1235 1190 nicht

219 1182 273 1242 vor
295 1180 517 1240 hinlänglich.
572 1178 664 1238 Man
697 1178 805 1238 redete
833 1178 1006 1238 besonders
1039 1179 1142 1239 wider
1175 1178 1223 1238 den

214 1230 314 1290 Fürst
344 1228 486 1288 Bischof
517 1228 575 1288 von
617 1228 782 1288 Cracau,
819 1227 877 1287 daß
919 1228 989 1288 man
1032 1227 1126 1287 durch
1162 1226 1215 1286 dem

220 1279 515 1339 Reichsinstigator
539 1277 621 1337 seine
639 1279 887 1339 Manifestation
917 1279 1070 1339 cassiren,
1082 1278 1141 1338 und
1165 1276 1212 1336 ihm

215 1334 269 1394 sein
300 1330 518 1390 Herzogthum
568 1330 629 1390 und
666 1327 860 1387 bischöfliche
885 1332 994 1392 Güter
1025 1330 1232 1390 sequestriren

214 1383 318 1443 sollte.
365 1379 457 1439 Man
487 1378 567 1438 setzte
591 1378 637 1438 die
661 1381 846 1441 Audienzen
881 1381 927 1441 der
957 1383 1096 1443 fremden
1125 1381 1240 1441 Mini¬

217 1431 270 1491 ster
300 1428 393 1488 unter
418 1428 470 1488 dem
512 1428 688 1488 Schoppen
713 1428 795 1488 fest,
819 1431 1013 1491 dergestalt,
1043 1431 1102 1491 daß
1132 1431 1237 1491 Mon¬

207 1479 311 1539 tags,
340 1479 386 1539 als
410 1476 531 1536 heute,
561 1477 612 1537 der
631 1476 822 1536 Päbstliche
840 1479 1019 1539 Nuntius,
1043 1479 1228 1539 Dienstags

208 1530 259 1590 der
289 1529 388 1589 Russ.
406 1526 632 1586 Kayserliche,
656 1527 842 1587 Mitwochs
872 1530 923 1590 der
941 1530 1080 1590 Königl.
1099 1530 1243 1590 Preußi¬

217 1579 273 1639 sche
297 1574 393 1634 Groß
410 1575 598 1635 botschafter
622 1575 689 1635 ihre
713 1578 889 1638 Audienz,
913 1581 975 1641 und
999 1580 1237 1640 Donnerstags

219 1623 264 1683 die
287 1622 343 1682 vom
383 1625 535 1685 Herzoge
558 1622 614 1682 von
643 1625 789 1685 Curland
812 1625 907 1685 Ernst
931 1628 1065 1688 Johann
1100 1628 1161 1688 hier
1190 1627 1235 1687 be=

214 1673 361 1733 findliche
385 1670 584 1730 Deputirte,
607 1672 658 1732 die
675 1673 863 1733 Exlaubniß
886 1673 988 1733 haben
1018 1676 1165 1736 werden,
1188 1676 1239 1736 die

212 1718 515 1778 Angelegenheiten
546 1718 596 1778 des
622 1718 869 1778 Herzogthums
895 1720 1042 1780 Curland
1073 1718 1239 1778 vorzutra¬

211 1769 296 1829 gen;
322 1764 417 1824 indem
459 1760 590 1820 daselbst
616 1760 706 1820 selbst
728 1757 803 1817 die,
829 1760 940 1820 welche
971 1760 1022 1820 die
1047 1760 1244 1820 gegenwär¬

211 1814 277 1874 tige
300 1808 496 1868 Regierung
524 1805 708 1865 erkennen,
737 1804 854 1864 wieder
888 1808 1043 1868 diejenige
1078 1805 1245 1865 Constitu¬

221 1864 280 1924 tion
311 1858 370 1918 vom
419 1855 516 1915 letzten
547 1855 1005 1915 Convocationsreichstage,
1042 1861 1132 1921 durch
1162 1857 1240 1917 wel=

215 1914 265 1974 che
291 1912 397 1972 Ernst
418 1910 549 1970 Johann
588 1909 638 1969 als
658 1911 784 1971 Herzog
822 1913 961 1973 erkannt
987 1913 1050 1973 und
1083 1912 1233 1972 bestätigt

220 1963 375 2023 worden,
405 1963 625 2023 manjfestiret
643 1962 776 2022 haben,
800 1963 823 2023 in
852 1963 1026 2023 Ansehung
1056 1965 1107 2025 der
1131 1964 1240 2024 darin¬

218 2017 271 2077 nen
308 2014 366 2074 mit
388 2014 594 2074 befindlichen
621 2011 795 2071 Punkten,
822 2014 932 2074 welche
954 2014 1007 2074 den
1034 2014 1240 2074 Hauptrech¬

213 2064 264 2124 ten
301 2062 352 2122 von
394 2061 544 2121 Curland
576 2061 726 2121 entgegen
763 2061 846 2121 sind.
913 2061 965 2121 Am
1018 2062 1235 2122 Sonnabend

225 2113 335 2173 schwur
363 2112 412 2172 der
441 2109 641 2169 Lithauische
664 2112 907 2172 Hofmarschall
925 2112 1018 2172 Fürst
1036 2112 1241 2172 Sangusko,

221 2164 316 2224 dessen
348 2163 448 2223 Receß
475 2161 522 2221 für
543 2160 602 2220 gut
623 2160 760 2220 erkannt
776 2160 935 2220 worden,
962 2160 1009 2220 als
1036 2161 1220 2221 Vice=Mar

217 2214 312 2274 schall
334 2213 386 2273 der
419 2208 898 2268 General=Capturgerichte,
931 2211 994 2271 und
1026 2211 1095 2271 man
1128 2208 1239 2268 schritt

227 2265 278 2325 zur
309 2258 490 2318 Verlesung
527 2255 578 2315 der
604 2253 764 2313 Pactorum
811 2256 1084 2316 Conventorum,
1121 2261 1234 2321 welche

222 2312 281 2372 aus
325 2306 362 2366 40
401 2306 557 2366 Artickeln
595 2301 762 2361 bestehen,
801 2305 865 2365 und
904 2309 1065 2369 zweymal
1093 2309 1222 2369 verlesen

222 2354 383 2414 wurden,
411 2353 470 2413 und
498 2350 562 2410 doch
595 2351 659 2411 noch
687 2351 713 2411 in
741 2353 838 2413 vielen
865 2357 1005 2417 Stücken
1033 2357 1103 2417 sehr
1125 2357 1222 2417 vielen

219 2405 477 2465 Erinnerungen
517 2396 698 2456 ausgesetzt
738 2402 875 2462 waren,
915 2410 1129 2470 ohngeachtet
1174 2407 1229 2467 des

219 2458 396 2518 schlimmen
430 2446 596 2506 Wetters,
619 2447 752 2507 welches
775 2455 935 2515 denselben
963 2456 1035 2516 Tag
1058 2455 1146 2515 war,
1169 2457 1229 2517 und

222 2509 297 2569 auch
325 2506 352 2566 so
387 2503 565 2563 aufhörte,
608 2497 669 2557 daß
697 2497 758 2557 aus
786 2502 868 2562 jeder
903 2506 1082 2566 Provinz,
1117 2506 1233 2566 welche

217 2557 395 2617 ausgesetzt
412 2553 567 2613 worden,
596 2547 645 2607 die
668 2545 757 2605 unter
785 2548 829 2608 sich
858 2553 907 2613 die
936 2554 1030 2614 Pacta
1058 2554 1230 2614 Conventa

225 2606 446 2666 durchgehen,
473 2605 538 2665 und
565 2601 695 2661 hernach
729 2596 787 2656 mit
814 2599 898 2659 ihrer
919 2605 1141 2665 Approbation
1174 2605 1239 2665 ein¬

225 2655 387 2715 händigen
415 2652 530 2712 sollen.
565 2648 761 2708 Besonders
788 2643 890 2703 wurde
918 2650 965 2710 die
986 2655 1128 2715 künftige
1149 2655 1236 2715 pohl.

223 2706 324 2766 nische
345 2700 508 2760 Kleidung
536 2700 589 2760 des
611 2700 712 2760 neuen
741 2694 869 2754 Königs
897 2696 964 2756 sehr
985 2703 1114 2763 lebhaft
1135 2705 1236 2765 gefor¬

223 2754 315 2814 dert,
339 2751 396 2811 von
432 2751 483 2811 der
513 2748 541 2808 in
577 2749 629 2809 den
658 2748 762 2808 Pactis
786 2742 965 2802 Conventis
989 2754 1087 2814 nichts
1117 2757 1232 2817 stand;

227 2805 271 2865 die
297 2802 459 2862 Litthauer
485 2800 705 2860 verlangten,
737 2797 793 2857 daß
825 2793 881 2853 der
907 2797 1019 2857 König
1045 2804 1076 2864 so
1108 2805 1164 2865 wie
1196 2802 1220 2862 in

226 2854 385 2914 Pohlen,
409 2852 473 2912 also
498 2849 562 2909 auch
592 2848 615 2908 in
645 2847 792 2907 Lithauen
822 2847 1063 2907 wechselsweise
1082 2852 1223 2912 residiren

226 2907 337 2967 sollte.
381 2904 467 2964 Man
502 2900 605 2960 wollte
631 2900 674 2960 die
700 2900 725 2960 in
752 2898 803 2958 den
830 2894 941 2954 Pactis
959 2901 1139 2961 Conventis
1166 2903 1217 2963 dem

1270 349 1402 409 Könige
1423 351 1449 411 zu
1483 354 1575 414 seiner
1602 354 1767 414 alleinigen
1795 354 1894 414 Ordre
1914 351 2139 411 angewiesene
2160 354 2172 414 4
2193 354 2285 414 Gar=

1270 398 1524 458 deregimenter,
1535 401 1590 461 und
1618 401 1689 461 noch
1718 404 1889 464 besondere
1917 402 2000 462 1200
2034 398 2138 458 Mann
2166 404 2282 464 Haus¬

1263 449 1399 509 truppen
1430 452 1513 512 nicht
1531 452 1751 512 approbiren.

1342 522 1468 582 Extract
1492 524 1549 584 aus
1573 527 1659 587 einem
1700 530 1925 590 zuverläßigen
1955 527 2139 587 Schreiben
2168 524 2197 584 de

1408 572 1482 632 dato
1507 578 1704 638 Warschau,
1723 579 1774 639 den
1804 580 1868 640 7ten
1903 580 2013 640 Sept.
2031 580 2141 640 1764.

1319 634 1425 694 Heute
1449 633 1483 693 ist
1508 640 1713 700 Stanislaus
1744 642 1943 702 Augustus,
1968 641 2150 701 gebohrner
2186 637 2273 697 Graf

1274 685 1511 745 Poniatowski
1534 687 1589 747 vom
1628 691 1772 751 Primas
1806 693 1861 753 zum
1906 693 2032 753 Könige
2061 691 2116 751 von
2144 688 2271 748 Pohlen

1269 736 1485 796 proclamiret
1504 738 1657 798 worden.

1724 739 1768 799 Es
1796 742 1834 802 ist
1857 742 1902 802 der
1930 742 2057 802 Pralat
2075 742 2191 802 gestern
2225 739 2280 799 auf

1271 784 1320 844 dem
1371 784 1560 844 Wahlfelde
1588 790 1894 850 herumgefahren,
1934 789 2011 849 weil
2045 789 2072 849 er
2107 789 2134 849 zu
2179 789 2273 849 reiten

1274 834 1353 894 nicht
1375 834 1401 894 im
1444 837 1580 897 Stande
1597 837 1660 897 ist,
1682 840 1745 900 und
1772 841 1824 901 hat
1851 839 1893 899 die
1920 840 2094 900 Stimmen
2127 839 2285 899 gesamm=

1268 885 1328 945 let,
1346 885 1372 945 da
1406 885 1450 945 sich
1478 885 1556 945 denn
1584 888 1766 948 gefunden,
1790 891 1844 951 daß
1873 890 1955 950 diese
1978 890 2005 950 zu
2033 888 2133 948 diesem
2167 888 2288 948 Wahl¬

1270 933 1343 993 Actu
1376 933 1471 993 theils
1493 934 1635 994 viritim,
1657 939 1757 999 theils
1779 939 1868 999 durch
1895 941 2075 1001 Deputirte
2097 939 2160 999 mit
2176 939 2260 999 ihrem

1268 984 1490 1044 ansehnlichen
1517 984 1662 1044 Gefolge
1683 987 1895 1047 versammlet
1922 987 2082 1047 gewesene
2104 987 2285 1047 Woywod¬

1274 1031 1402 1091 schaften
1433 1031 1489 1091 und
1516 1033 1675 1093 Districte
1696 1033 1922 1093 oberwähnten
1949 1036 2128 1096 Stanislaum
2170 1031 2283 1091 Augu-

1275 1074 1335 1134 stum
1376 1079 1583 1139 unanimiter
1604 1081 1654 1141 zum
1695 1082 1826 1142 Könige
1852 1082 2039 1142 verlanget.
2085 1079 2136 1139 Es
2162 1082 2196 1142 ist
2217 1082 2277 1142 kein

1279 1125 1430 1185 Exempel
1447 1127 1473 1187 in
1501 1128 1554 1188 der
1576 1130 1775 1190 pohlnischen
1803 1130 1970 1190 Historie,
1992 1127 2051 1187 daß
2079 1130 2105 1190 so
2133 1127 2191 1187 wie
2219 1128 2283 1188 die¬

1271 1175 1412 1235 sesmal,
1447 1178 1514 1238 auch
1549 1180 1634 1240 nicht
1663 1180 1707 1240 die
1736 1181 1895 1241 geringste
1924 1178 2156 1238 Einwendung
2190 1175 2275 1235 sollte

1277 1225 1417 1285 gemacht
1441 1225 1565 1285 worden
1594 1229 1684 1289 seyn.
1730 1228 1781 1288 Es
1810 1231 1872 1291 war
1901 1229 1928 1289 so
1958 1228 2082 1288 ruhig,
2105 1228 2133 1288 so
2162 1225 2286 1285 ordent¬

1272 1276 1325 1336 lich
1356 1276 1416 1336 und
1453 1276 1477 1336 so
1508 1279 1604 1339 sittsam
1653 1281 1714 1341 auf
1744 1281 1792 1341 dem
1841 1282 2053 1342 Wahlfelde,
2096 1282 2150 1342 daß
2187 1279 2289 1339 jeder¬

1276 1329 1368 1389 mann
1406 1327 1503 1387 dabey
1536 1330 1595 1390 hat
1623 1333 1774 1393 assistiren
1812 1336 1958 1396 können,
1991 1334 2028 1394 da
2056 1332 2136 1392 denn
2175 1330 2266 1390 neben

1276 1378 1327 1438 dem
1367 1381 1508 1441 Primas
1537 1381 1616 1441 viele
1634 1384 1763 1444 Fremde
1786 1385 1876 1445 durch
1899 1384 1956 1444 alle
1974 1381 2273 1441 Woywodschaften

1270 1428 1461 1488 mitgeritten
1494 1431 1581 1491 sind,
1614 1434 1679 1494 und
1713 1434 1783 1494 ihre
1816 1434 2008 1494 allgemeine
2035 1428 2275 1488 Einwilligung

1271 1479 1445 1539 angehöret
1469 1482 1591 1542 haben.
1639 1479 1743 1539 Einen
1779 1483 1889 1543 solchen
1925 1482 2023 1542 Actum
2071 1481 2099 1541 zu
2135 1476 2285 1536 beschrei¬

1271 1527 1359 1587 ben,
1383 1530 1483 1590 gehet
1501 1532 1583 1592 nicht
1601 1533 1689 1593 leicht
1713 1533 1778 1593 an,
1808 1533 1873 1593 man
1903 1532 1973 1592 muß
2003 1529 2049 1589 ihn
2086 1530 2173 1590 selbst
2203 1527 2285 1587 gese=

1270 1578 1329 1638 hen
1362 1578 1491 1638 haben,
1519 1581 1594 1641 denn
1633 1581 1686 1641 das
1725 1581 1800 1641 coup
1827 1581 1940 1641 d'Oeil
1968 1581 2000 1641 ist
2033 1579 2092 1639 nur
2120 1578 2216 1638 einzig
2249 1578 2270 1638 in

1274 1626 1323 1686 der
1346 1629 1451 1689 Welt.
1502 1631 1551 1691 Es
1586 1629 1646 1689 sind
1675 1628 1859 1688 Deputirte
1893 1628 1948 1688 von
1987 1629 2037 1689 der
2065 1628 2182 1688 ganzen
2210 1628 2287 1688 Na¬

1270 1674 1334 1734 tion
1370 1676 1536 1736 ernannt,
1562 1676 1672 1736 welche
1702 1676 1752 1736 den
1794 1676 1888 1736 neuen
1929 1675 2034 1735 König
2071 1674 2130 1734 aus
2166 1673 2261 1733 seinem

1274 1717 1383 1777 Hause
1408 1720 1571 1780 abholen,
1600 1721 1657 1781 und
1686 1718 1753 1778 noch
1782 1718 1878 1778 heute
1902 1721 1974 1781 nach
2012 1718 2151 1778 vorhexo
2176 1721 2290 1781 gesun¬

1275 1759 1370 1819 genen
1401 1757 1446 1817 Te
1472 1758 1562 1818 Deum
1608 1760 1668 1820 auf
1699 1760 1754 1820 das
1780 1760 1936 1820 Schloß,
1966 1763 2102 1823 welches
2133 1762 2183 1822 für
2204 1766 2279 1826 Ihn

1271 1808 1440 1868 repariret
1469 1810 1531 1870 und
1565 1811 1746 1871 meublixet
1781 1814 1939 1874 worden,
1973 1814 2131 1874 abführen
2172 1817 2284 1877 sollen.

1278 1861 1422 1921 Morgen
1447 1864 1579 1924 begeben
1616 1867 1664 1927 die
1689 1867 1815 1927 fremde
1840 1867 2015 1927 Ministres
2052 1867 2111 1927 und
2142 1866 2190 1926 die
2215 1869 2287 1929 Da¬

1271 1913 1341 1973 men
1378 1915 1424 1975 sich
1460 1916 1489 1976 zu
1525 1918 1577 1978 dem
1625 1918 1785 1978 Könige,
1815 1919 1850 1979 um
1897 1918 1973 1978 Ihn
2010 1920 2038 1980 zu
2080 1920 2280 1980 gratuliren.

1274 1964 1345 2024 Der
1367 1966 1753 2026 Krönungs=Reichstag
1776 1967 1814 2027 ist
1842 1968 1896 2028 auf
1919 1968 1968 2028 den
2002 1969 2067 2029 3ten
2096 1968 2277 2028 December

1273 2011 1294 2071 in
1322 2017 1496 2077 Warschau
1529 2017 1561 2077 zu
1600 2017 1703 2077 halten
1742 2019 1911 2079 angesetzet
1938 2020 2101 2080 worden,
2129 2017 2259 2077 nachdem

1268 2064 1314 2124 die
1344 2067 1506 2127 Krönung
1542 2067 1635 2127 selbst
1659 2067 1763 2127 einige
1793 2067 1886 2127 Tage
1910 2067 2055 2127 vorher,
2091 2066 2148 2126 also
2179 2067 2271 2127 gegen

1271 2114 1366 2174 Ende
1390 2115 1441 2175 des
1470 2115 1680 2175 Novembers
1709 2115 1788 2175 wird
1812 2118 2038 2178 vorgegangen
2068 2115 2158 2175 seyn.

1318 2176 1588 2236 StanlsLaVs,
1621 2175 1718 2235 Graf
1746 2177 1815 2237 Von
1843 2181 2119 2241 PonlatoVVSkI
2152 2175 2259 2235 VVIID

1393 2226 1505 2286 nIOht
1535 2223 1599 2283 Den
1630 2226 1735 2286 sleben
1765 2226 1836 2286 VnD
1872 2229 2108 2289 zVVanzlgsten
2144 2231 2285 2291 AVgVst

1384 2276 1502 2336 Könlg
1533 2273 1568 2333 In
1604 2276 1776 2336 Pohlen;

1324 2328 1459 2388 AlLeln
1494 2324 1554 2384 Den
1589 2324 1711 2384 aChten
1759 2327 1971 2387 SepteMber
2005 2327 2106 2387 rVfen
2142 2327 2195 2387 sle
2223 2332 2276 2392 Ihy

1386 2377 1448 2437 als
1486 2375 1598 2435 Könlg
1630 2378 1724 2438 aVs.

1287 2482 1619 2542 Wechsel-Cours
1642 2476 1648 2536 &
1707 2487 1858 2547 Species
1880 2485 1923 2545 d.
1938 2486 2003 2546 13.
2025 2488 2140 2548 Sept.
2155 2494 2277 2554 1764.

1279 2539 1460 2599 Amsterdam
1506 2534 1545 2594 41
1565 2528 1655 2588 Tage
1675 2539 1734 2599 308
1754 2543 1804 2603 gr.

1857 2534 1897 2594 71
1918 2542 2007 2602 Tage
2035 2546 2164 2606 306gr.

1282 2590 1455 2650 Hamburg
1483 2583 1496 2643 3
1526 2581 1573 2641 W.
1595 2582 1657 2642 134
1678 2591 1733 2651 gr.

1825 2587 1837 2647 6
1867 2586 1926 2646 W.
1946 2591 2005 2651 133
2036 2596 2089 2656 gr.

1276 2635 1387 2695 Berlin

1770 2638 1915 2698 Dantzig
1955 2641 1988 2701 22
2022 2643 2072 2703 pr.
2089 2646 2173 2706 Cto.

1275 2686 1414 2746 Ducaten
1440 2680 1517 2740 neue
1536 2679 1548 2739 9
1574 2681 1605 2741 fl.
1613 2683 1624 2743 3
1645 2687 1701 2747 gr.

1843 2686 1970 2746 Alberts
1988 2691 2082 2751 Taler
2099 2697 2160 2757 129
2183 2697 2237 2757 gr.

1277 2738 1390 2798 Rubel
1408 2734 1470 2794 112
1494 2733 1550 2793 gr.

1762 2736 1815 2796 Alt
1827 2739 1970 2799 Polnisch
1994 2742 2065 2802 Geld
2089 2745 2125 2805 12
2149 2745 2196 2805 pr.
2209 2745 2285 2805 Cto.

1274 2820 1366 2880 Diese
1383 2811 1523 2871 Gelehrte
1545 2815 1599 2875 und
1621 2820 1783 2880 Politische
1805 2826 1929 2886 Zeitung
1957 2826 2026 2886 wird
2049 2826 2097 2886 des
2119 2826 2275 2886 Montags

1382 2862 1439 2922 und
1468 2858 1612 2918 Freytags
1636 2860 1658 2920 in
1682 2861 1727 2921 dem
1768 2866 1958 2926 Kanterschen
1993 2868 2165 2928 Buchladen

1672 2904 1890 2964 ausgegeben.
