2479 3508
551 1202 681 1262 67tes
726 1201 892 1261 Stück.
951 1205 1175 1265 Freytag,
1220 1201 1284 1261 den
1336 1200 1408 1260 21.
1445 1201 1698 1261 September
1735 1201 1887 1261 1764.

551 1275 851 1335 Königsberg.

196 1343 320 1403 Der
346 1329 471 1389 heutige
497 1324 577 1384 letzte
590 1327 809 1387 Sommertag
835 1324 984 1384 erinnert
1004 1321 1059 1381 uns
1085 1321 1116 1381 an
1141 1321 1203 1381 un¬

216 1378 225 1438 —
311 1376 356 1436 ser
387 1375 634 1435 Versprechen,
665 1375 715 1435 den
750 1370 881 1430 morgen
917 1369 1184 1429 heranschleichen

193 1431 246 1491 den
274 1426 393 1486 Herbst
421 1422 507 1482 durch
535 1420 578 1480 die
600 1419 659 1479 von
682 1419 888 1479 Wernersche
910 1417 1007 1477 Muse
1030 1416 1056 1476 zu
1084 1413 1203 1473 bewill¬

192 1479 356 1539 kommen.
405 1471 510 1531 Unser
538 1470 712 1530 verewigte
734 1467 893 1527 Dichter,
925 1466 978 1526 der
1010 1464 1127 1524 bereits
1159 1461 1190 1521 an

193 1530 246 1590 dem
291 1526 355 1586 Ort
372 1524 431 1584 ist,
464 1518 507 1578 wo
546 1520 632 1580 keine
654 1515 941 1575 Abwechselungen
980 1513 1028 1573 der
1056 1511 1202 1571 Jahres¬

199 1579 290 1639 zeiten
320 1577 406 1637 mehr
430 1573 504 1633 statt
522 1572 649 1632 finden,
667 1569 776 1629 besang
800 1567 851 1627 ihn
876 1566 904 1626 in
934 1564 985 1624 den
1014 1563 1118 1623 Tagen
1147 1559 1204 1619 sei¬

195 1630 251 1690 ner
265 1628 447 1688 Wallfahrt
473 1625 529 1685 mit
549 1622 712 1682 folgenden
738 1616 1047 1676 Naturathmenden
1073 1613 1198 1673 Tönen,

200 1731 377 1791 Contrabit
406 1730 519 1790 umbra
549 1727 662 1787 diem,
677 1724 819 1784 solisque
848 1718 997 1778 r.motior
1027 1718 1104 1778 axis

253 1802 387 1862 Tardus
410 1799 521 1859 adest,
539 1799 634 1859 citior
668 1796 774 1856 tangit
802 1793 920 1853 habena
954 1793 1105 1853 Theiyn.

192 1873 360 1933 Libraque
385 1867 517 1927 diuisum
560 1864 681 1924 spatiis
706 1855 905 1915 derterminat
936 1855 1050 1915 aequis

251 1947 340 2007 Quod
377 1939 461 1999 tenet
491 1935 653 1995 imperium
696 1927 840 1987 Phoebus
871 1926 894 1986 et
925 1924 997 1984 alba
1028 1924 1135 1984 soror.

184 2021 345 2081 Frugifer
376 2010 563 2070 autumnus
594 2006 644 2066 sua
682 2005 768 2065 mitia
806 2002 949 2062 tempora
981 1997 1079 2057 iactat

241 2092 369 2152 Diuite
397 2085 458 2145 dum
504 2082 597 2142 cornu
637 2079 720 2139 copia
749 2076 871 2136 fundit
900 2073 988 2133 opes.

192 2169 331 2229 Deliciis
356 2160 495 2220 Pomona
527 2157 599 2217 suis
624 2157 782 2217 faecunda
813 2148 964 2208 superbit

236 2244 287 2304 Et
316 2237 445 2297 rutilum
491 2231 581 2291 vario
610 2229 740 2289 spargit
768 2229 881 2289 honore
915 2227 1022 2287 decus.

201 2322 309 2382 Arbor
344 2312 453 2372 aprica
481 2305 603 2365 ferax,
624 2300 746 2360 validis
774 2301 897 2361 agitata
931 2299 1060 2359 lacertis

246 2387 422 2447 Fructibus
451 2380 606 2440 excussis,
629 2373 805 2433 grandinis
834 2375 961 2435 instar,
983 2370 1067 2430 agit.

191 2461 348 2521 Pondera
376 2456 472 2516 densa
500 2449 650 2509 cadunt,
672 2446 849 2506 vegerabile
877 2446 1007 2506 depluit
1036 2440 1138 2500 aurum

248 2533 341 2593 Quod
369 2527 489 2587 legitur
524 2521 658 2581 calathis
686 2521 914 2581 excipiturque
948 2516 1008 2576 sinu

186 2608 257 2668 Hic
280 2605 359 2665 pyra
396 2599 474 2659 flaua
511 2594 626 2654 micant
656 2590 684 2650 et
714 2592 807 2652 poma
837 2595 988 2655 rubentia
1018 2590 1118 2650 cocco,

240 2676 371 2736 Imbuit
398 2670 450 2730 bic
471 2665 582 2725 roseus
610 2661 727 2721 persica
761 2667 839 2727 mala
873 2667 971 2727 color,

187 2757 303 2817 Pruna
331 2746 495 2806 leguntur
524 2742 591 2802 ibi,
614 2739 702 2799 ceres
730 2739 860 2799 imitata
895 2741 1038 2801 recentes

244 2833 291 2893 Et
322 2827 399 2887 quae
430 2817 627 2877 sanguineus
658 2813 741 2873 mora
772 2814 909 2874 notanit
934 2818 1041 2878 amor.

1243 1276 1352 1336 Mella
1382 1276 1509 1336 fluunt,
1533 1274 1713 1334 cadentque
1737 1276 1846 1336 fauis,
1870 1275 1934 1335 nux
1969 1279 2061 1339 plena
2085 1282 2236 1342 tumescit

1285 1340 1332 1400 Et
1355 1342 1467 1402 variat
1494 1344 1612 1404 faciles
1640 1344 1741 1404 mensa
1774 1345 1908 1405 secunda
1941 1348 2053 1408 dapes.

1240 1413 1293 1473 De
1324 1413 1430 1473 Grege
1461 1416 1561 1476 multa
1598 1416 1686 1476 pecus
1717 1418 1847 1478 stabulis
1877 1420 2061 1480 pinguescit
2092 1422 2115 1482 et
2145 1425 2234 1485 agris

1285 1485 1390 1545 Inque
1419 1485 1501 1545 cibos
1531 1489 1635 1549 molles
1664 1489 1758 1549 larga
1786 1491 1897 1551 sagina
1932 1489 2036 1549 venit.

1241 1560 1342 1620 Sylua
1375 1560 1460 1620 feras
1488 1560 1611 1620 tribuit
1644 1563 1772 1623 canibus
1800 1563 1934 1623 venator
1967 1561 1993 1621 et
2026 1564 2127 1624 armis

1281 1634 1328 1694 Vt
1358 1631 1417 1691 sibi
1447 1633 1560 1693 praeda
1590 1634 1685 1694 cadat
1716 1634 1851 1694 sedulus
1876 1634 1971 1694 errat
2001 1637 2107 1697 agris.

1248 1715 1361 1775 Turba
1390 1715 1482 1775 sagax
1518 1712 1546 1772 et
1575 1712 1667 1772 odora
1696 1712 1796 1772 canum
1839 1712 2023 1772 latratibus
2046 1715 2144 1775 instat

1285 1790 1348 1850 Aes
1376 1790 1483 1850 fatale
1510 1790 1634 1850 tonat,
1656 1790 1774 1850 praeda
1807 1790 1914 1850 petita
1942 1790 2043 1850 iacet.

1241 1855 1391 1915 Concidit
1419 1855 1492 1915 hinc
1520 1855 1592 1915 aper
1626 1858 1721 1918 atque
1750 1858 1844 1918 lepus
1867 1859 1922 1919 cum
1967 1863 2118 1923 praepete
2141 1867 2229 1927 damna

1286 1921 1330 1981 Et
1361 1922 1440 1982 quam
1486 1922 1655 1982 progeniem
1696 1924 1816 1984 dumus
1847 1926 1876 1986 et
1902 1927 1986 1987 aura
2017 1930 2126 1990 fouer.

1240 1996 1307 2056 Cum
1351 1993 1462 2053 Turda
1494 1993 1611 2053 perdix
1648 1993 1679 2053 et
1710 1996 1870 2056 gallinago
1902 1999 2068 2059 palumbes

1293 2067 1426 2127 Turtur
1460 2067 1571 2127 maesta
1604 2067 1717 2127 canens
1749 2067 1775 2127 et
1804 2071 1996 2131 gemebunda
2029 2073 2141 2133 fulix.

1236 2145 1382 2205 Fallitur
1414 2140 1541 2200 insidiis
1567 2142 1726 2202 maculeso
1752 2145 1898 2205 gutture
1925 2148 2052 2208 turdus

1290 2220 1367 2280 Esca
1398 2216 1523 2276 placet,
1548 2220 1655 2280 subito
1686 2223 1805 2283 funere
1829 2224 1943 2284 pendet
1973 2226 2062 2286 auis.

1234 2291 1284 2351 Et
1313 2291 1392 2351 quas
1415 2288 1471 2348 non
1506 2293 1659 2353 chpimus
1682 2297 1836 2357 Philuris
1865 2300 2074 2360 transmittit
2103 2303 2239 2363 alaudac

1283 2363 1358 2423 Fila
1389 2363 1476 2423 subit
1508 2368 1651 2428 volucris
1683 2372 1725 2432 iam
1776 2375 1925 2435 meditata
1957 2375 2087 2435 fugam.

1239 2437 1385 2497 Divitiis
1412 2435 1505 2495 fauer
1539 2441 1618 2501 unda
1653 2445 1719 2505 suis
1746 2446 1926 2506 nodosaque
1960 2446 2019 2506 lina

1279 2509 1369 2569 Pisce
1395 2512 1554 2572 tument,
1579 2520 1701 2580 saliens
1726 2521 1824 2581 turba
1855 2518 1983 2578 recusat
2008 2518 2130 2578 humum

1245 2584 1410 2644 Voluitur
1438 2583 1471 2643 et
1500 2589 1589 2649 vario
1624 2593 1705 2653 motu
1741 2591 1768 2651 se
1796 2590 1926 2650 torquet
1955 2590 1982 2650 et
2010 2590 2098 2650 angit

1286 2656 1340 2716 Et
1368 2657 1464 2717 cauda
1492 2665 1588 2725 bifida
1616 2667 1725 2727 pulsat
1753 2664 1863 2724 iniqua
1892 2663 2014 2723 solum.

1230 2731 1355 2791 Paruis
1381 2733 1556 2793 miscentur
1595 2739 1738 2799 resupino
1771 2736 1908 2796 pondere
1934 2739 2078 2799 grandes

1287 2808 1481 2868 Confundit
1509 2817 1656 2877 proceres
1677 2811 1763 2871 plebs
1791 2814 1958 2874 numerosa
1993 2813 2092 2873 minor

2126 2888 2229 2948 Ralun
