2479 3508
1196 1203 1262 1263 den
1307 1201 1352 1261 5.
1390 1199 1583 1259 October
1622 1201 1778 1261 1764.

524 1207 637 1267 71tes
683 1207 850 1267 Stück.
926 1207 1153 1267 Freytag,

209 1312 303 1372 Der
332 1312 535 1372 Character
563 1306 624 1366 des
659 1309 1025 1369 Menschenfeindes.

170 1473 240 1533 Der
265 1470 506 1530 Menschenhaß
537 1469 571 1529 ist
596 1467 666 1527 eine
690 1466 873 1526 Krankheit
897 1464 949 1524 des
980 1463 1126 1523 Geistes,

115 1520 285 1580 die
311 1518 337 1578 in
373 1521 467 1581 denen
503 1518 606 1578 damit
633 1517 814 1577 behafteten
850 1515 1041 1575 allgemeine
1067 1511 1129 1571 Ab¬

116 1577 210 1637 gunst
233 1572 322 1632 gegen
356 1572 400 1632 die
423 1569 595 1629 Menschen
630 1566 774 1626 erzeugt.

167 1624 281 1684 Selten
320 1619 395 1679 wird
428 1621 498 1681 man
542 1619 596 1679 zum
646 1616 938 1676 Menschenfeinde
966 1609 1123 1669 geboren.

119 1673 206 1733 Weit
224 1675 369 1735 gefehlt,
399 1673 451 1733 daß
480 1672 538 1732 wir
562 1670 620 1730 von
650 1670 696 1730 der
720 1669 836 1729 Natur
860 1667 1040 1727 Regungen
1070 1661 1122 1721 des

115 1728 230 1788 Hasses
259 1727 453 1787 empfangen
481 1724 608 1784 sollten,
631 1721 658 1781 so
681 1724 774 1784 treten
804 1721 864 1781 wir
887 1720 1047 1780 vielmehr
1070 1715 1124 1775 mit

122 1778 208 1838 einem
246 1776 360 1836 Keime
382 1775 544 1835 geselliger
571 1772 663 1832 Liebe
686 1772 712 1832 in
740 1772 788 1832 die
810 1772 913 1832 Welt.
940 1769 1031 1829 Nach
1059 1768 1118 1828 und

115 1822 186 1882 nach
220 1819 335 1879 schießt
364 1817 459 1877 dieser
489 1817 565 1877 Keim
613 1814 713 1874 höher
743 1813 824 1873 auf;
853 1811 943 1871 unsre
978 1811 1130 1871 Bedürf¬

115 1869 190 1929 nisse
211 1864 392 1924 vermehren
423 1861 479 1921 sein
510 1858 747 1918 Wachsthum.
799 1853 889 1913 Bloß
920 1854 965 1914 die
991 1852 1127 1912 mensch¬

119 1920 189 1980 liche
223 1912 379 1972 Bosheit
413 1906 450 1966 ist
483 1906 510 1966 im
565 1903 727 1963 Stande,
760 1900 857 1960 dieses
896 1897 1102 1957 Wachsthum

123 1970 194 2030 eher
217 1964 288 2024 oder
311 1960 410 2020 später
438 1954 664 2014 aufzuhalten,
681 1951 747 2011 nach
781 1951 830 2011 dem
869 1948 913 2008 die
936 1948 1123 2008 Gemüths¬

116 2020 169 2080 art
194 2014 277 2074 derer
307 2010 468 2070 beschaffen
498 2006 558 2066 ist,
582 2004 635 2064 die
654 2003 683 2063 zu
714 2002 988 2062 Schlachtopfern
1019 1996 1137 2056 dersel¬

118 2069 169 2129 ben
198 2061 348 2121 werden.

169 2115 240 2175 Die
265 2103 640 2163 Menschenfeindschaft
665 2103 726 2163 also
750 2103 810 2163 hat
835 2100 919 2160 ihren
956 2097 1119 2157 Ursprung

116 2168 179 2228 nur
201 2164 227 2224 in
260 2160 344 2220 einem
387 2157 535 2217 Herzen,
563 2154 621 2214 das
653 2153 711 2213 von
749 2152 945 2212 angethanem
988 2146 1126 2206 Unrecht

124 2217 186 2277 und
215 2211 429 2271 empfangnen
470 2202 729 2262 Beleidigungen
770 2202 803 2262 zu
838 2202 961 2262 lebhaft
985 2201 1120 2261 gerührt

119 2269 176 2329 ist.
223 2262 298 2322 Der
327 2255 484 2315 Verstand
513 2252 634 2312 kömmt
652 2252 703 2312 ihm
745 2255 773 2315 zu
797 2254 924 2314 Hülfe;
959 2252 993 2312 er
1011 2249 1051 2309 ist
1069 2249 1121 2309 der

121 2315 250 2375 Stifter
279 2312 330 2372 des
353 2309 466 2369 ganzen
495 2300 636 2360 Uebels;
665 2301 743 2361 seine
761 2300 1021 2360 Betrachtungen
1044 2297 1117 2357 über

123 2366 241 2426 andrer
269 2360 447 2420 schlimmes
474 2348 653 2408 Verfahren
687 2353 838 2413 erbittern
866 2351 898 2411 es
925 2349 1024 2409 wider
1058 2348 1117 2408 sie;

124 2417 152 2477 er
175 2414 271 2474 theilt
289 2411 339 2471 ihm
379 2404 458 2464 seine
487 2399 582 2459 Galle
606 2396 691 2456 durch
720 2402 764 2462 die
788 2402 1025 2462 Entdeckungen
1054 2396 1127 2456 mit,

118 2461 169 2521 die
193 2461 221 2521 er
245 2460 274 2520 es
297 2458 355 2518 von
384 2452 471 2512 ihren
494 2446 628 2506 Fehlern
657 2450 796 2510 anstellen
831 2449 912 2509 läßt.

171 2506 250 2566 Der
269 2502 564 2562 Menschenfeind,
589 2495 638 2555 der
663 2497 730 2557 sehr
755 2497 952 2557 bereitwillig
977 2494 1044 2554 ist,
1063 2491 1118 2551 sich

124 2560 152 2620 zu
181 2554 350 2614 täuschen,
373 2551 463 2611 giebt
486 2546 582 2606 seiner
605 2548 786 2608 Krankheit
815 2549 865 2609 den
899 2544 1023 2604 schönen
1052 2541 1125 2601 Na¬

126 2606 188 2666 men
226 2600 464 2660 Philosophie.
522 2593 641 2653 (Denn
673 2598 753 2658 jeder
792 2599 923 2659 Mensch
955 2592 1036 2652 sucht
1068 2590 1117 2650 sich

121 2657 191 2717 gern
222 2650 298 2710 seine
323 2646 559 2706 Schwachheit
577 2643 606 2703 zu
637 2647 850 2707 verkleiden.)
904 2646 980 2706 Die
999 2641 1128 2701 gering¬

128 2708 169 2768 ste
190 2700 418 2760 Aehnlichkeit
446 2694 584 2754 ergreift
612 2691 639 2751 er
667 2697 881 2757 blindlings;
923 2693 978 2753 der
1007 2691 1123 2751 Unter¬

130 2760 243 2820 scheid,
268 2751 292 2811 so
323 2748 401 2808 groß
438 2745 467 2805 er
492 2742 565 2802 auch
595 2741 661 2801 seyn
698 2745 794 2805 mag,
819 2747 915 2807 rührt
947 2743 994 2803 ihn
1031 2739 1127 2799 nicht.

129 2811 206 2871 Der
237 2799 418 2859 Philosoph
449 2793 563 2853 studirt
594 2793 701 2853 zwar,
727 2793 853 2853 sowohl
878 2799 925 2859 als
956 2794 1004 2854 der
1029 2790 1136 2850 Men¬

122 2861 333 2921 schenfeind,
361 2852 407 2912 die
427 2848 540 2908 Fehler
561 2844 706 2904 andrer;
734 2847 853 2907 allein,
874 2849 906 2909 um
947 2848 986 2908 sie
1007 2847 1033 2907 zu
1067 2843 1132 2903 ver¬

1163 1274 1313 1334 meiden,
1341 1272 1373 1332 um
1417 1270 1465 1330 die
1487 1270 1697 1330 Lasterhaften
1725 1270 1757 1330 zu
1785 1271 1925 1331 bessern,
1947 1273 2000 1333 und
2028 1273 2163 1333 dadurch

1166 1318 1192 1378 in
1231 1318 1279 1378 der
1312 1318 1408 1378 Bahn
1447 1315 1495 1375 der
1528 1318 1716 1378 Weisheit,
1755 1321 1857 1381 seinen
1890 1321 2030 1381 einzigen
2068 1321 2170 1381 Ziele,

1154 1363 1271 1423 immer
1293 1363 1404 1423 weiter
1426 1366 1458 1426 zu
1485 1366 1613 1426 rüͤcken.
1662 1366 1741 1426 Der
1763 1367 2029 1427 Menschenfeind
2062 1369 2173 1429 hinge¬

1163 1413 1211 1473 gen
1239 1411 1418 1471 untersucht
1440 1413 1516 1473 diese
1538 1413 1651 1473 Fehler
1680 1413 1766 1473 nur,
1799 1414 1836 1474 um
1885 1413 1912 1473 in
1951 1415 1999 1475 sich
2032 1415 2081 1475 die
2103 1417 2167 1477 Re¬

1161 1460 1285 1520 gungen
1324 1461 1377 1521 des
1405 1459 1524 1519 Hasses
1557 1461 1654 1521 gegen
1693 1464 1752 1524 das
1785 1463 1882 1523 ganze
1916 1461 2105 1521 Geschlecht
2128 1469 2159 1529 zu

1158 1509 1296 1569 stärken.
1347 1507 1408 1567 Ein
1436 1509 1558 1569 Zweck,
1576 1510 1625 1570 der
1654 1509 1703 1569 der
1726 1509 1948 1569 Philosophie
1971 1511 2059 1571 ihrem
2099 1515 2154 1575 und

1160 1560 1211 1620 des
1240 1557 1461 1617 Philosophen
1490 1560 1585 1620 seinem
1631 1562 1744 1622 gerade
1779 1560 2040 1620 entgegensteht,
2063 1566 2158 1626 dessen

1161 1610 1233 1670 Haß
1263 1609 1347 1669 allein
1376 1608 1426 1668 auf
1450 1609 1501 1669 das
1530 1610 1631 1670 Laster
1654 1610 1739 1670 fällt.

1209 1661 1266 1721 Da
1301 1661 1347 1721 die
1377 1658 1753 1718 Menschenfeindschaft
1777 1661 1823 1721 ein
1858 1658 2066 1718 allgemeiner
2084 1664 2159 1724 Haß

1164 1713 1211 1773 der
1235 1713 1406 1773 Menschen
1437 1715 1495 1775 ist,
1519 1715 1548 1775 so
1573 1715 1708 1775 begreift
1733 1714 1798 1774 man
1828 1712 2011 1772 gnugsam,
2029 1712 2082 1772 daß
2112 1713 2158 1773 der

1171 1766 1430 1826 Menschenfeind
1460 1766 1520 1826 kein
1551 1766 1744 1826 Vergnügen
1774 1768 1828 1828 aus
1853 1766 1943 1826 ihrer
1962 1766 2166 1826 Gesellschaft

1163 1811 1297 1871 schöpfen
1334 1811 1458 1871 könne.
1510 1814 1639 1874 Wollte
1672 1812 1707 1872 er
1734 1813 1769 1873 an
1812 1814 1863 1874 der
1900 1814 2060 1874 geselligen
2102 1815 2169 1875 Lust

1166 1852 1264 1912 Theil
1279 1852 1441 1912 nehmen,
1471 1852 1495 1912 so
1520 1854 1628 1914 würde
1653 1855 1682 1915 er
1707 1855 1746 1915 sie
1776 1857 1908 1917 dadurch
1943 1860 2002 1920 gut
2027 1862 2168 1922 heißen;

1164 1897 1222 1957 und
1247 1897 1345 1957 davon
1375 1897 1414 1957 ist
1434 1899 1463 1959 er
1493 1900 1570 1960 weit
1595 1900 1752 1960 entfernt.
1801 1900 1973 1960 Außerdem
2022 1906 2056 1966 ist
2081 1909 2159 1969 diese

1162 1945 1230 2005 Lust
1257 1943 1305 2003 ihm
1358 1945 1426 2005 eben
1459 1945 1485 2005 so
1512 1948 1755 2008 unerträglich,
1787 1948 1839 2008 als
1872 1948 1924 2008 die
1951 1953 2168 2013 Gesellschaft

1159 1996 1202 2056 ihm
1248 1994 1403 2054 verhaßt.
1448 1993 1519 2053 Die
1542 1996 1714 2056 Nachsicht
1737 1996 1775 2056 ist
1804 1996 1859 2056 das
1887 1997 1987 2057 Band
2021 2000 2070 2060 der
2093 2003 2165 2063 Ge¬

1167 2044 1335 2104 sellschaft;
1364 2042 1415 2102 der
1433 2043 1607 2103 Nachsicht
1631 2045 1705 2105 aber
1735 2046 1775 2106 ist
1799 2046 1827 2106 er
1851 2046 2013 2106 unfähig.
2060 2051 2164 2111 Zwar

1163 2097 1258 2157 findet
1279 2094 1342 2154 man
1375 2091 1421 2151 ihn
1454 2094 1601 2154 zuweilen
1628 2097 1781 2157 darinne;
1808 2095 1839 2155 er
1861 2097 1897 2157 ist
1919 2099 2008 2159 sogar
2025 2102 2167 2162 geneigt,

1160 2147 1205 2207 sich
1234 2145 1307 2205 dort
1324 2144 1551 2204 einzustellen;
1580 2147 1653 2207 denn
1688 2148 1710 2208 so
1739 2148 1772 2208 ist
1796 2147 1823 2207 er
1847 2145 1937 2205 besser
1955 2150 1977 2210 im
2017 2151 2169 2211 Stande,

1158 2196 1256 2256 seinem
1297 2193 1395 2253 Hasse
1419 2194 1505 2254 durch
1523 2199 1725 2259 Entdeckung
1754 2200 1806 2260 der
1830 2201 1962 2261 darinne
1986 2202 2164 2262 herrschen.

1164 2246 1210 2306 den
1240 2240 1356 2300 Fehler
1380 2245 1549 2305 Nahrung
1573 2247 1601 2307 zu
1631 2251 1840 2311 verschaffen.

1212 2295 1269 2355 Zur
1288 2291 1525 2351 Freundschaft
1554 2299 1588 2359 ist
1624 2301 1670 2361 der
1700 2300 1966 2360 Menschenfeind
2002 2303 2088 2363 nicht
2112 2304 2163 2364 ge¬

1159 2343 1316 2403 schickter,
1342 2340 1392 2400 als
1425 2342 1475 2402 zur
1501 2348 1728 2408 Gesellschaft.

1798 2350 1865 2410 Sie
1900 2351 2046 2411 vertrágt
2074 2351 2158 2411 zwar

1159 2393 1252 2453 guten
1275 2390 1391 2450 Rath,
1419 2393 1496 2453 aber
1519 2399 1623 2459 keinen
1651 2402 1761 2462 bittern
1790 2402 1911 2462 Tadel.

1208 2437 1277 2497 Der
1304 2440 1572 2500 Menschenfeind
1599 2449 1636 2509 ist
1656 2452 1739 2512 blind
1765 2449 1854 2509 gegen
1887 2449 2001 2509 andrer
2028 2445 2162 2505 Tugen=

1159 2491 1242 2551 den,
1267 2488 1326 2548 und
1357 2490 1412 2550 hat
1430 2494 1490 2554 nur
1515 2500 1622 2560 Augen
1660 2500 1713 2560 für
1744 2497 1810 2557 ihre
1835 2497 1967 2557 Fehler;
2004 2494 2039 2554 sie
2064 2497 2154 2557 allein

1158 2539 1366 2599 beschäftigen
1396 2541 1447 2601 ihn
1471 2550 1569 2610 ganz.
1622 2551 1686 2611 Als
1715 2548 1761 2608 ein
1791 2543 1929 2603 strenger
1965 2542 2167 2602 Sittenrich¬

1155 2590 1200 2650 ter
1223 2587 1365 2647 verzeiht
1400 2591 1428 2651 er
1462 2597 1547 2657 nicht
1571 2599 1621 2659 die
1645 2596 1798 2656 mindeste
1827 2593 2054 2653 Kleinigkeit;
2083 2597 2162 2657 alles

1165 2638 1281 2698 nimmt
1313 2638 1337 2698 in
1374 2644 1473 2704 seinen
1510 2648 1720 2708 parteyischen
1751 2643 1861 2703 Augen
1893 2645 1942 2705 die
1974 2646 2077 2706 Farbe
2109 2646 2157 2706 des

1164 2686 1284 2746 Lasters
1310 2686 1341 2746 an
1367 2692 1442 2752 sich.

1212 2734 1259 2794 Es
1295 2737 1377 2797 sollte
1407 2744 1453 2804 ihm
1501 2744 1571 2804 sehr
1602 2741 1654 2801 leid
1690 2741 1796 2801 thun,
1832 2742 1866 2802 an
1903 2742 1955 2802 den
1985 2741 2150 2801 Menschen

1167 2789 1235 2849 gute
1254 2793 1491 2853 Eigenschaften
1521 2796 1549 2856 zu
1579 2791 1753 2851 entdecken.
1806 2791 1863 2851 Da
1887 2790 1915 2850 er
1945 2790 1991 2850 bis
2014 2790 2066 2850 zur
2085 2790 2170 2850 Aus¬

1166 2841 1349 2901 schweifung
1376 2848 1546 2908 aufrichtig
1573 2846 1631 2906 ist,
1652 2842 1763 2902 würde
1783 2844 1815 2904 er
1842 2840 1895 2900 sich
1928 2838 1986 2898 nur
2021 2838 2072 2898 für
2099 2838 2170 2898 ver¬

2031 2888 2164 2948 bunden
