2479 3508
229 352 278 412 ten
315 354 379 414 und
417 348 654 408 Gesinnungen
691 350 763 410 man
800 351 849 411 sich
879 351 958 411 alles
987 350 1080 410 Gute
1111 351 1167 411 für
1190 353 1246 413 das

240 401 429 461 Vaterland
454 398 648 458 verspricht.

288 471 476 531 Schreiben
503 470 587 530 derer
600 473 762 533 Edelleute
783 473 840 533 aus
867 473 912 533 dem
952 470 1120 530 Talsischen
1140 471 1231 531 Kirch

242 524 340 584 spiel,
363 524 415 584 die
433 521 520 581 zwar
544 520 589 580 den
619 521 746 581 Herzog
765 521 862 581 Ernst
880 521 1019 581 Johann
1049 521 1228 581 agnosciren

238 572 315 632 aber
342 570 424 630 schon
461 569 512 629 zum
560 571 782 631 zweytenmal
809 572 912 632 keinen
944 572 1146 632 Deputirten
1177 572 1229 632 zum

235 622 400 682 Landtage
424 622 571 682 geschickt
590 619 713 679 haben.

416 693 790 753 Hochwohlgebohrner
815 691 923 751 Herr,

266 742 442 802 besonders
467 742 737 802 hochzuehrender
762 742 844 802 Herr
862 739 1233 799 Landbotenmarschall,

299 805 399 865 Unser
429 801 634 861 submissester
664 801 799 861 Respect
829 800 888 860 und
912 798 1082 858 Gehorsam
1130 798 1253 858 sowohl

242 858 338 918 gegen
367 855 412 915 die
435 855 605 915 Erlauchte
629 849 816 909 Republik,
851 849 896 909 als
931 849 1004 909 auch
1039 849 1129 909 gegen
1159 846 1249 906 Ihro

244 903 454 963 Hochfürstl.
471 902 614 962 Durchl.
643 901 753 961 unsern
787 897 968 957 gnädigsten
997 897 1240 957 Landesfürsten

248 953 309 1013 sind
346 951 397 1011 die
428 951 779 1011 Bewegungsgründe
816 948 934 1008 unsers
981 945 1244 1005 gegenwärrigen

248 998 479 1058 Schreibens,
516 998 652 1058 dadurch
688 995 743 1055 wir
779 992 890 1052 unsern
926 992 1017 1052 festen
1048 992 1188 1052 Vorsatz
1214 990 1244 1050 an

251 1049 302 1109 den
333 1046 400 1106 Tag
426 1043 539 1103 legen,
565 1042 622 1102 wie
653 1039 714 1099 wir
746 1039 797 1099 bey
834 1037 879 1097 E.
901 1037 962 1097 W.
989 1038 1040 1098 R.
1066 1040 1122 1100 und
1154 1037 1256 1097 Land¬

248 1095 348 1155 schaft
363 1089 575 1149 ungetrennet
596 1088 625 1148 zu
656 1085 832 1145 verbleiben
858 1085 1014 1145 gesonnen
1040 1085 1120 1145 sind.
1171 1085 1246 1145 Daß

249 1142 309 1202 wir
343 1141 415 1201 aber
449 1136 542 1196 diesen
582 1136 643 1196 von
677 1136 765 1196 Ihro
793 1133 993 1193 Hochfürstl.
1015 1133 1159 1193 Durchl.
1176 1133 1259 1193 gnä¬

243 1193 323 1253 digst
349 1190 587 1250 anberaumten
623 1184 810 1244 ordinairen
846 1181 987 1241 Landtag
1023 1181 1114 1241 durch
1160 1181 1246 1241 einen

251 1243 451 1303 Deputirten
489 1237 579 1297 nicht
611 1237 790 1297 attendiren
833 1231 980 1291 können,
1002 1229 1044 1289 ist
1072 1228 1171 1288 theils
1209 1227 1256 1287 die

243 1291 381 1351 Ursach,
408 1291 461 1351 daß
489 1291 552 1351 wir
574 1288 669 1348 wider
696 1288 738 1348 die
766 1283 893 1343 Gesetze
915 1279 1086 1339 convocirt
1108 1279 1256 1339 worden,

242 1342 346 1402 theils
369 1339 469 1399 auch,
498 1339 552 1399 daß
582 1339 642 1399 wir
665 1338 720 1398 aus
754 1336 865 1396 unsrer
893 1336 921 1396 so
949 1334 1099 1394 geringen
1133 1333 1260 1393 Anzahl

248 1393 337 1453 einen
368 1389 569 1449 Deputirten
605 1387 836 1447 auszumitteln
872 1383 952 1443 nicht
983 1381 1174 1441 vermögend
1210 1381 1259 1441 ge¬

235 1440 336 1500 wesen
374 1439 458 1499 sind.
507 1437 597 1497 Eur.
624 1434 889 1494 Hochwohlgeb.
911 1431 1033 1491 werden
1071 1431 1129 1491 also
1156 1431 1251 1491 unser

239 1488 435 1548 Ausbleiben
480 1486 534 1546 bey
567 1485 660 1545 Ihro
693 1482 901 1542 Hochfurstl.
929 1479 1076 1539 Durchl.
1099 1480 1164 1540 und
1197 1480 1246 1540 be¬

252 1536 294 1596 E.
311 1534 370 1594 W.
392 1536 516 1596 Ritter=
533 1536 592 1596 und
614 1533 797 1593 Landschaft
819 1533 938 1593 bestens
960 1530 986 1590 zu
1014 1530 1240 1590 entschuldigen

238 1589 410 1649 geruhen,
437 1585 493 1645 und
525 1584 640 1644 unsere
661 1581 943 1641 unverbrüchliche
970 1581 1073 1641 Treue
1106 1578 1256 1638 bekräfti¬

235 1637 323 1697 gen,
349 1633 395 1693 die
423 1631 505 1691 wir,
532 1631 557 1691 so
584 1631 646 1691 wie
667 1631 703 1691 sie
730 1631 787 1691 aus
814 1628 860 1688 dem
902 1626 1027 1686 Diario
1058 1628 1110 1688 des
1142 1628 1261 1688 Confe¬

234 1681 506 1741 rentialschlusses
541 1679 600 1739 und
645 1676 699 1736 dem
755 1676 878 1736 darauf
908 1675 1096 1735 gehaltenen
1136 1674 1254 1734 Huldi¬

246 1727 514 1787 gungslandtage
537 1724 564 1784 zu
596 1721 737 1781 ersehen,
760 1721 828 1781 noch
856 1718 960 1778 ferner
978 1718 1169 1778 unverrückt
1192 1717 1251 1777 und

246 1772 414 1832 beständig
441 1766 617 1826 observiren
644 1763 793 1823 werden.
833 1757 917 1817 Wir
945 1759 1042 1819 haben
1081 1759 1172 1819 dabey
1205 1757 1250 1817 die
1291 1751 1453 1811 Antheil.
1493 1754 1538 1814 9)
1571 1754 1636 1814 Die
1663 1757 1897 1817 Gravamina,
1924 1760 1976 1820 die
1996 1763 2054 1823 wir
2081 1763 2152 1823 noch
2179 1766 2295 1826 haben,

252 1814 365 1874 Ehre,
392 1817 457 1877 mit
474 1815 549 1875 aller
571 1811 793 1871 Hochachtung
821 1808 853 1868 zu
881 1805 945 1865 seyn
973 1804 1015 1864 rc.

303 1864 360 1924 Da
386 1867 443 1927 wir
470 1864 694 1924 gegenwärtig
727 1861 952 1921 versammlete
972 1858 1106 1918 Brüder
1139 1858 1170 1918 zu
1203 1858 1247 1918 die

249 1921 293 1981 sem
333 1921 387 1981 von
416 1921 476 1981 uns
510 1917 543 1977 am
594 1918 699 1978 23sten
738 1915 821 1975 Jul.
850 1911 1038 1971 abgefaßten
1066 1912 1244 1972 Schreiber

248 1972 349 2032 einige
371 1969 519 2029 wichtige
541 1966 673 2026 Punkte
695 1966 742 2026 als
770 1966 839 2026 eine
861 1962 1009 2022 Beylage
1041 1962 1110 2022 noch
1143 1963 1254 2023 beyzu¬

243 2022 338 2082 fügen
376 2020 434 2080 vor
462 2020 573 2080 nöthig
606 2017 797 2077 befunden,
835 2013 888 2073 als
920 2014 1064 2074 ersuchen
1102 2011 1165 2071 wir
1198 2011 1250 2071 den

249 2067 509 2127 Hochwohlgeb.
526 2065 884 2125 Landbotenmarschall
906 2061 982 2121 ganz
1004 2061 1183 2121 ergebenst,
1205 2058 1259 2118 sel¬

241 2120 309 2180 bige
331 2119 368 2179 ad
391 2117 546 2177 Diarium
584 2115 717 2175 bringen
745 2112 776 2172 zu
803 2109 916 2169 laßen.
976 2111 1018 2171 1)
1045 2111 1114 2171 Uns
1142 2109 1179 2169 ist
1195 2108 1259 2168 we¬

245 2169 295 2229 der
330 2168 375 2228 die
404 2166 615 2226 Instruction
650 2163 707 2223 des
736 2162 826 2222 Hrn.
855 2160 1044 2220 Delegirten
1079 2160 1255 2220 Kammer¬

253 2217 345 2277 herrn
377 2216 433 2276 und
460 2212 589 2272 Rittern
620 2211 671 2271 von
703 2211 863 2271 Medem,
900 2208 971 2268 noch
1008 2208 1080 2268 auch
1117 2207 1163 2267 die
1194 2207 1251 2267 aus

250 2264 307 2324 und
337 2261 412 2321 nach
436 2255 611 2315 Warschau
646 2257 785 2317 zeithero
815 2257 966 2317 geführte
990 2255 1222 2315 Corresponden

250 2311 411 2371 bekännt,
434 2303 555 2363 folglich
585 2306 699 2366 können
729 2306 786 2366 wir
810 2306 878 2366 auch
902 2306 1005 2366 keinen
1035 2306 1167 2366 Antheil
1185 2306 1253 2366 dar¬

253 2363 287 2423 an
317 2358 473 2418 nehmen.
520 2354 566 2414 2)
596 2354 671 2414 Mit
689 2354 787 2414 vieler
799 2354 1026 2414 Befremdung
1055 2354 1131 2414 aber
1155 2354 1247 2414 haben

252 2410 311 2470 wir
338 2407 392 2467 aus
420 2405 474 2465 der
507 2402 555 2462 aus
583 2402 799 2462 zugeschickten
827 2405 1038 2465 Constitution
1072 2402 1126 2462 vom
1170 2402 1256 2462 Con=

254 2456 607 2516 vocationsreichstage
630 2448 784 2508 ersehen,
807 2452 923 2512 erstlich
957 2454 1011 2514 daß
1045 2452 1088 2512 die
1111 2452 1232 2512 Herzog

249 2509 378 2569 thümer
406 2506 553 2566 Curland
575 2501 634 2561 und
663 2497 853 2557 Semgallen
881 2503 951 2563 nach
978 2503 1114 2563 Ableben
1147 2503 1196 2563 des
1218 2501 1261 2561 je¬

252 2557 345 2617 tzigen
368 2555 511 2615 Durchl.
523 2553 667 2613 Herzogs
689 2548 744 2608 und
772 2548 866 2608 dessen
894 2554 1093 2614 mannlichen
1121 2551 1253 2611 Descen=

244 2605 355 2665 denten
383 2605 432 2665 zur
466 2605 571 2665 freyen
600 2596 800 2656 Disposition
834 2598 883 2658 der
911 2602 1077 2662 Republik
1106 2599 1249 2659 anheim¬

252 2653 342 2713 fallen
376 2652 495 2712 sollen,
518 2651 551 2711 da
587 2652 654 2712 doch
683 2646 739 2706 von
768 2643 858 2703 Anno
893 2650 978 2710 1736
1012 2649 1079 2709 an,
1103 2649 1165 2709 mit
1194 2648 1255 2708 die=

252 2703 295 2763 sen
329 2700 605 2760 Herzogthümern
634 2698 750 2758 anders
778 2692 955 2752 disponiret
972 2700 1127 2760 worden,
1150 2697 1249 2757 zwey¬

247 2751 345 2811 tens,
374 2750 428 2810 daß
463 2751 529 2811 man
568 2749 612 2809 die
640 2746 817 2806 Danziger
845 2743 1045 2803 Convention
1085 2748 1256 2808 beybehal¬

242 2802 323 2862 ten,
347 2799 398 2859 die
416 2799 474 2859 wir
492 2799 683 2859 geglaubet,
713 2796 765 2856 daß
795 2794 829 2854 sie
853 2793 928 2853 schon
964 2799 1120 2859 annullirt
1150 2799 1231 2859 ware

244 2851 293 2911 3)
316 2848 409 2908 Weil
438 2847 492 2907 wir
521 2847 570 2907 die
594 2847 770 2907 Trennung
804 2844 865 2904 und
888 2846 1098 2906 Uneinigkeit
1121 2849 1248 2909 unserer

245 2900 386 2960 Brüder
415 2900 442 2960 zu
483 2900 590 2960 unserm
642 2895 908 2955 empfindlichsten
943 2897 1107 2957 Schmerz
1130 2900 1248 2960 immer

1289 352 1345 412 vor
1378 354 1490 414 Augen
1523 357 1655 417 haben,
1681 360 1737 420 und
1769 357 1820 417 die
1846 357 2079 417 Vereinigung
2111 357 2192 417 nicht
2218 364 2293 424 eher

1284 401 1419 461 absehen
1445 401 1591 461 können,
1618 406 1664 466 als
1691 407 1737 467 bis
1769 407 1795 467 zu
1832 407 1914 467 einem
1956 405 2300 465 Compositionsland¬

1288 449 1386 509 tage;
1410 449 1439 509 so
1469 452 1631 512 wunschen
1667 455 1724 515 wir
1754 458 1946 518 sehnlichst,
1981 458 2033 518 daß
2069 453 2161 513 Ihro
2191 456 2301 516 Hoch¬

1292 497 1402 557 fürstl.
1420 500 1563 560 Durchl.
1580 504 1768 564 dergleichen
1802 506 1940 566 Landtag
1968 509 2034 569 nach
2068 503 2122 563 der
2145 504 2294 564 Königs¬

1285 545 1379 605 wahl
1408 550 1602 610 huldreichst
1625 554 1792 614 anordnen
1826 557 1965 617 mögen.
2016 557 2060 617 4)
2088 555 2227 615 Dahero
2256 556 2294 616 ist

1292 592 1386 652 unsre
1414 598 1653 658 wohlbedachte
1681 604 1887 664 Meynung,
1916 604 1971 664 daß
2005 606 2060 666 alle
2094 603 2138 663 die
2166 604 2288 664 jetzigen

1294 643 1453 703 Sachen,
1474 646 1521 706 die
1543 649 1569 709 in
1596 649 1648 709 den
1675 649 1744 709 Del
1755 652 1929 712 beratoriis
1956 655 2109 715 enthalten
2142 653 2221 713 sind,
2243 652 2289 712 bis

1285 691 1344 751 auf
1372 691 1426 751 den
1454 697 1837 757 Compositionslandtag
1865 703 2039 763 ausgesetzt
2067 706 2220 766 bleiben,
2243 703 2297 763 das

1289 740 1353 800 mit
1374 742 1439 802 man
1470 745 1530 805 mit
1551 748 1742 808 vereinigten
1768 750 1899 810 Kräften
1930 751 2060 811 alsdenn
2091 754 2191 814 agiren
2227 751 2297 811 kön¬

1286 789 1345 849 ne.
1395 789 1443 849 5)
1465 790 1540 850 Bey
1573 796 1698 856 jetzigen
1731 798 1898 858 uneinigen
1937 799 2045 859 Zeiten
2078 801 2197 861 können
2230 801 2289 861 wir

1286 837 1341 897 den
1367 840 1458 900 Hrn.
1474 846 1757 906 Obereinnehmer
1778 847 1838 907 aus
1864 849 2031 909 Beysorge
2052 849 2148 909 vieler
2169 849 2290 909 daraus

1284 890 1316 950 zu
1348 891 1571 951 entstehenden
1604 895 1848 955 Unordnungen
1886 897 1981 957 seiner
2003 897 2177 957 Geschäfte
2210 897 2289 957 nicht

1281 936 1433 996 erlaßen.
1483 939 1525 999 6)
1553 942 1640 1002 Was
1662 945 1770 1005 unsern
1798 945 1890 1005 Hrn.
1907 948 2140 1008 Mannrichter
2168 945 2297 1005 betrift,

1289 984 1343 1044 der
1364 984 1399 1044 an
1430 987 1526 1047 vielen
1551 990 1647 1050 Orten
1683 990 1739 1050 bey
1770 991 1870 1051 seiner
1891 995 2133 1055 Wegerevision
2165 998 2295 1058 unrecht

1293 1030 1494 1090 gepfändet,
1519 1034 1543 1094 so
1568 1037 1665 1097 finden
1695 1035 1754 1095 wir
1779 1037 1886 1097 nöthig
1911 1040 1940 1100 zu
1970 1043 2146 1103 erinnern,
2171 1046 2224 1106 daß
2259 1043 2288 1103 er

1291 1076 1339 1136 sich
1368 1078 1415 1138 bey
1440 1079 1521 1139 jedem
1565 1080 1650 1140 Hofe
1670 1082 1794 1142 melde,
1829 1085 1934 1145 damit
1958 1085 2010 1145 ihm
2059 1088 2101 1148 ein
2131 1088 2293 1148 Wegwei¬

1294 1124 1333 1184 ser
1359 1127 1489 1187 gegeben
1520 1129 1640 1189 werde,
1666 1130 1716 1190 der
1737 1130 1786 1190 ihn
1822 1130 1867 1190 bis
1893 1130 1922 1190 zu
1948 1133 2038 1193 Ende
2064 1134 2114 1194 des
2140 1133 2295 1193 Possesso¬

1286 1172 1334 1232 ris
1361 1174 1493 1234 Gränze
1515 1179 1668 1239 begleite,
1690 1181 1896 1241 imgleichen,
1924 1181 1976 1241 daß
2009 1181 2056 1241 der
2078 1181 2146 1241 Hr.
2162 1184 2295 1244 Mann¬

1291 1222 1402 1282 richter
1423 1222 1476 1282 bey
1503 1228 1598 1288 seiner
1625 1228 1772 1288 Revision
1805 1231 1852 1291 die
1885 1231 1995 1291 Saat=
2017 1230 2080 1290 und
2107 1231 2297 1291 Erndtezeit

1295 1273 1478 1333 verschonen
1505 1278 1613 1338 möge.
1657 1282 1705 1342 7)
1727 1282 1943 1342 Ratihabiren
1971 1282 2030 1342 wir
2052 1283 2111 1343 alle
2133 1285 2289 1345 diejenige

1292 1327 1568 1387 Bewahrungen,
1596 1330 1644 1390 die
1666 1331 1790 1391 sowohl
1813 1333 1904 1393 unser
1926 1336 1996 1396 Hr.
2013 1336 2294 1396 Bevollmächtig¬

1291 1375 1333 1435 ter
1355 1377 1412 1437 auf
1434 1378 1481 1438 der
1508 1381 1720 1441 brüderlichen
1747 1383 1926 1443 Conferenz
1948 1384 1995 1444 als
2022 1384 2090 1444 auch
2117 1387 2207 1447 unser
2229 1387 2297 1447 Hr.

1286 1425 1483 1485 Deputirter
1514 1428 1576 1488 auf
1602 1429 1654 1489 dem
1701 1431 1820 1491 darauf
1846 1434 2033 1494 gehaltenen
2064 1434 2297 1494 Huldigungs¬

1284 1476 1415 1536 landtag
1441 1476 1466 1536 in
1497 1478 1624 1538 Sachen
1655 1482 1883 1542 vorgebracht,
1914 1482 1959 1542 die
1981 1482 2076 1542 wider
2102 1482 2153 1542 das
2184 1482 2300 1542 Cardi¬

1286 1525 1442 1585 nalgesetz
1463 1528 1715 1588 vorgenommen
1751 1530 1913 1590 worden,
1944 1533 2110 1593 nochmals
2146 1533 2206 1593 auf
2232 1533 2287 1593 das

1282 1572 1462 1632 krästigste.
1507 1578 1557 1638 8)
1581 1576 1676 1636 Weil
1693 1578 1755 1638 wir
1778 1581 1907 1641 finden,
1930 1581 1985 1641 daß
2015 1581 2037 1641 im
2077 1581 2178 1641 letzten
2206 1581 2301 1641 Land¬

1286 1622 1353 1682 tage
1379 1622 1472 1682 vieles
1498 1625 1674 1685 beschlossen
1705 1628 1767 1688 und
1788 1625 1953 1685 festgesetzt
1975 1628 2119 1688 worden,
2140 1628 2290 1688 worüber

1285 1667 1373 1727 keine
1394 1670 1639 1730 Deliberatoria
1670 1671 1694 1731 in
1724 1673 1817 1733 denen
1848 1673 2059 1733 Kirchspielen
2094 1676 2295 1736 eingeschickt

1286 1712 1458 1772 gewesen,
1484 1712 1509 1772 so
1535 1715 1672 1775 nehmen
1707 1712 1767 1772 wir
1802 1715 1870 1775 auch
1905 1717 1939 1777 an
1974 1718 2025 1778 dem
2073 1721 2150 1781 allen
2184 1721 2287 1781 keinen

1288 1801 1481 1861 verschieben
1521 1801 1584 1861 wir
1624 1805 1680 1865 alle
1716 1807 1772 1867 auf
1795 1807 1851 1867 den
1892 1814 2296 1874 Compositionslandtag.

1290 1855 1411 1915 Dieses
1434 1855 1506 1915 alles
1535 1858 1729 1918 bekräftigen
1757 1860 1817 1920 wir
1840 1861 1907 1921 mit
1930 1864 2056 1924 unserer
2085 1867 2301 1927 eigenhändi¬

1282 1914 1339 1974 gen
1369 1909 1596 1969 Unterschrift.
1643 1915 1789 1975 Talsen,
1801 1915 1852 1975 den
1882 1916 1917 1976 1.
1935 1918 2027 1978 Aug.
2046 1921 2155 1981 1764.

1592 2008 1990 2068 AVERTISSEMENT.

1328 2053 1400 2113 Bey
1440 2058 1490 2118 dem
1535 2058 1697 2118 Verleger
1731 2058 1825 2118 dieser
1860 2063 1999 2123 Zeitung
2027 2061 2066 2121 ist
2095 2061 2122 2121 zu
2162 2060 2290 2120 haben:

1289 2109 1368 2169 Das
1389 2106 1439 2166 N.
1455 2106 1656 2166 Testament,
1672 2106 1697 2166 in
1717 2106 1818 2166 Frag=
1839 2109 1894 2169 und
1914 2109 2126 2169 Antworten,
2142 2109 2197 2169 aus
2222 2109 2272 2169 dem

1290 2157 1408 2217 Franz.
1431 2152 1577 2212 übersetzt
1605 2152 1659 2212 von
1686 2154 1816 2214 Friedr.
1833 2157 1952 2217 Gabr.
1964 2160 2132 2220 Resewitz,
2143 2160 2208 2220 3ter
2230 2163 2295 2223 Th.

1285 2207 1334 2267 gr.
1346 2205 1379 2265 8,
1396 2199 1586 2259 Quedlinb.
1604 2199 1614 2259 4
1637 2199 1670 2259 fl.
1693 2202 1726 2262 12
1749 2202 1799 2262 gr.
1844 2204 1994 2264 Sebast.
2012 2208 2140 2268 Friedr.
2158 2208 2285 2268 Trescho

1281 2252 1403 2312 Briefe
1425 2249 1499 2309 über
1521 2247 1569 2307 die
1596 2249 1724 2309 neueste
1751 2250 1964 2310 theologische
1986 2255 2188 2315 Litteratur,
2210 2258 2290 2318 1ster

1287 2302 1403 2362 Theil,
1414 2300 1453 2360 8.
1476 2296 1575 2356 Berl.
1587 2295 1597 2355 2
1626 2297 1658 2357 fl.
1676 2297 1686 2357 9
1720 2299 1769 2359 gr.
1815 2300 1914 2360 Leben
1948 2300 2003 2360 und
2031 2303 2208 2363 Character
2231 2303 2281 2363 des

1290 2353 1413 2413 Grafen
1441 2346 1495 2406 von
1528 2343 1657 2403 Bruhl,
1679 2347 1706 2407 in
1733 2349 1895 2409 vertraul.
1912 2348 2068 2408 Briefen,
2085 2349 2155 2409 3ter
2177 2351 2295 2411 Theil,

1280 2406 1323 2466 8.
1346 2402 1362 2462 1
1391 2401 1423 2461 fl.
1474 2393 1752 2453 Hamburgisches
1780 2402 1946 2462 Journai,
1969 2399 2041 2459 7tes
2064 2402 2186 2462 Stuck,
2214 2402 2297 2462 Mo¬

1292 2450 1345 2510 nat
1370 2448 1486 2508 Julius
1511 2443 1628 2503 1764,
1644 2447 1690 2507 8.
1714 2449 1753 2509 15
1785 2452 1831 2512 gr.

1297 2512 1626 2572 Wechsel-Cours
1656 2509 1665 2569 &
1725 2518 1869 2578 Species
1900 2517 1937 2577 d.
1958 2518 2024 2578 30.
2055 2518 2151 2578 Alug.
2172 2523 2286 2583 1764.

1878 2559 1921 2619 71
1941 2567 2027 2627 Tage
2047 2569 2108 2629 303
2128 2578 2177 2638 gr.

1288 2569 1474 2629 Amsterdam
1515 2563 1555 2623 41
1575 2562 1661 2622 Tage
1682 2569 1741 2629 305
1755 2569 1814 2629 gr.

1284 2617 1459 2677 Hamburg
1486 2612 1499 2672 3
1527 2613 1587 2673 W.
1601 2615 1668 2675 133
1689 2620 1735 2680 gr.

1827 2616 1845 2676 6
1878 2616 1936 2676 W.
1962 2618 2026 2678 132
2046 2620 2097 2680 gr.

1283 2664 1393 2724 Berlin

1768 2664 1917 2724 Dantzig
1962 2665 1993 2725 20
2032 2667 2080 2727 pr.
2094 2667 2175 2727 Cto.

1279 2715 1426 2775 Ducaten
1447 2710 1521 2770 neue
1542 2709 1554 2769 9
1582 2711 1608 2771 fl.
1622 2713 1628 2773 8
1649 2718 1702 2778 gr.

1845 2714 1981 2774 Alberts
2003 2715 2090 2775 Taler
2107 2715 2167 2775 130
2189 2715 2243 2775 gr.

1772 2760 1822 2820 Alt
1835 2763 1977 2823 Polnisch
2000 2766 2074 2826 Geld
2097 2766 2131 2826 13
2155 2761 2205 2821 pr.
2218 2759 2291 2819 Cto.

1282 2765 1397 2825 Rubel
1420 2762 1484 2822 114
1507 2763 1563 2823 gr.

1293 2824 1380 2884 Diese
1404 2818 1537 2878 Gelehrte
1560 2823 1611 2883 und
1635 2825 1797 2885 Politische
1813 2826 1938 2886 Zeitung
1969 2823 2035 2883 wird
2065 2822 2109 2882 des
2133 2820 2287 2880 Montags

1392 2865 1446 2925 und
1479 2865 1624 2925 Freytags
1647 2867 1668 2927 in
1696 2867 1739 2927 dem
1777 2867 1967 2927 Kanterschen
2000 2864 2173 2924 Buchladen

1679 2906 1899 2966 ausgegeben.
