2479 3508
604 1177 718 1237 57tes
769 1179 924 1239 Stück.
983 1184 1196 1244 Freytag,

1243 1181 1306 1241 den
1355 1182 1434 1242 17.
1467 1181 1625 1241 August
1666 1184 1809 1244 1764.

459 1250 567 1310 Was
606 1252 675 1312 sind
723 1249 923 1309 Korallen?

323 1317 468 1377 (London
501 1321 639 1381 Magaz.
657 1323 769 1383 1758.
795 1324 884 1384 Sept.
901 1327 941 1387 p.
966 1329 1070 1389 448.)

191 1476 310 1536 Herr
335 1476 510 1536 Donati
534 1476 757 1536 unternahm,
782 1475 860 1535 nach
885 1473 988 1533 seiner
1005 1470 1180 1530 Gewohn¬

213 1524 386 1584 heit,
408 1524 434 1584 im
476 1522 681 1582 verwichenen
714 1524 871 1584 Sommer
893 1521 955 1581 eine
977 1521 1092 1581 Reise,
1119 1521 1156 1581 um

196 1572 276 1632 seine
300 1572 572 1632 Untersuchungen
602 1575 624 1635 in
660 1575 712 1635 der
735 1572 1007 1632 Naturgeschichte
1037 1571 1181 1631 fortzuse¬

195 1624 277 1684 tzen.
326 1623 372 1683 Er
397 1622 503 1682 wurde
521 1622 580 1682 von
611 1624 681 1684 Dr.
699 1622 930 1682 Ascanius,
961 1622 1019 1682 M.
1031 1622 1061 1682 d.
1074 1621 1120 1681 K.
1133 1619 1179 1679 G.

198 1724 248 1784 die
266 1724 412 1784 Korallen
447 1724 508 1784 eine
532 1724 842 1784 Zusammensetzung
872 1724 928 1784 von
957 1722 1092 1782 Thieren
1121 1721 1159 1781 wä

191 1769 265 1829 ren.
319 1767 408 1827 Herr
435 1769 609 1829 Donati
637 1769 763 1829 führete
790 1769 837 1829 ihn
875 1769 906 1829 an
944 1769 991 1829 die
1018 1772 1177 1832 Seeküste

195 1815 253 1875 von
288 1808 528 1868 Provence.
573 1807 622 1867 Er
642 1808 696 1868 ließ
726 1808 750 1868 in
775 1808 873 1868 seiner
898 1810 1099 1870 Gegenwart
1119 1811 1182 1871 Ko¬

191 1858 288 1918 rallen
320 1852 506 1912 ausfischen.
543 1849 589 1909 Er
616 1849 693 1909 legte
714 1852 838 1912 dieselbe
864 1852 884 1912 in
917 1849 952 1909 ein
984 1852 1097 1912 großes
1124 1852 1180 1912 mit

195 1905 319 1965 Wasser
342 1898 546 1958 angefülletes
575 1896 710 1956 Gefäß,
734 1897 790 1957 und
819 1896 943 1956 brachte
972 1894 1085 1954 solches
1114 1894 1169 1954 ans

192 1953 294 2013 Land,
322 1948 408 2008 allwo
436 1945 463 2005 er
485 1944 538 2004 den
566 1944 637 2004 Dr.
654 1942 865 2002 Ascanius
893 1941 941 2001 gar
968 1941 1033 2001 bald
1061 1942 1180 2002 augen¬

199 1999 346 2059 scheinlich
375 1993 579 2053 überzeugte,
608 1990 658 2050 daß
693 1992 743 2052 die
767 1992 897 2052 Koralle
926 1988 1022 2048 nichts
1056 1987 1169 2047 anders

195 2047 241 2107 als
269 2043 328 2103 eine
355 2040 462 2100 Masse
489 2040 561 2100 sey,
582 2040 635 2100 die
662 2040 722 2100 aus
749 2040 882 2100 Thieren
916 2040 969 2100 von
1003 2037 1055 2097 der
1076 2034 1175 2094 Poly¬

189 2091 306 2151 penart
330 2085 464 2145 bestehe.

242 2139 328 2199 Herr
350 2137 517 2197 Donati
541 2139 664 2199 schreibt
686 2136 766 2196 mir,
789 2139 817 2199 er
840 2139 876 2199 sey
906 2136 992 2196 durch
1015 2135 1095 2195 seine
1117 2133 1174 2193 letz

194 2190 274 2250 teren
302 2187 566 2247 Beobachtungen
599 2186 690 2246 völlig
718 2186 912 2246 überzeuget
934 2184 1085 2244 worden,
1113 2184 1166 2244 daß

184 2237 234 2297 die
263 2237 408 2297 Polypen
454 2234 487 2294 an
526 2232 616 2292 ihren
650 2231 863 2291 Wohnungen
903 2229 1065 2289 befestiget
1094 2229 1155 2289 seyn

194 2287 302 2347 woran
329 2284 356 2344 er
379 2279 486 2339 vorhin
514 2279 584 2339 noch
606 2276 785 2336 gezweifelt
802 2281 904 2341 hätte.
942 2276 1023 2336 Was
1051 2274 1083 2334 er
1105 2275 1175 2335 dar¬

189 2333 251 2393 auf
278 2330 330 2390 von
368 2330 421 2390 den
453 2327 601 2387 Korallen
638 2324 727 2384 sagt,
754 2327 886 2387 scheinet
913 2324 971 2384 mir
998 2321 1056 2381 mit
1083 2321 1167 2381 mehr

189 2378 371 2438 Wahrheit
399 2375 460 2435 und
494 2370 737 2430 Gründlichkeit
765 2373 925 2433 dasjenige
954 2369 1175 2429 vorzustellen,

189 2421 255 2481 was
283 2423 350 2483 man
378 2422 433 2482 von
462 2420 556 2480 dieser
579 2417 634 2477 Art
657 2415 773 2475 Thiere
796 2423 902 2483 denken
930 2418 1024 2478 muß,
1042 2417 1091 2477 als
1114 2417 1174 2477 alle

189 2467 492 2527 Beschreibungen,
520 2462 622 2522 welche
650 2461 715 2521 man
743 2466 802 2526 uns
830 2469 921 2529 davon
950 2461 1079 2521 gegeben
1107 2464 1177 2524 hat,

189 2515 300 2575 seitdem
339 2514 383 2574 die
406 2514 534 2574 neueren
562 2509 801 2569 Entdeckungen
830 2515 890 2575 uns
913 2511 1096 2571 genöthiget
1119 2512 1174 2572 ha¬

189 2563 275 2623 ben,
297 2561 405 2621 unsere
427 2557 638 2617 Meynungen
671 2555 741 2615 über
763 2560 812 2620 die
834 2561 942 2621 Sache
969 2557 1001 2617 zu
1029 2557 1169 2617 ändern.

194 2611 277 2671 Man
308 2606 373 2666 sagt
392 2603 639 2663 durchgehends,
664 2602 718 2662 daß
742 2608 796 2668 das
821 2609 911 2669 Lager
936 2605 983 2665 der
1008 2605 1152 2665 Polypen

188 2660 262 2720 oder
283 2656 330 2716 die
345 2652 474 2712 Zellen,
502 2649 610 2709 welche
631 2650 788 2710 denselben
830 2657 877 2717 zur
905 2652 1081 2712 Wohnung
1109 2654 1156 2714 die

188 2709 277 2769 nen,
299 2706 340 2766 ein
375 2697 472 2757 Werk
501 2698 555 2758 der
577 2699 722 2759 Polypen
751 2703 819 2763 sey.
861 2706 951 2766 Man
986 2703 1173 2763 vergleichet

187 2767 227 2827 sie
252 2759 308 2819 mit
325 2757 374 2817 den
408 2751 652 2811 Wachszellen,
669 2751 783 2811 welche
809 2752 858 2812 die
875 2757 996 2817 Bienen
1031 2752 1168 2812 machen.

1221 1249 1307 1309 Man
1336 1249 1422 1309 redet
1440 1249 1509 1309 aber
1533 1247 1700 1307 richtiger,
1735 1249 1821 1309 wenn
1851 1252 1919 1312 man
1949 1255 2040 1315 sagt,
2070 1258 2116 1318 die
2139 1258 2202 1318 Ko¬

1223 1290 1316 1350 rallen
1351 1291 1405 1351 und
1435 1291 1548 1351 andere
1568 1294 1780 1354 korallinische
1805 1297 1928 1357 Körper
1948 1300 2046 1360 haben
2071 1300 2204 1360 dieselbe

1219 1333 1408 1393 Beziehung
1440 1336 1498 1396 auf
1525 1336 1566 1396 die
1598 1338 1661 1398 mit
1683 1339 1840 1399 denselben
1878 1345 2077 1405 verbundene
2099 1351 2203 1411 Poly¬

1214 1378 1301 1438 pen,
1328 1380 1373 1440 als
1400 1381 1446 1441 die
1467 1384 1751 1444 Schneckenschale
1773 1387 1824 1447 auf
1850 1388 1896 1448 die
1917 1393 2103 1453 Schnecke,
2129 1398 2201 1458 oder

1213 1422 1261 1482 die
1294 1428 1440 1488 Knochen
1479 1428 1566 1488 eines
1604 1431 1739 1491 Thieres
1778 1434 1837 1494 auf
1865 1434 1919 1494 das
1957 1437 2060 1497 Thier
2093 1442 2201 1502 selbst.

1214 1470 1295 1530 Dies
1323 1472 1383 1532 sind
1406 1474 1459 1534 des
1482 1478 1585 1538 Herrn
1613 1479 1776 1539 Donati
1799 1479 1935 1539 Worte:
1957 1480 2044 1540 "Ich
2067 1488 2110 1548 bin
2138 1493 2191 1553 nun

1234 1519 1286 1579 der
1313 1524 1519 1584 Meynung,
1540 1525 1598 1585 daß
1631 1527 1699 1587 eine
1720 1530 1846 1590 Koralle
1873 1530 1974 1590 nichts
2006 1536 2116 1596 anders
2149 1541 2201 1601 ist,

1219 1569 1286 1629 "als
1315 1572 1354 1632 ein
1388 1572 1557 1632 wirkliches
1586 1575 1709 1635 Thier,
1738 1579 1867 1639 welches
1902 1581 1969 1641 eine
1997 1582 2064 1642 sehr
2093 1587 2189 1647 grosse

1231 1619 1365 1679 'Anzahl
1384 1622 1488 1682 Köpfe
1507 1625 1574 1685 hat.
1624 1630 1685 1690 Jch
1717 1625 1784 1685 sehe
1809 1628 1858 1688 die
1877 1630 2024 1690 Polypen
2061 1634 2110 1694 der
2129 1638 2196 1698 Ko=

194 1676 369 1736 begleitet,
389 1676 520 1736 welcher
552 1676 621 1736 noch
653 1676 765 1736 immer
791 1674 815 1734 im
867 1673 998 1733 Zweifel
1024 1670 1117 1730 war,
1137 1669 1174 1729 ob
1219 1667 1318 1727 "ralle
1357 1672 1413 1732 nur
1451 1673 1494 1733 als
1534 1673 1639 1733 Köpfe
1672 1676 1759 1736 eines
1791 1677 1928 1737 Thieres
1967 1682 2023 1742 an.
2067 1683 2192 1743 Dieses

1204 1714 1336 1774 "Thier
1361 1721 1415 1781 hat
1434 1726 1604 1786 Gebeine,
1629 1727 1743 1787 welche
1762 1727 1810 1787 sich
1841 1727 1865 1787 in
1896 1730 1981 1790 Aeste
2006 1735 2187 1795 ausbreiten

1219 1764 1283 1824 "als
1311 1772 1375 1832 eine
1392 1772 1543 1832 Staude.
1587 1778 1689 1838 Diese
1706 1778 1851 1838 Gebeine
1873 1780 1927 1840 sind
1955 1781 2013 1841 mit
2036 1786 2116 1846 einer
2139 1787 2192 1847 Art

1212 1811 1344 1871 "Fleisch
1371 1817 1523 1877 bedecket,
1545 1819 1671 1879 welches
1698 1822 1750 1882 das
1777 1822 1882 1882 Fleisch
1909 1824 1961 1884 des
1983 1829 2119 1889 Thieres
2141 1834 2193 1894 ist.

1218 1852 1350 1912 "Meine
1370 1861 1639 1921 Beobachtungen
1674 1864 1766 1924 haben
1796 1867 1854 1927 mir
1879 1871 2070 1931 verschiedne
2090 1879 2192 1939 Aehn¬

1214 1895 1384 1955 "lichkeiten
1410 1900 1551 1960 zwischen
1577 1906 1733 1966 denselben
1763 1909 1818 1969 und
1844 1912 1960 1972 andern
1980 1916 2116 1976 Thieren
2136 1923 2196 1983 die¬

1226 1942 1275 2002 ser
1295 1945 1378 2005 Art,
1404 1945 1512 2005 welche
1532 1948 1689 2008 denselben
1724 1954 1802 2014 nahe
1833 1960 1999 2020 kommen,
2025 1965 2191 2025 entdecket.

1208 1977 1287 2037 "Da
1321 1991 1412 2051 sind,
1446 1993 1503 2053 zum
1549 1996 1752 2056 Beyspiele,
1793 1999 1843 2059 die
1872 2008 2195 2068 Keratophyta,

1200 2033 1339 2093 welche
1362 2034 1415 2094 von
1443 2036 1491 2096 den
1518 2038 1663 2098 Korallen
1702 2040 1761 2100 nur
1788 2040 1809 2100 in
1842 2046 2009 2106 Ansehung
2042 2052 2096 2112 des
2118 2058 2187 2118 Ge=

1208 2083 1364 2143 "heines,
1392 2085 1461 2145 oder
1489 2085 1667 2145 desjenigen
1705 2089 1845 2149 Theils,
1873 2094 1996 2154 welches
2029 2100 2077 2160 den
2105 2105 2175 2165 Bau

1223 2131 1278 2191 des
1306 2130 1438 2190 Thieres
1466 2136 1653 2196 ausmacht,
1675 2142 1901 2202 unterschieden
1929 2146 2011 2206 sind.
2056 2154 2177 2214 Dieses

1208 2173 1273 2233 "ist
1295 2176 1338 2236 bey
1368 2178 1418 2238 den
1456 2184 1600 2244 Korallen
1638 2193 1863 2253 schalenartig,
1893 2198 1943 2258 bey
1973 2200 2023 2260 den
2053 2202 2183 2262 Kerato=

1214 2223 1344 2283 "phyten
1374 2226 1439 2286 aber
1463 2233 1622 2293 hornicht.

1252 2271 1323 2331 Die
1348 2279 1692 2339 Wahrnehmungen,
1717 2289 1826 2349 welche
1844 2292 1886 2352 ich
1911 2297 1982 2357 über
2007 2299 2110 2359 etliche
2134 2303 2194 2363 Ar=

1199 2321 1243 2381 ten
1278 2321 1328 2381 der
1357 2321 1453 2381 Lager
1482 2326 1533 2386 der
1562 2334 1709 2394 Polypen
1744 2342 1885 2402 gemacht
1909 2347 2010 2407 habe,
2045 2351 2175 2411 bringen

1198 2370 1270 2430 mich
1309 2369 1364 2429 auf
1387 2369 1437 2429 die
1460 2377 1665 2437 Gedanken,
1688 2385 1743 2445 daß
1777 2388 1843 2448 was
1871 2391 1937 2451 man
1966 2394 2110 2454 Polypen
2149 2399 2177 2459 in

1205 2419 1312 2479 solchen
1341 2417 1483 2477 Körpern
1512 2429 1653 2489 nennet,
1676 2436 1790 2496 welche
1819 2435 1886 2495 man
1921 2437 1977 2497 aus
2006 2440 2090 2500 ihren
2119 2443 2187 2503 Zel¬

1204 2464 1246 2524 len
1273 2464 1537 2524 herauskommen
1570 2477 1627 2537 und
1659 2479 1685 2539 in
1723 2482 1849 2542 dieselbe
1882 2482 1992 2542 wieder
2024 2488 2188 2548 hineinge¬

1206 2512 1259 2572 hen
1289 2512 1407 2572 siehet,
1431 2517 1525 2577 etwas
1555 2527 1643 2587 mehr
1667 2530 1714 2590 als
1744 2527 1832 2587 bloße
1857 2527 1962 2587 Köpfe
1987 2532 2039 2592 der
2064 2537 2181 2597 Thiere

1204 2558 1291 2618 seyn.
1332 2563 1395 2623 Ich
1425 2567 1500 2627 habe
1524 2576 1621 2636 einige
1645 2578 1732 2638 deren
1756 2572 1900 2632 gesehen,
1918 2575 1964 2635 die
1988 2580 2068 2640 einen
2092 2585 2179 2645 Sack

1207 2605 1332 2665 hatten,
1351 2608 1374 2668 in
1399 2615 1526 2675 welchen
1557 2623 1604 2683 die
1629 2623 1761 2683 Speise,
1779 2620 1888 2680 welche
1907 2622 1942 2682 sie
1967 2632 2171 2692 verschlingen

1202 2655 1292 2715 sahe,
1321 2660 1554 2720 hineingieng;
1583 2670 1645 2730 und
1674 2666 1759 2726 einen
1794 2667 1907 2727 andern
1936 2673 2050 2733 Sack,
2079 2679 2174 2739 worin

1201 2703 1245 2763 die
1274 2706 1421 2766 gröberen
1461 2715 1575 2775 Theile
1604 2718 1654 2778 der
1683 2712 1824 2772 Speise,
1859 2721 1995 2781 nachdem
2046 2724 2080 2784 sie
2114 2726 2182 2786 ver¬

1203 2754 1304 2814 dauet
1327 2758 1481 2818 worden,
1503 2766 1700 2826 aufbehalten
1737 2763 1861 2823 wurde.
1914 2767 1971 2827 So
2001 2772 2132 2832 verhält
2155 2772 2183 2832 es

2111 2825 2191 2885 sich,
