<?xml version="1.0" encoding="UTF-8" standalone="yes"?>
<PcGts xmlns="http://schema.primaresearch.org/PAGE/gts/pagecontent/2013-07-15" xmlns:xsi="http://www.w3.org/2001/XMLSchema-instance" xsi:schemaLocation="http://schema.primaresearch.org/PAGE/gts/pagecontent/2013-07-15 http://schema.primaresearch.org/PAGE/gts/pagecontent/2013-07-15/pagecontent.xsd">
    <Metadata>
        <Creator>prov=READ-COOP:name=TrHtr:version=2.12.0:model_id=51170:date=06_04_2024_22:42</Creator>
        <Created>2024-04-06T22:11:52.866+02:00</Created>
        <LastChange>2024-04-06T22:42:38.083+02:00</LastChange>
        <TranskribusMetadata docId="1918552" pageId="67854027" pageNr="2" tsid="157149646" status="IN_PROGRESS" userId="222699" imgUrl="https://files.transkribus.eu/Get?id=FMFJTHKBAEKWVIIADBPUKSVY&amp;fileType=view" xmlUrl="https://files.transkribus.eu/Get?id=BSMBREIGMJIVIBUYMRQXIRNC" imageId="54155987"/>
    </Metadata>
    <Page imageFilename="67854027.jpg" imageWidth="2479" imageHeight="3508">
        <ReadingOrder>
            <OrderedGroup id="ro_1712436158084" caption="Regions reading order">
                <RegionRefIndexed index="0" regionRef="r_10"/>
                <RegionRefIndexed index="1" regionRef="r_11"/>
            </OrderedGroup>
        </ReadingOrder>
        <Relations/>
        <TextRegion id="r_10" custom="readingOrder {index:0;}">
            <Coords points="203,301 1269,301 1277,2995 203,3003"/>
            <TextLine id="r_10_tl_1" custom="readingOrder {index:0;}">
                <Coords points="247,381 880,358 1111,389 1235,371 1235,311 703,317 599,280 247,322"/>
                <Baseline points="262,370 301,364 346,364 391,361 435,361 480,361 525,361 570,358 615,358 659,358 704,355 749,358 794,358 838,358 883,358 928,355 973,358 1018,358 1062,358 1107,358 1152,361 1197,358 1241,358"/>
                <TextEquiv>
                    <Unicode>Ich habe mich allezeit über den Sirachischen Aus-</Unicode>
                </TextEquiv>
            </TextLine>
            <TextLine id="r_10_tl_2" custom="readingOrder {index:1;}">
                <Coords points="208,428 1201,423 1243,415 1243,368 208,376"/>
                <Baseline points="223,412 262,414 307,414 352,412 397,412 441,412 486,409 531,409 576,409 620,406 665,409 710,409 755,409 800,409 844,409 889,409 934,406 979,409 1024,409 1068,406 1113,406 1158,406 1203,406 1247,406"/>
                <TextEquiv>
                    <Unicode>druck gefreuet: Hochmuth war nicht für den Men-</Unicode>
                </TextEquiv>
            </TextLine>
            <TextLine id="r_10_tl_3" custom="readingOrder {index:2;}">
                <Coords points="208,472 1243,475 1217,418 208,428"/>
                <Baseline points="223,468 262,462 307,465 352,462 397,459 441,459 486,456 531,456 576,459 620,462 665,459 710,456 755,459 800,456 844,459 889,456 934,456 979,456 1024,456 1068,456 1113,456 1158,456 1203,453 1247,453"/>
                <TextEquiv>
                    <Unicode>schen geschaffen †. In der That es ist kein einziger</Unicode>
                </TextEquiv>
            </TextLine>
            <TextLine id="r_10_tl_4" custom="readingOrder {index:3;}">
                <Coords points="205,524 1240,516 1240,472 1207,465 205,472"/>
                <Baseline points="220,513 259,513 304,510 349,507 394,507 438,507 483,507 528,504 573,507 618,507 662,507 707,504 752,507 797,504 841,507 886,507 931,507 976,507 1021,507 1065,507 1110,504 1155,504 1200,504 1244,501"/>
                <TextEquiv>
                    <Unicode>Anblick der menschlichen Natur unter ihren jetzigen</Unicode>
                </TextEquiv>
            </TextLine>
            <TextLine id="r_10_tl_5" custom="readingOrder {index:4;}">
                <Coords points="205,571 1240,573 1240,519 205,529"/>
                <Baseline points="220,561 259,561 304,561 349,561 394,558 438,555 483,558 528,558 573,558 618,555 662,558 707,558 752,558 797,558 841,555 886,558 931,555 976,555 1021,555 1065,555 1110,555 1155,555 1200,555 1244,555"/>
                <TextEquiv>
                    <Unicode>Umständen, der nicht allen heimlichen Saamen des</Unicode>
                </TextEquiv>
            </TextLine>
            <TextLine id="r_10_tl_6" custom="readingOrder {index:5;}">
                <Coords points="208,618 1183,625 1243,612 1243,571 208,573"/>
                <Baseline points="223,612 265,609 310,609 355,609 400,609 444,609 489,609 534,606 579,609 623,609 668,609 713,606 758,609 803,606 847,609 892,606 937,609 982,606 1027,606 1071,606 1116,606 1161,606 1206,606 1250,603"/>
                <TextEquiv>
                    <Unicode>Stolzes in uns ersticken, und an der andern Seite</Unicode>
                </TextEquiv>
            </TextLine>
            <TextLine id="r_10_tl_7" custom="readingOrder {index:6;}">
                <Coords points="205,667 1150,675 1240,667 1240,610 205,615"/>
                <Baseline points="220,659 259,659 304,659 349,656 394,656 438,659 483,656 528,656 573,656 618,656 662,659 707,656 752,656 797,656 841,656 886,656 931,656 976,656 1021,653 1065,656 1110,656 1155,653 1200,653 1244,650"/>
                <TextEquiv>
                    <Unicode>die Seele in den niedrigsten Stand der Demuth und</Unicode>
                </TextEquiv>
            </TextLine>
            <TextLine id="r_10_tl_8" custom="readingOrder {index:7;}">
                <Coords points="213,724 1165,724 1238,716 1238,662 213,670"/>
                <Baseline points="226,707 259,707 304,710 349,707 394,710 438,710 483,707 528,710 573,707 618,707 662,707 707,707 752,707 797,707 841,704 886,704 931,704 976,704 1021,704 1065,707 1110,704 1155,704 1200,704 1244,701"/>
                <TextEquiv>
                    <Unicode>Selbstzernichtung versetzen könnte. Hochmuth reimt</Unicode>
                </TextEquiv>
            </TextLine>
            <TextLine id="r_10_tl_9" custom="readingOrder {index:8;}">
                <Coords points="218,776 1238,776 1253,714 218,719"/>
                <Baseline points="232,758 271,758 316,758 361,758 406,758 450,758 495,758 540,755 585,755 629,758 674,758 719,758 764,755 809,755 853,755 898,752 943,755 988,755 1032,752 1077,752 1122,755 1167,752 1212,752 1256,752"/>
                <TextEquiv>
                    <Unicode>sich nicht mit dem Menschen. Denn er ist 1) ein sün-</Unicode>
                </TextEquiv>
            </TextLine>
            <TextLine id="r_10_tl_10" custom="readingOrder {index:9;}">
                <Coords points="215,830 1240,810 1214,760 215,771"/>
                <Baseline points="229,812 262,809 307,809 352,806 397,806 441,809 486,806 531,806 576,806 620,803 665,806 710,806 755,809 800,806 844,806 889,806 934,806 979,806 1024,806 1068,806 1113,806 1158,803 1203,800 1247,803"/>
                <TextEquiv>
                    <Unicode>diges, 2) ein unwissendes, 3)ein armseliges Wesen.</Unicode>
                </TextEquiv>
            </TextLine>
            <TextLine id="r_10_tl_11" custom="readingOrder {index:10;}">
                <Coords points="270,864 1189,875 1253,862 1253,812 270,825"/>
                <Baseline points="283,856 319,853 364,856 409,853 453,856 498,856 543,853 588,856 632,853 677,853 722,853 767,856 812,853 856,853 901,853 946,853 991,856 1035,853 1080,856 1125,853 1170,853 1215,850 1259,847"/>
                <TextEquiv>
                    <Unicode>Es findet sich nichts an seinem Verstande, in seinem</Unicode>
                </TextEquiv>
            </TextLine>
            <TextLine id="r_10_tl_12" custom="readingOrder {index:11;}">
                <Coords points="205,924 1246,908 1246,859 356,875 205,843"/>
                <Baseline points="220,904 223,904 268,904 313,904 358,907 403,907 447,907 492,904 537,904 582,904 626,904 671,907 716,904 761,904 806,904 850,904 895,901 940,907 985,907 1030,904 1074,904 1119,904 1164,904 1209,898 1253,901"/>
                <TextEquiv>
                    <Unicode>Willen, in seinem gegenwärtigen Zustande, das ein</Unicode>
                </TextEquiv>
            </TextLine>
            <TextLine id="r_10_tl_13" custom="readingOrder {index:12;}">
                <Coords points="213,960 558,963 586,991 1251,976 1251,908 213,924"/>
                <Baseline points="226,952 271,955 316,955 361,955 406,955 450,952 495,952 540,952 585,952 629,955 674,955 719,955 764,955 809,955 853,955 898,958 943,955 988,958 1032,958 1077,955 1122,952 1167,949 1212,952 1256,949"/>
                <TextEquiv>
                    <Unicode>beurtheilendes Geschöpf zum Stolz, oder zur Eitel-</Unicode>
                </TextEquiv>
            </TextLine>
            <TextLine id="r_10_tl_14" custom="readingOrder {index:13;}">
                <Coords points="213,1020 270,1028 306,1009 335,1022 415,1022 433,1009 550,1020 573,1012 573,963 400,960 345,976 317,965 304,976 213,960"/>
                <Baseline points="226,1006 265,1006 310,1006 355,1006 400,1003 444,1003 489,1000 534,1000 579,1003"/>
                <TextEquiv>
                    <Unicode>keit reizen könnte.</Unicode>
                </TextEquiv>
            </TextLine>
            <TextLine id="r_10_tl_15" custom="readingOrder {index:14;}">
                <Coords points="270,1061 1253,1061 1256,973 1108,1022 869,971 270,1015"/>
                <Baseline points="283,1050 316,1047 361,1050 406,1053 450,1050 495,1050 540,1050 585,1050 629,1050 674,1047 719,1047 764,1047 809,1047 853,1047 898,1047 943,1047 988,1050 1032,1050 1077,1050 1122,1050 1167,1050 1212,1047 1256,1047"/>
                <TextEquiv>
                    <Unicode>Dennoch sind eben diese drey Ursachen, warum er</Unicode>
                </TextEquiv>
            </TextLine>
            <TextLine id="r_10_tl_16" custom="readingOrder {index:15;}">
                <Coords points="213,1111 1251,1108 1251,1059 1201,1051 436,1080 213,1046"/>
                <Baseline points="226,1101 271,1101 316,1101 361,1101 406,1098 450,1098 495,1095 540,1095 585,1095 629,1095 674,1095 719,1095 764,1095 809,1092 853,1095 898,1095 943,1095 988,1095 1032,1098 1077,1095 1122,1095 1167,1095 1212,1095 1256,1092"/>
                <TextEquiv>
                    <Unicode>nicht stolz seyn sollte, die Gründe, warum ers ist.</Unicode>
                </TextEquiv>
            </TextLine>
            <TextLine id="r_10_tl_17" custom="readingOrder {index:16;}">
                <Coords points="221,1160 1251,1152 1251,1111 947,1095 221,1111"/>
                <Baseline points="235,1149 271,1149 316,1149 361,1146 406,1146 450,1146 495,1143 540,1143 585,1146 629,1146 674,1143 719,1143 764,1143 809,1140 853,1143 898,1143 943,1143 988,1146 1032,1146 1077,1146 1122,1146 1167,1143 1212,1143 1256,1140"/>
                <TextEquiv>
                    <Unicode>Wäre er nicht ein sündiges Geschöpf: so würde er</Unicode>
                </TextEquiv>
            </TextLine>
            <TextLine id="r_10_tl_18" custom="readingOrder {index:17;}">
                <Coords points="215,1222 1256,1204 1256,1152 215,1173"/>
                <Baseline points="229,1200 232,1200 277,1200 322,1200 367,1200 412,1200 456,1200 501,1197 546,1197 591,1197 635,1197 680,1197 725,1194 770,1194 815,1191 859,1194 904,1194 949,1194 994,1194 1038,1194 1083,1194 1128,1194 1173,1194 1218,1191 1262,1194"/>
                <TextEquiv>
                    <Unicode>nicht einer Leidenschaft ausgesetzet seyn, die aus dem</Unicode>
                </TextEquiv>
            </TextLine>
            <TextLine id="r_10_tl_19" custom="readingOrder {index:18;}">
                <Coords points="221,1264 1212,1259 1256,1251 1259,1204 221,1214"/>
                <Baseline points="235,1250 274,1253 319,1250 364,1250 409,1250 453,1247 498,1247 543,1247 588,1247 632,1244 677,1247 722,1247 767,1244 812,1244 856,1244 901,1244 946,1244 991,1244 1035,1244 1080,1241 1125,1241 1170,1244 1215,1241 1259,1241"/>
                <TextEquiv>
                    <Unicode>Verderben seiner Natur ihren Ursprung nimmt.</Unicode>
                </TextEquiv>
            </TextLine>
            <TextLine id="r_10_tl_20" custom="readingOrder {index:19;}">
                <Coords points="218,1321 1214,1308 1256,1305 1256,1261 218,1269"/>
                <Baseline points="232,1301 277,1301 322,1301 367,1301 412,1301 456,1301 501,1298 546,1298 591,1298 635,1298 680,1298 725,1295 770,1298 815,1295 859,1295 904,1295 949,1295 994,1295 1038,1295 1083,1292 1128,1292 1173,1295 1218,1292 1262,1289"/>
                <TextEquiv>
                    <Unicode>Wäre er nicht ein unwissendes Geschöpf: so würde</Unicode>
                </TextEquiv>
            </TextLine>
            <TextLine id="r_10_tl_21" custom="readingOrder {index:20;}">
                <Coords points="218,1360 1131,1370 1253,1357 1253,1303 218,1321"/>
                <Baseline points="232,1352 274,1352 319,1352 364,1349 409,1352 453,1352 498,1352 543,1349 588,1349 632,1349 677,1349 722,1349 767,1349 812,1346 856,1346 901,1349 946,1349 991,1349 1035,1346 1080,1346 1125,1346 1170,1346 1215,1346 1259,1340"/>
                <TextEquiv>
                    <Unicode>er einsehen, daß er nichts habe, worauf er stolz seyn,</Unicode>
                </TextEquiv>
            </TextLine>
            <TextLine id="r_10_tl_22" custom="readingOrder {index:21;}">
                <Coords points="223,1414 1259,1409 1259,1365 1173,1352 223,1362"/>
                <Baseline points="238,1400 280,1400 325,1400 370,1400 414,1400 459,1400 504,1400 549,1400 594,1400 638,1400 683,1400 728,1400 773,1400 818,1397 862,1397 907,1397 952,1397 997,1397 1041,1397 1086,1397 1131,1397 1176,1397 1221,1397 1265,1394"/>
                <TextEquiv>
                    <Unicode>könnte. Wäre nicht das ganze Geschlecht der Men-</Unicode>
                </TextEquiv>
            </TextLine>
            <TextLine id="r_10_tl_23" custom="readingOrder {index:22;}">
                <Coords points="236,1513 1209,1515 1253,1508 1253,1461 236,1464"/>
                <Baseline points="250,1498 274,1501 319,1498 364,1498 409,1498 453,1498 498,1498 543,1498 588,1498 632,1498 677,1498 722,1498 767,1498 812,1495 856,1495 901,1495 946,1495 991,1498 1035,1498 1080,1498 1125,1495 1170,1498 1215,1495 1259,1492"/>
                <TextEquiv>
                    <Unicode>stände der Vergleichung mit sich, vor seinen Augen</Unicode>
                </TextEquiv>
            </TextLine>
            <TextLine id="r_10_tl_24" custom="readingOrder {index:23;}">
                <Coords points="221,1570 1230,1562 1256,1505 221,1513"/>
                <Baseline points="235,1549 274,1549 319,1549 364,1549 409,1549 453,1549 498,1546 543,1549 588,1549 632,1549 677,1546 722,1546 767,1546 812,1546 856,1546 901,1546 946,1549 991,1546 1035,1549 1080,1549 1125,1546 1170,1546 1215,1546 1259,1543"/>
                <TextEquiv>
                    <Unicode>haben. Diese eben sind die Gelegenheit seiner nie=</Unicode>
                </TextEquiv>
            </TextLine>
            <TextLine id="r_10_tl_25" custom="readingOrder {index:24;}">
                <Coords points="231,1619 1030,1599 1139,1630 1246,1617 1246,1557 231,1565"/>
                <Baseline points="244,1600 268,1600 313,1597 358,1597 403,1597 447,1597 492,1600 537,1597 582,1597 626,1597 671,1597 716,1594 761,1597 806,1597 850,1597 895,1597 940,1600 985,1600 1030,1597 1074,1600 1119,1597 1164,1597 1209,1597 1253,1597"/>
                <TextEquiv>
                    <Unicode>drigen Leidenschaft; diese eben machen, daß er sich</Unicode>
                </TextEquiv>
            </TextLine>
            <TextLine id="r_10_tl_26" custom="readingOrder {index:25;}">
                <Coords points="218,1674 516,1650 825,1661 869,1656 869,1606 218,1622"/>
                <Baseline points="232,1656 250,1650 295,1648 340,1650 385,1648 429,1648 474,1648 519,1648 564,1648 609,1645 653,1648 698,1645 743,1645 788,1645 832,1648 877,1648"/>
                <TextEquiv>
                    <Unicode>größer achtet, als seine Brüder.</Unicode>
                </TextEquiv>
            </TextLine>
            <TextLine id="r_10_tl_27" custom="readingOrder {index:26;}">
                <Coords points="278,1697 1256,1710 1256,1650 278,1661"/>
                <Baseline points="292,1695 337,1695 382,1695 426,1695 471,1695 516,1698 561,1695 606,1695 650,1695 695,1692 740,1692 785,1695 829,1695 874,1695 919,1695 964,1695 1009,1695 1053,1692 1098,1692 1143,1692 1188,1692 1233,1692 1262,1695"/>
                <TextEquiv>
                    <Unicode>Ein weiser Mann wird damit zufrieden seyn, daß</Unicode>
                </TextEquiv>
            </TextLine>
            <TextLine id="r_10_tl_28" custom="readingOrder {index:27;}">
                <Coords points="236,1759 1253,1746 1253,1710 1209,1695 314,1718 236,1674"/>
                <Baseline points="250,1746 274,1743 319,1743 364,1743 409,1743 453,1743 498,1737 543,1740 588,1743 632,1740 677,1740 722,1737 767,1737 812,1737 856,1737 901,1737 946,1737 991,1737 1035,1737 1080,1737 1125,1737 1170,1737 1215,1737 1259,1737"/>
                <TextEquiv>
                    <Unicode>sein Ruhm bis auf diejenige Zeit aufgeschoben</Unicode>
                </TextEquiv>
            </TextLine>
            <TextLine id="r_10_tl_29" custom="readingOrder {index:28;}">
                <Coords points="228,1798 1259,1788 1259,1746 1214,1739 231,1757"/>
                <Baseline points="244,1788 280,1788 325,1788 370,1785 414,1785 459,1785 504,1785 549,1782 594,1782 638,1779 683,1782 728,1779 773,1779 818,1776 862,1779 907,1779 952,1776 997,1776 1041,1776 1086,1776 1131,1776 1176,1773 1221,1776 1265,1779"/>
                <TextEquiv>
                    <Unicode>wird, wo er wahrhaftig verherrlichet werden soll;</Unicode>
                </TextEquiv>
            </TextLine>
            <TextLine id="r_10_tl_30" custom="readingOrder {index:29;}">
                <Coords points="236,1900 1259,1894 1259,1835 236,1845"/>
                <Baseline points="250,1886 277,1883 322,1883 367,1883 412,1880 456,1880 501,1883 546,1880 591,1880 635,1877 680,1880 725,1877 770,1877 815,1877 859,1880 904,1880 949,1880 994,1877 1038,1877 1083,1877 1128,1877 1173,1877 1218,1874 1262,1874"/>
                <TextEquiv>
                    <Unicode>sein Wille geläutert, und seine Seligkeit unumstöß¬</Unicode>
                </TextEquiv>
            </TextLine>
            <TextLine id="r_10_tl_31" custom="readingOrder {index:30;}">
                <Coords points="231,1957 1196,1946 1259,1941 1259,1892 231,1897"/>
                <Baseline points="244,1937 280,1937 325,1934 370,1937 414,1934 459,1934 504,1934 549,1934 594,1934 638,1934 683,1934 728,1931 773,1931 818,1931 862,1934 907,1931 952,1931 997,1931 1041,1928 1086,1931 1131,1928 1176,1931 1221,1928 1265,1925"/>
                <TextEquiv>
                    <Unicode>lich gemacht seyn; oder mit andern Worten, wenn</Unicode>
                </TextEquiv>
            </TextLine>
            <TextLine id="r_10_tl_32" custom="readingOrder {index:31;}">
                <Coords points="226,1988 558,2022 1191,1988 1256,2019 1238,1938 226,1957"/>
                <Baseline points="241,1988 277,1985 322,1985 367,1985 412,1988 456,1988 501,1988 546,1985 591,1988 635,1985 680,1985 725,1985 770,1982 815,1985 859,1985 904,1985 949,1985 994,1985 1038,1982 1083,1982 1128,1982 1173,1982 1218,1982 1262,1979"/>
                <TextEquiv>
                    <Unicode>er weder sündig noch unwissend, noch armselig mehr</Unicode>
                </TextEquiv>
            </TextLine>
            <TextLine id="r_10_tl_33" custom="readingOrder {index:32;}">
                <Coords points="223,2066 247,2066 257,2055 280,2066 304,2047 330,2042 340,2053 361,2047 381,2055 407,2045 418,2053 444,2053 444,2006 426,2006 410,1990 392,2003 345,1998 330,2009 317,1998 309,2006 283,2006 223,1990"/>
                <Baseline points="238,2042 271,2039 316,2036 361,2036 406,2036 450,2036"/>
                <TextEquiv>
                    <Unicode>seyn wird.</Unicode>
                </TextEquiv>
            </TextLine>
            <TextLine id="r_10_tl_34" custom="readingOrder {index:33;}">
                <Coords points="283,2102 1225,2097 1261,2089 1261,2019 784,2050 649,2014 576,2050 283,2055"/>
                <Baseline points="298,2092 328,2089 373,2086 417,2083 462,2083 507,2083 552,2083 597,2083 641,2083 686,2083 731,2083 776,2083 821,2080 865,2080 910,2080 955,2080 1000,2080 1044,2080 1089,2080 1134,2080 1179,2077 1224,2077 1268,2080"/>
                <TextEquiv>
                    <Unicode>Ist eine Sache, die das menschliche Geschlecht in</Unicode>
                </TextEquiv>
            </TextLine>
            <TextLine id="r_10_tl_35" custom="readingOrder {index:34;}">
                <Coords points="226,2154 1261,2138 1261,2092 226,2089"/>
                <Baseline points="241,2134 283,2137 328,2134 373,2137 417,2134 462,2134 507,2134 552,2134 597,2131 641,2134 686,2131 731,2134 776,2131 821,2131 865,2131 910,2131 955,2131 1000,2131 1044,2131 1089,2134 1134,2131 1179,2131 1224,2128 1268,2128"/>
                <TextEquiv>
                    <Unicode>den Augen solcher Wesen lächerlich macht, die mit</Unicode>
                </TextEquiv>
            </TextLine>
            <TextLine id="r_10_tl_36" custom="readingOrder {index:35;}">
                <Coords points="223,2214 1259,2195 1259,2138 223,2143"/>
                <Baseline points="238,2191 277,2188 322,2185 367,2188 412,2185 456,2185 501,2185 546,2185 591,2182 635,2182 680,2182 725,2182 770,2182 815,2179 859,2182 904,2179 949,2182 994,2179 1038,2179 1083,2179 1128,2179 1173,2179 1218,2179 1262,2179"/>
                <TextEquiv>
                    <Unicode>größern Fähigkeiten, als wir, begabt sind: so muß</Unicode>
                </TextEquiv>
            </TextLine>
            <TextLine id="r_10_tl_37" custom="readingOrder {index:36;}">
                <Coords points="231,2250 1240,2245 1256,2193 231,2214"/>
                <Baseline points="244,2236 277,2236 322,2236 367,2236 412,2233 456,2233 501,2233 546,2230 591,2233 635,2230 680,2230 725,2230 770,2230 815,2230 859,2230 904,2230 949,2230 994,2230 1038,2230 1083,2227 1128,2224 1173,2227 1218,2227 1262,2230"/>
                <TextEquiv>
                    <Unicode>es gewiß der Stolz seyn. Sie kennen die Eitelkeit</Unicode>
                </TextEquiv>
            </TextLine>
            <TextLine id="r_10_tl_38" custom="readingOrder {index:37;}">
                <Coords points="236,2294 1189,2299 1253,2291 1253,2245 236,2250"/>
                <Baseline points="250,2283 274,2283 319,2280 364,2283 409,2280 453,2280 498,2280 543,2277 588,2277 632,2277 677,2277 722,2277 767,2277 812,2277 856,2277 901,2277 946,2277 991,2277 1035,2277 1080,2277 1125,2277 1170,2277 1215,2277 1259,2280"/>
                <TextEquiv>
                    <Unicode>der eingebildeten Vollkommenheiten, die oft das Herr</Unicode>
                </TextEquiv>
            </TextLine>
            <TextLine id="r_10_tl_39" custom="readingOrder {index:38;}">
                <Coords points="236,2341 1259,2336 1238,2289 236,2294"/>
                <Baseline points="250,2334 277,2331 322,2328 367,2328 412,2328 456,2325 501,2325 546,2325 591,2322 635,2325 680,2325 725,2325 770,2325 815,2325 859,2325 904,2325 949,2328 994,2328 1038,2328 1083,2328 1128,2325 1173,2325 1218,2325 1262,2325"/>
                <TextEquiv>
                    <Unicode>des Menschen aufblähen, so sehr, und erkennen die</Unicode>
                </TextEquiv>
            </TextLine>
            <TextLine id="r_10_tl_40" custom="readingOrder {index:39;}">
                <Coords points="234,2400 1752,2385 1627,2330 234,2341"/>
                <Baseline points="247,2385 280,2382 325,2379 370,2379 414,2376 459,2376 504,2373 549,2373 594,2373 638,2370 683,2370 728,2373 773,2373 818,2376 862,2376 907,2376 952,2379 997,2376 1041,2376 1086,2379 1131,2376 1176,2373 1221,2376 1265,2376 1289,2376 1334,2376 1379,2376 1424,2376 1468,2376 1513,2376 1558,2373 1603,2370 1648,2373 1692,2373 1737,2373 1758,2376"/>
                <TextEquiv>
                    <Unicode>kleinen zugeworfenen Vorzüge der Geburt, des Reich- Nachfolger zu kommen.</Unicode>
                </TextEquiv>
            </TextLine>
            <TextLine id="r_10_tl_41" custom="readingOrder {index:40;}">
                <Coords points="247,2439 1240,2444 1259,2390 247,2395"/>
                <Baseline points="262,2430 280,2430 325,2430 370,2430 414,2427 459,2424 504,2424 549,2424 594,2421 638,2421 683,2421 728,2421 773,2424 818,2427 862,2427 907,2427 952,2427 997,2427 1041,2427 1086,2427 1131,2427 1176,2421 1221,2424 1265,2424"/>
                <TextEquiv>
                    <Unicode>hums, oder der Titel, die ein Mensch vor dem an-</Unicode>
                </TextEquiv>
            </TextLine>
            <TextLine id="r_10_tl_42" custom="readingOrder {index:41;}">
                <Coords points="231,2483 1253,2486 1253,2444 1194,2426 231,2439"/>
                <Baseline points="244,2480 271,2480 316,2480 361,2480 406,2477 450,2477 495,2475 540,2475 585,2472 629,2472 674,2472 719,2472 764,2472 809,2475 853,2475 898,2477 943,2477 988,2477 1032,2477 1077,2475 1122,2475 1167,2475 1212,2472 1256,2475"/>
                <TextEquiv>
                    <Unicode>dern bekommen hat, so richtig, daß es gewiß sehr zu</Unicode>
                </TextEquiv>
            </TextLine>
            <TextLine id="r_10_tl_43" custom="readingOrder {index:42;}">
                <Coords points="231,2590 1256,2582 1256,2543 1189,2528 231,2538"/>
                <Baseline points="244,2579 277,2579 322,2582 367,2579 412,2579 456,2579 501,2576 546,2576 591,2573 635,2573 680,2570 725,2570 770,2567 815,2570 859,2573 904,2573 949,2576 994,2576 1038,2576 1083,2576 1128,2573 1173,2576 1218,2576 1262,2573"/>
                <TextEquiv>
                    <Unicode>Ueberhebung derselben mitleidig belustigen sollten.</Unicode>
                </TextEquiv>
            </TextLine>
            <TextLine id="r_10_tl_44" custom="readingOrder {index:43;}">
                <Coords points="234,2637 1256,2644 1256,2587 234,2598"/>
                <Baseline points="247,2627 274,2630 319,2630 364,2630 409,2630 453,2627 498,2627 543,2627 588,2627 632,2621 677,2621 722,2618 767,2618 812,2618 856,2621 901,2624 946,2624 991,2627 1035,2624 1080,2627 1125,2624 1170,2627 1215,2624 1259,2624"/>
                <TextEquiv>
                    <Unicode>Werden diese erhabnere Wesen nicht lachen müssen,</Unicode>
                </TextEquiv>
            </TextLine>
            <TextLine id="r_10_tl_45" custom="readingOrder {index:44;}">
                <Coords points="244,2694 1256,2694 1256,2644 1212,2631 244,2639"/>
                <Baseline points="259,2678 277,2678 322,2678 367,2678 412,2678 456,2678 501,2678 546,2675 591,2675 635,2675 680,2672 725,2669 770,2669 815,2666 859,2669 904,2672 949,2672 994,2675 1038,2675 1083,2675 1128,2675 1173,2672 1218,2675 1262,2675"/>
                <TextEquiv>
                    <Unicode>so oft sie einen Sterblichen sich blähen, und über seine</Unicode>
                </TextEquiv>
            </TextLine>
            <TextLine id="r_10_tl_46" custom="readingOrder {index:45;}">
                <Coords points="239,2735 1253,2738 1253,2691 1139,2681 239,2691"/>
                <Baseline points="253,2722 298,2728 343,2728 388,2725 432,2725 477,2725 522,2725 567,2725 612,2725 656,2725 701,2722 746,2719 791,2719 835,2716 880,2716 925,2719 970,2722 1015,2722 1059,2725 1104,2725 1149,2725 1194,2722 1238,2722 1259,2722"/>
                <TextEquiv>
                    <Unicode>Mitsterblichen sich wegen rechter Kleinigkeiten hinweg=</Unicode>
                </TextEquiv>
            </TextLine>
            <TextLine id="r_10_tl_47" custom="readingOrder {index:46;}">
                <Coords points="226,2818 433,2795 636,2823 924,2777 1059,2808 1261,2795 1261,2740 1214,2735 226,2733"/>
                <Baseline points="241,2785 280,2782 325,2782 370,2779 414,2779 459,2782 504,2779 549,2779 594,2779 638,2779 683,2776 728,2776 773,2773 818,2767 862,2767 907,2767 952,2770 997,2773 1041,2776 1086,2773 1131,2776 1176,2773 1221,2773 1265,2770"/>
                <TextEquiv>
                    <Unicode>setzen sehen, da er doch allen Widerwärtigkeiten und</Unicode>
                </TextEquiv>
            </TextLine>
            <TextLine id="r_10_tl_48" custom="readingOrder {index:47;}">
                <Coords points="275,2901 579,2870 786,2891 828,2865 1253,2901 1253,2821 1108,2790 1007,2836 916,2790 701,2795 592,2844 498,2797 275,2813"/>
                <Baseline points="289,2875 319,2872 364,2872 409,2872 453,2872 498,2869 543,2872 588,2869 632,2872 677,2869 722,2869 767,2869 812,2866 856,2863 901,2863 946,2866 991,2866 1035,2869 1080,2869 1125,2869 1170,2869 1215,2869 1259,2866"/>
                <TextEquiv>
                    <Unicode>1 Sirach X, 20. �Oυκ ἔκτισει ἀνθρώποις</Unicode>
                </TextEquiv>
            </TextLine>
            <TextLine id="r_10_tl_49" custom="readingOrder {index:48;}">
                <Coords points="343,2948 449,2961 459,2951 503,2953 535,2935 579,2930 620,2951 651,2943 651,2886 573,2875 558,2888 498,2875 483,2891 405,2886 392,2899 371,2893 343,2906"/>
                <Baseline points="358,2928 391,2928 435,2928 480,2928 525,2925 570,2928 615,2928 659,2925"/>
                <TextEquiv>
                    <Unicode>υπερηφανία.</Unicode>
                </TextEquiv>
            </TextLine>
            <TextEquiv>
                <Unicode></Unicode>
            </TextEquiv>
        </TextRegion>
        <TextRegion id="r_11" custom="readingOrder {index:1;}">
            <Coords points="1269,301 2345,301 2345,3003 1274,2990"/>
            <TextLine id="r_11_tl_1" custom="readingOrder {index:0;}">
                <Coords points="1264,371 2294,389 2294,322 2247,301 2024,319 1809,283 1666,317 1554,285 1451,314 1336,280 1264,314"/>
                <Baseline points="1277,358 1322,355 1367,352 1412,352 1456,355 1501,355 1546,355 1591,355 1636,355 1680,355 1725,355 1770,358 1815,361 1859,361 1904,358 1949,358 1994,361 2039,358 2083,358 2128,358 2173,358 2218,361 2263,364 2301,364"/>
                <TextEquiv>
                    <Unicode>Zufällen des ganzen Geschlechts eben so sehr unter,</Unicode>
                </TextEquiv>
            </TextLine>
            <TextLine id="r_11_tl_2" custom="readingOrder {index:1;}">
                <Coords points="1264,431 1334,410 1425,407 1451,423 1503,402 1562,420 1726,423 1741,420 1741,363 1656,379 1573,361 1264,368"/>
                <Baseline points="1277,400 1322,400 1367,403 1412,406 1456,403 1501,403 1546,403 1591,403 1636,406 1680,406 1725,406 1749,406"/>
                <TextEquiv>
                    <Unicode>worfen ist, als sie alle?</Unicode>
                </TextEquiv>
            </TextLine>
            <TextLine id="r_11_tl_3" custom="readingOrder {index:2;}">
                <Coords points="1316,462 2281,480 2302,384 2105,423 1835,376 1744,420 1316,413"/>
                <Baseline points="1331,447 1376,450 1421,450 1465,450 1510,450 1555,453 1600,453 1645,456 1689,456 1734,456 1779,456 1824,456 1868,459 1913,456 1958,456 2003,456 2048,456 2092,453 2137,453 2182,456 2227,456 2271,459 2307,459"/>
                <TextEquiv>
                    <Unicode>Diesen Gedanken ein größeres Licht zu geben, wol</Unicode>
                </TextEquiv>
            </TextLine>
            <TextLine id="r_11_tl_4" custom="readingOrder {index:3;}">
                <Coords points="1264,516 2302,524 2302,475 2159,459 1264,465"/>
                <Baseline points="1277,501 1322,501 1367,501 1412,498 1456,501 1501,501 1546,501 1591,501 1636,504 1680,507 1725,507 1770,507 1815,504 1859,507 1904,507 1949,507 1994,507 2039,507 2083,507 2128,504 2173,504 2218,504 2263,507 2307,507"/>
                <TextEquiv>
                    <Unicode>len wir annehmen, jener Paulwurfhaufe sey von</Unicode>
                </TextEquiv>
            </TextLine>
            <TextLine id="r_11_tl_5" custom="readingOrder {index:4;}">
                <Coords points="1266,563 2297,571 2297,522 2255,511 1266,524"/>
                <Baseline points="1280,552 1325,552 1370,552 1415,549 1459,552 1504,552 1549,552 1594,552 1639,555 1683,555 1728,555 1773,558 1818,555 1862,558 1907,558 1952,558 1997,558 2042,558 2086,558 2131,555 2176,555 2221,555 2266,555 2304,558"/>
                <TextEquiv>
                    <Unicode>vernünftigen Geschöpfen bewohnt, und jede Ameise,</Unicode>
                </TextEquiv>
            </TextLine>
            <TextLine id="r_11_tl_6" custom="readingOrder {index:5;}">
                <Coords points="1269,612 2304,618 2302,573 2242,561 1266,563"/>
                <Baseline points="1283,600 1328,603 1373,603 1418,603 1462,603 1507,600 1552,603 1597,600 1642,606 1686,603 1731,609 1776,609 1821,609 1865,609 1910,609 1955,609 2000,609 2045,609 2089,609 2134,606 2179,606 2224,606 2269,606 2307,603"/>
                <TextEquiv>
                    <Unicode>ihre Gestalt und Lebensart ausgenommen, habe mensch=</Unicode>
                </TextEquiv>
            </TextLine>
            <TextLine id="r_11_tl_7" custom="readingOrder {index:6;}">
                <Coords points="1274,670 2310,664 2307,623 2255,618 1272,612"/>
                <Baseline points="1286,650 1331,650 1376,650 1421,647 1465,650 1510,650 1555,650 1600,653 1645,653 1689,653 1734,653 1779,656 1824,656 1868,656 1913,656 1958,656 2003,656 2048,659 2092,659 2137,659 2182,656 2227,656 2271,656 2313,656"/>
                <TextEquiv>
                    <Unicode>liche Neigungen. Wie würden wir lächeln, wenn</Unicode>
                </TextEquiv>
            </TextLine>
            <TextLine id="r_11_tl_8" custom="readingOrder {index:7;}">
                <Coords points="1269,708 2297,721 2297,664 1269,667"/>
                <Baseline points="1283,701 1328,701 1373,701 1418,701 1462,701 1507,701 1552,701 1597,704 1642,704 1686,704 1731,704 1776,707 1821,707 1865,707 1910,707 1955,707 2000,707 2045,707 2089,707 2134,707 2179,707 2224,707 2269,707 2304,707"/>
                <TextEquiv>
                    <Unicode>uns jemand von den Stammbäumen,zeange und</Unicode>
                </TextEquiv>
            </TextLine>
            <TextLine id="r_11_tl_9" custom="readingOrder {index:8;}">
                <Coords points="1272,750 2310,791 2294,716 1272,708"/>
                <Baseline points="1286,746 1331,749 1376,749 1421,749 1465,749 1510,749 1555,749 1600,752 1645,752 1689,752 1734,755 1779,755 1824,758 1868,758 1913,758 1958,758 2003,761 2048,758 2092,758 2137,758 2182,761 2227,758 2271,761 2316,758"/>
                <TextEquiv>
                    <Unicode>Ehrentiteln der Bewohner dieses Paulwurfhaufens</Unicode>
                </TextEquiv>
            </TextLine>
            <TextLine id="r_11_tl_10" custom="readingOrder {index:9;}">
                <Coords points="1282,820 1445,804 1554,828 1575,812 1824,817 1824,776 1780,763 1676,776 1588,755 1282,758"/>
                <Baseline points="1295,800 1316,800 1361,800 1406,800 1450,800 1498,799 1498,799 1546,800 1591,803 1636,803 1680,806 1725,806 1770,806 1815,806 1827,806"/>
                <TextEquiv>
                    <Unicode>folgende Erzählung machte:</Unicode>
                </TextEquiv>
            </TextLine>
            <TextLine id="r_11_tl_11" custom="readingOrder {index:10;}">
                <Coords points="1326,859 2193,877 2297,867 2297,781 2206,820 2003,791 1796,825 1326,815"/>
                <Baseline points="1340,847 1385,847 1430,847 1474,847 1519,850 1564,850 1609,853 1653,853 1698,856 1743,856 1788,856 1833,856 1877,856 1922,856 1967,856 2012,856 2057,853 2101,853 2146,856 2191,856 2236,856 2280,856 2301,853"/>
                <TextEquiv>
                    <Unicode>Sehen sie, wie sich die ganze Menge theilt, und</Unicode>
                </TextEquiv>
            </TextLine>
            <TextLine id="r_11_tl_12" custom="readingOrder {index:11;}">
                <Coords points="1277,919 2312,916 2281,864 1277,859"/>
                <Baseline points="1292,901 1337,898 1382,898 1427,898 1471,898 1516,898 1561,901 1606,901 1650,901 1695,901 1740,904 1785,904 1830,904 1874,904 1919,904 1964,904 2009,907 2054,907 2098,904 2143,904 2188,907 2233,904 2277,907 2316,907"/>
                <TextEquiv>
                    <Unicode>jener Ameise Platz macht, die durch sie hingeht. Sie</Unicode>
                </TextEquiv>
            </TextLine>
            <TextLine id="r_11_tl_13" custom="readingOrder {index:12;}">
                <Coords points="1274,958 2302,968 2302,916 1274,919"/>
                <Baseline points="1289,946 1334,949 1379,949 1424,949 1468,949 1513,949 1558,949 1603,949 1648,952 1692,952 1737,952 1782,952 1827,955 1871,955 1916,955 1961,955 2006,955 2051,955 2095,955 2140,955 2185,955 2230,955 2274,955 2307,955"/>
                <TextEquiv>
                    <Unicode>müssen wissen, es ist eine Ameise von Stande, und</Unicode>
                </TextEquiv>
            </TextLine>
            <TextLine id="r_11_tl_14" custom="readingOrder {index:13;}">
                <Coords points="1277,1015 2312,1015 2291,965 1277,958"/>
                <Baseline points="1292,997 1337,997 1382,997 1427,997 1471,997 1516,997 1561,997 1606,997 1650,997 1695,1000 1740,997 1785,1000 1830,1000 1874,1000 1919,1003 1964,1003 2009,1003 2054,1006 2098,1003 2143,1006 2188,1006 2233,1006 2277,1006 2319,1003"/>
                <TextEquiv>
                    <Unicode>hat besser Geblüt in ihren Adern, als alle andre am</Unicode>
                </TextEquiv>
            </TextLine>
            <TextLine id="r_11_tl_15" custom="readingOrder {index:14;}">
                <Coords points="1269,1064 2307,1061 2284,1012 1269,1015"/>
                <Baseline points="1283,1047 1328,1044 1373,1044 1418,1044 1462,1041 1507,1044 1552,1047 1597,1047 1642,1047 1686,1047 1731,1044 1776,1047 1821,1047 1865,1047 1910,1047 1955,1050 2000,1050 2045,1050 2089,1053 2134,1053 2179,1053 2224,1056 2269,1053 2313,1050"/>
                <TextEquiv>
                    <Unicode>ganzen Sandhaufen. Sehen sie nicht, wie stolz sie</Unicode>
                </TextEquiv>
            </TextLine>
            <TextLine id="r_11_tl_16" custom="readingOrder {index:15;}">
                <Coords points="1274,1098 2310,1118 2310,1061 1274,1061"/>
                <Baseline points="1289,1089 1334,1092 1379,1092 1424,1092 1468,1092 1513,1092 1558,1092 1603,1092 1648,1095 1692,1095 1737,1092 1782,1092 1827,1092 1871,1095 1916,1095 1961,1095 2006,1098 2051,1098 2095,1098 2140,1098 2185,1101 2230,1101 2274,1101 2313,1098"/>
                <TextEquiv>
                    <Unicode>darauf ist; wie langsam sie daher tritt, und wie sich</Unicode>
                </TextEquiv>
            </TextLine>
            <TextLine id="r_11_tl_17" custom="readingOrder {index:16;}">
                <Coords points="1274,1157 2310,1163 2310,1118 2237,1103 1923,1126 1274,1100"/>
                <Baseline points="1289,1140 1334,1140 1379,1140 1424,1143 1468,1143 1513,1140 1558,1140 1603,1140 1648,1143 1692,1143 1737,1143 1782,1143 1827,1143 1871,1143 1916,1143 1961,1143 2006,1143 2051,1143 2095,1146 2140,1143 2185,1146 2230,1146 2274,1146 2313,1146"/>
                <TextEquiv>
                    <Unicode>der ganze Pöbel der Ameisen in einer gewissen Ent=</Unicode>
                </TextEquiv>
            </TextLine>
            <TextLine id="r_11_tl_18" custom="readingOrder {index:17;}">
                <Coords points="1282,1209 2307,1209 2281,1155 1282,1152"/>
                <Baseline points="1295,1194 1340,1191 1385,1191 1430,1188 1474,1191 1519,1188 1564,1191 1609,1191 1653,1194 1698,1194 1743,1194 1788,1194 1833,1194 1877,1194 1922,1194 1967,1194 2012,1194 2057,1194 2101,1194 2146,1194 2191,1194 2236,1194 2280,1194 2313,1194"/>
                <TextEquiv>
                    <Unicode>fernung hält? Sie werden hier eine andere wahrneh=</Unicode>
                </TextEquiv>
            </TextLine>
            <TextLine id="r_11_tl_19" custom="readingOrder {index:18;}">
                <Coords points="1282,1261 2211,1272 2307,1261 2307,1207 1282,1209"/>
                <Baseline points="1295,1238 1340,1241 1385,1238 1430,1238 1474,1241 1519,1241 1564,1241 1609,1241 1653,1241 1698,1244 1743,1244 1788,1244 1833,1244 1877,1247 1922,1247 1967,1244 2012,1244 2057,1247 2101,1247 2146,1247 2191,1247 2236,1244 2280,1247 2313,1250"/>
                <TextEquiv>
                    <Unicode>men, die auf einer kleinern Anhöhe wohnt, und auf</Unicode>
                </TextEquiv>
            </TextLine>
            <TextLine id="r_11_tl_20" custom="readingOrder {index:19;}">
                <Coords points="1277,1295 2312,1318 2312,1261 2255,1253 2172,1282 2138,1253 1277,1264"/>
                <Baseline points="1292,1292 1337,1292 1382,1292 1427,1292 1471,1289 1516,1292 1561,1292 1606,1292 1650,1292 1695,1292 1740,1295 1785,1295 1830,1298 1874,1298 1919,1298 1964,1295 2009,1298 2054,1298 2098,1298 2143,1301 2188,1298 2206,1295 2221,1295 2266,1298 2310,1298 2319,1295"/>
                <TextEquiv>
                    <Unicode>eine lange Reihe von Arbeitern herab sieht. Sie</Unicode>
                </TextEquiv>
            </TextLine>
            <TextLine id="r_11_tl_21" custom="readingOrder {index:20;}">
                <Coords points="1274,1360 2315,1360 2315,1318 2214,1300 1736,1321 1274,1292"/>
                <Baseline points="1289,1343 1334,1343 1379,1346 1424,1343 1468,1343 1513,1343 1558,1343 1603,1343 1648,1343 1692,1343 1737,1343 1782,1346 1827,1346 1871,1349 1916,1349 1961,1349 2006,1349 2051,1349 2095,1349 2140,1349 2185,1349 2230,1349 2274,1349 2319,1349 2322,1349"/>
                <TextEquiv>
                    <Unicode>ist das reichste Insekt an dieser Seite des Hügels.</Unicode>
                </TextEquiv>
            </TextLine>
            <TextLine id="r_11_tl_22" custom="readingOrder {index:21;}">
                <Coords points="1282,1406 2317,1409 2294,1357 1282,1352"/>
                <Baseline points="1295,1397 1340,1397 1385,1394 1430,1394 1474,1394 1519,1394 1564,1394 1609,1397 1653,1397 1698,1397 1743,1397 1788,1397 1833,1397 1877,1397 1922,1400 1967,1400 2012,1400 2057,1400 2101,1400 2146,1400 2191,1400 2236,1400 2280,1397 2322,1397"/>
                <TextEquiv>
                    <Unicode>Sie hat einen Spaziergang fast von einer halben Elle</Unicode>
                </TextEquiv>
            </TextLine>
            <TextLine id="r_11_tl_23" custom="readingOrder {index:22;}">
                <Coords points="234,1466 2312,1461 2234,1404 234,1412"/>
                <Baseline points="247,1453 283,1450 328,1450 373,1450 417,1447 462,1450 507,1450 552,1447 597,1447 641,1450 686,1450 731,1450 776,1447 821,1447 865,1447 910,1447 955,1447 1000,1447 1044,1447 1089,1447 1134,1447 1179,1444 1224,1447 1268,1444 1289,1444 1334,1447 1379,1444 1424,1444 1468,1444 1513,1444 1558,1444 1603,1447 1648,1447 1692,1447 1737,1447 1782,1447 1827,1447 1871,1447 1916,1450 1961,1450 2006,1450 2051,1450 2095,1450 2140,1450 2185,1447 2230,1447 2274,1447 2319,1444"/>
                <TextEquiv>
                    <Unicode>schen armselig: so würde er nicht die elenden Gegen= in die Länge, und von einem Viertel Zoll in die Brei=</Unicode>
                </TextEquiv>
            </TextLine>
            <TextLine id="r_11_tl_24" custom="readingOrder {index:23;}">
                <Coords points="1274,1503 2310,1505 2310,1458 2211,1453 2058,1479 1274,1453"/>
                <Baseline points="1289,1495 1328,1495 1373,1492 1418,1495 1462,1495 1507,1495 1552,1495 1597,1495 1642,1495 1686,1495 1731,1495 1776,1495 1821,1495 1865,1498 1910,1498 1955,1498 2000,1501 2045,1498 2089,1498 2134,1498 2179,1498 2224,1495 2269,1495 2313,1492"/>
                <TextEquiv>
                    <Unicode>te. Sie hält wohl hundert Bediente, und hat we-</Unicode>
                </TextEquiv>
            </TextLine>
            <TextLine id="r_11_tl_25" custom="readingOrder {index:24;}">
                <Coords points="1274,1554 2312,1560 2310,1508 2263,1505 1272,1503"/>
                <Baseline points="1289,1543 1334,1543 1379,1543 1424,1543 1468,1543 1513,1546 1558,1546 1603,1543 1648,1543 1692,1546 1737,1546 1782,1546 1827,1546 1871,1549 1916,1549 1961,1549 2006,1549 2051,1549 2095,1549 2140,1549 2185,1549 2230,1546 2274,1546 2319,1546"/>
                <TextEquiv>
                    <Unicode>nigstens funfzehn Gerstenkörner in ihrem Vorraths¬</Unicode>
                </TextEquiv>
            </TextLine>
            <TextLine id="r_11_tl_26" custom="readingOrder {index:25;}">
                <Coords points="1282,1609 2307,1606 2278,1554 1282,1554"/>
                <Baseline points="1295,1594 1340,1594 1385,1594 1430,1594 1474,1594 1519,1594 1564,1594 1609,1594 1653,1594 1698,1597 1743,1594 1788,1597 1833,1597 1877,1597 1922,1597 1967,1597 2012,1597 2057,1600 2101,1600 2146,1600 2191,1597 2236,1600 2280,1597 2313,1597"/>
                <TextEquiv>
                    <Unicode>hause; jetzt aber hudelt sie die Ameise, die vor ihr</Unicode>
                </TextEquiv>
            </TextLine>
            <TextLine id="r_11_tl_27" custom="readingOrder {index:26;}">
                <Coords points="1292,1661 2304,1671 2304,1604 1292,1609"/>
                <Baseline points="1307,1645 1352,1642 1397,1642 1442,1642 1486,1642 1531,1642 1576,1645 1621,1645 1665,1645 1710,1645 1755,1645 1800,1645 1845,1648 1889,1648 1934,1648 1979,1648 2024,1648 2068,1648 2113,1648 2158,1648 2203,1650 2248,1650 2292,1648 2310,1645"/>
                <TextEquiv>
                    <Unicode>steht, und die doch, so viel man entdecken kann, so</Unicode>
                </TextEquiv>
            </TextLine>
            <TextLine id="r_11_tl_28" custom="readingOrder {index:27;}">
                <Coords points="1274,1718 1365,1692 1490,1708 1661,1708 1684,1687 1832,1702 1832,1656 1804,1653 1689,1653 1674,1669 1575,1648 1277,1663"/>
                <Baseline points="1292,1695 1298,1695 1343,1689 1388,1689 1433,1689 1477,1689 1522,1689 1567,1686 1612,1689 1656,1689 1701,1689 1746,1686 1791,1689 1836,1689"/>
                <TextEquiv>
                    <Unicode>gut eine Ameise ist, wie sie.</Unicode>
                </TextEquiv>
            </TextLine>
            <TextLine id="r_11_tl_29" custom="readingOrder {index:28;}">
                <Coords points="1326,1749 2154,1759 2310,1749 2310,1695 1326,1700"/>
                <Baseline points="1340,1734 1385,1731 1430,1731 1474,1731 1519,1731 1564,1731 1609,1731 1653,1731 1698,1731 1743,1731 1788,1731 1833,1734 1877,1734 1922,1734 1967,1734 2012,1737 2057,1737 2101,1737 2146,1737 2191,1737 2236,1734 2280,1734 2313,1734"/>
                <TextEquiv>
                    <Unicode>Hier kommt ein Insekt von hohem Lange. Be=</Unicode>
                </TextEquiv>
            </TextLine>
            <TextLine id="r_11_tl_30" custom="readingOrder {index:29;}">
                <Coords points="1282,1785 2304,1804 2286,1744 1282,1736"/>
                <Baseline points="1295,1773 1340,1773 1385,1773 1430,1773 1474,1773 1519,1773 1564,1773 1609,1773 1653,1773 1698,1773 1743,1773 1788,1776 1833,1776 1877,1776 1922,1776 1967,1779 2012,1779 2057,1782 2101,1782 2146,1782 2191,1782 2236,1782 2280,1785 2307,1788"/>
                <TextEquiv>
                    <Unicode>merken sie wohl einen kleinen weißen Halm Stroh,</Unicode>
                </TextEquiv>
            </TextLine>
            <TextLine id="r_11_tl_31" custom="readingOrder {index:30;}">
                <Coords points="223,1848 2281,1853 2310,1798 223,1804"/>
                <Baseline points="238,1830 283,1833 328,1833 373,1833 417,1830 462,1830 507,1827 552,1830 597,1827 641,1827 686,1827 731,1824 776,1827 821,1824 865,1824 910,1824 955,1827 1000,1824 1044,1827 1089,1824 1134,1824 1179,1824 1224,1824 1268,1824 1289,1821 1334,1821 1379,1821 1424,1821 1468,1821 1513,1824 1558,1824 1603,1824 1648,1821 1692,1824 1737,1821 1782,1824 1827,1821 1871,1827 1916,1830 1961,1830 2006,1833 2051,1833 2095,1833 2140,1833 2185,1833 2230,1833 2274,1836 2313,1833"/>
                <TextEquiv>
                    <Unicode>bis auf die Zeit, wenn sein Verstand aufgeheitert, den es im Munde trägt? Eben diesen Halm, sollen</Unicode>
                </TextEquiv>
            </TextLine>
            <TextLine id="r_11_tl_32" custom="readingOrder {index:31;}">
                <Coords points="1292,1892 2224,1913 2307,1900 2307,1845 1290,1832"/>
                <Baseline points="1307,1871 1352,1874 1397,1874 1442,1874 1486,1877 1531,1877 1576,1877 1621,1877 1665,1877 1710,1880 1755,1880 1800,1877 1845,1880 1889,1883 1934,1883 1979,1886 2024,1883 2068,1883 2113,1886 2158,1886 2203,1886 2248,1886 2292,1886 2313,1886"/>
                <TextEquiv>
                    <Unicode>sie wissen, würde es nicht für den längsten Strich Lan</Unicode>
                </TextEquiv>
            </TextLine>
            <TextLine id="r_11_tl_33" custom="readingOrder {index:32;}">
                <Coords points="1285,1941 2307,1949 2304,1897 1282,1892"/>
                <Baseline points="1295,1928 1340,1928 1385,1928 1430,1928 1474,1928 1519,1931 1564,1931 1609,1931 1653,1931 1698,1931 1743,1934 1788,1934 1833,1934 1877,1934 1922,1937 1967,1937 2012,1934 2057,1937 2101,1934 2146,1937 2191,1937 2236,1937 2280,1937 2313,1934"/>
                <TextEquiv>
                    <Unicode>des am Paulwurfshügel missen. Wenn sie nur</Unicode>
                </TextEquiv>
            </TextLine>
            <TextLine id="r_11_tl_34" custom="readingOrder {index:33;}">
                <Coords points="1277,1990 2304,1998 2304,1951 2232,1941 1277,1933"/>
                <Baseline points="1292,1979 1337,1979 1382,1979 1427,1979 1471,1979 1516,1979 1561,1979 1606,1979 1650,1982 1695,1982 1740,1982 1785,1982 1830,1982 1874,1982 1919,1985 1964,1985 2009,1985 2054,1985 2098,1985 2143,1985 2188,1985 2233,1985 2277,1985 2310,1985"/>
                <TextEquiv>
                    <Unicode>wüßten, wie viel Sorge und Mühseligkeiten es über=</Unicode>
                </TextEquiv>
            </TextLine>
            <TextLine id="r_11_tl_35" custom="readingOrder {index:34;}">
                <Coords points="1274,2037 2310,2050 2310,1998 2278,1993 1274,1990"/>
                <Baseline points="1289,2027 1334,2030 1379,2030 1424,2030 1468,2030 1513,2030 1558,2030 1603,2033 1648,2030 1692,2033 1737,2033 1782,2033 1827,2033 1871,2036 1916,2036 1961,2036 2006,2036 2051,2036 2095,2033 2140,2030 2185,2033 2230,2033 2274,2033 2316,2033"/>
                <TextEquiv>
                    <Unicode>nommen hat, um ihn damit zu erkaufen. Geben sie</Unicode>
                </TextEquiv>
            </TextLine>
            <TextLine id="r_11_tl_36" custom="readingOrder {index:35;}">
                <Coords points="1287,2089 2310,2094 2310,2050 2110,2032 2063,2058 1287,2037"/>
                <Baseline points="1301,2077 1346,2080 1391,2080 1436,2077 1480,2080 1525,2080 1570,2077 1615,2077 1659,2080 1704,2080 1749,2080 1794,2080 1839,2080 1883,2083 1928,2083 1973,2083 2018,2083 2063,2083 2107,2083 2152,2083 2197,2083 2242,2083 2286,2083 2316,2080"/>
                <TextEquiv>
                    <Unicode>Acht, wie die Ameisen von Stande und Ansehen um</Unicode>
                </TextEquiv>
            </TextLine>
            <TextLine id="r_11_tl_37" custom="readingOrder {index:36;}">
                <Coords points="1290,2149 2304,2149 2304,2092 1290,2089"/>
                <Baseline points="1304,2128 1349,2128 1394,2128 1439,2128 1483,2128 1528,2128 1573,2128 1618,2128 1662,2128 1707,2131 1752,2128 1797,2131 1842,2131 1886,2134 1931,2134 1976,2134 2021,2134 2065,2134 2110,2131 2155,2134 2200,2131 2245,2131 2289,2134 2310,2131"/>
                <TextEquiv>
                    <Unicode>ihn herumschwärmen. Sollte ihm dieser Strohhalm</Unicode>
                </TextEquiv>
            </TextLine>
            <TextLine id="r_11_tl_38" custom="readingOrder {index:37;}">
                <Coords points="1282,2193 2307,2203 2307,2146 1282,2154"/>
                <Baseline points="1295,2179 1340,2179 1385,2179 1430,2179 1474,2176 1519,2179 1564,2176 1609,2176 1653,2176 1698,2179 1743,2176 1788,2179 1833,2179 1877,2182 1922,2182 1967,2185 2012,2185 2057,2185 2101,2182 2146,2185 2191,2185 2236,2185 2280,2185 2313,2185"/>
                <TextEquiv>
                    <Unicode>aus dem Munde fallen: so würden sie diesen ganzen</Unicode>
                </TextEquiv>
            </TextLine>
            <TextLine id="r_11_tl_39" custom="readingOrder {index:38;}">
                <Coords points="1282,2245 2310,2250 2310,2195 1282,2193"/>
                <Baseline points="1295,2227 1340,2227 1385,2224 1430,2224 1474,2224 1519,2224 1564,2224 1609,2227 1653,2227 1698,2227 1743,2227 1788,2227 1833,2230 1877,2230 1922,2233 1967,2233 2012,2236 2057,2233 2101,2233 2146,2236 2191,2233 2236,2233 2280,2236 2316,2236"/>
                <TextEquiv>
                    <Unicode>Haufen von Begleitern dem nächsten folgen sehen,</Unicode>
                </TextEquiv>
            </TextLine>
            <TextLine id="r_11_tl_40" custom="readingOrder {index:39;}">
                <Coords points="1285,2284 2307,2294 2281,2239 1285,2237"/>
                <Baseline points="1298,2277 1343,2274 1388,2274 1433,2274 1477,2274 1522,2274 1567,2274 1612,2274 1656,2274 1701,2274 1746,2277 1791,2277 1836,2280 1880,2280 1925,2283 1970,2283 2015,2283 2060,2283 2104,2283 2149,2280 2194,2280 2239,2280 2283,2280 2313,2280"/>
                <TextEquiv>
                    <Unicode>das ihn aufnähme. Alle würden ihn verlaßen, und</Unicode>
                </TextEquiv>
            </TextLine>
            <TextLine id="r_11_tl_41" custom="readingOrder {index:40;}">
                <Coords points="1285,2336 2312,2361 2312,2294 2232,2286 1285,2284"/>
                <Baseline points="1298,2325 1343,2325 1388,2325 1433,2325 1477,2325 1522,2325 1567,2322 1612,2322 1656,2322 1701,2325 1746,2328 1791,2331 1836,2331 1880,2331 1925,2331 1970,2331 2015,2331 2060,2334 2104,2334 2149,2331 2194,2331 2239,2331 2283,2331 2319,2328"/>
                <TextEquiv>
                    <Unicode>wohl gar selbst über ihn hinlaufen, um zu seinem</Unicode>
                </TextEquiv>
            </TextLine>
            <TextLine id="r_11_tl_42" custom="readingOrder {index:41;}">
                <Coords points="1326,2434 2304,2439 2302,2364 2211,2359 2097,2393 1326,2393"/>
                <Baseline points="1340,2427 1385,2427 1430,2427 1474,2424 1519,2424 1564,2421 1609,2421 1653,2421 1698,2424 1743,2427 1788,2430 1833,2430 1877,2427 1922,2427 1967,2427 2012,2427 2057,2427 2101,2424 2146,2424 2191,2427 2236,2430 2280,2430 2310,2427"/>
                <TextEquiv>
                    <Unicode>Wollen sie jetzt die Damen des Paulwurfshaufen</Unicode>
                </TextEquiv>
            </TextLine>
            <TextLine id="r_11_tl_43" custom="readingOrder {index:42;}">
                <Coords points="1274,2489 2310,2489 2281,2437 1274,2419"/>
                <Baseline points="1289,2472 1334,2475 1379,2477 1424,2475 1468,2477 1513,2475 1558,2472 1603,2472 1648,2472 1692,2475 1737,2477 1782,2477 1827,2480 1871,2480 1916,2477 1961,2477 2006,2477 2051,2477 2095,2477 2140,2477 2185,2477 2230,2480 2274,2480 2316,2480"/>
                <TextEquiv>
                    <Unicode>betrachten: so bemerken sie einmal jene Ameise, die</Unicode>
                </TextEquiv>
            </TextLine>
            <TextLine id="r_11_tl_44" custom="readingOrder {index:43;}">
                <Coords points="231,2541 2307,2548 2307,2489 2162,2483 231,2486"/>
                <Baseline points="244,2528 283,2531 328,2531 373,2531 417,2528 462,2528 507,2525 552,2525 597,2519 641,2522 686,2519 731,2519 776,2519 821,2522 865,2525 910,2525 955,2528 1000,2528 1044,2525 1089,2525 1134,2525 1179,2522 1224,2525 1268,2525 1289,2525 1334,2528 1379,2525 1424,2528 1468,2525 1513,2522 1558,2519 1603,2522 1648,2522 1692,2522 1737,2528 1782,2528 1827,2528 1871,2528 1916,2528 1961,2528 2006,2525 2051,2525 2095,2528 2140,2528 2185,2528 2230,2531 2274,2531 2313,2531"/>
                <TextEquiv>
                    <Unicode>verwundern wäre, wenn sie sich nicht oft über die nach dem Insekt zur linken Seite lauschet, ohngeach¬</Unicode>
                </TextEquiv>
            </TextLine>
            <TextLine id="r_11_tl_45" custom="readingOrder {index:44;}">
                <Coords points="1282,2585 2310,2590 2310,2546 2250,2538 1282,2538"/>
                <Baseline points="1295,2576 1340,2576 1385,2576 1430,2576 1474,2576 1519,2573 1564,2570 1609,2570 1653,2573 1698,2576 1743,2576 1788,2576 1833,2579 1877,2576 1922,2576 1967,2576 2012,2576 2057,2576 2101,2576 2146,2579 2191,2579 2236,2579 2280,2579 2316,2579"/>
                <TextEquiv>
                    <Unicode>tet sie zu gleicher Zeit das Gesicht von ihm abzuwen¬</Unicode>
                </TextEquiv>
            </TextLine>
            <TextLine id="r_11_tl_46" custom="readingOrder {index:45;}">
                <Coords points="1282,2647 2312,2647 2312,2598 2118,2577 1282,2585"/>
                <Baseline points="1295,2624 1340,2627 1385,2627 1430,2627 1474,2624 1519,2624 1564,2621 1609,2621 1653,2621 1698,2627 1743,2627 1788,2630 1833,2630 1877,2627 1922,2627 1967,2624 2012,2627 2057,2624 2101,2627 2146,2630 2191,2630 2236,2630 2280,2630 2319,2627"/>
                <TextEquiv>
                    <Unicode>den scheint. Er sagt diesem armseligen Thierchen</Unicode>
                </TextEquiv>
            </TextLine>
            <TextLine id="r_11_tl_47" custom="readingOrder {index:46;}">
                <Coords points="1285,2694 2302,2694 2302,2642 2102,2626 1796,2655 1565,2624 1285,2642"/>
                <Baseline points="1298,2675 1343,2675 1388,2675 1433,2675 1477,2672 1522,2672 1567,2669 1612,2669 1656,2669 1701,2672 1746,2678 1791,2675 1836,2678 1880,2675 1925,2678 1970,2675 2015,2678 2060,2678 2104,2678 2149,2678 2194,2678 2239,2678 2283,2678 2307,2681"/>
                <TextEquiv>
                    <Unicode>vor, sie sey eine Göttin; ihre Augen wären heller,</Unicode>
                </TextEquiv>
            </TextLine>
            <TextLine id="r_11_tl_48" custom="readingOrder {index:47;}">
                <Coords points="1282,2738 2203,2748 2307,2735 2307,2694 1282,2699"/>
                <Baseline points="1295,2722 1340,2725 1385,2722 1430,2722 1474,2719 1519,2719 1564,2719 1609,2719 1653,2722 1698,2725 1743,2725 1788,2725 1833,2725 1877,2722 1922,2722 1967,2725 2012,2725 2057,2725 2101,2725 2146,2728 2191,2725 2236,2725 2280,2725 2313,2722"/>
                <TextEquiv>
                    <Unicode>als die Sonne; Leben und Tod stünden unter ihrem</Unicode>
                </TextEquiv>
            </TextLine>
            <TextLine id="r_11_tl_49" custom="readingOrder {index:48;}">
                <Coords points="1285,2784 2133,2797 2307,2777 2307,2733 1285,2738"/>
                <Baseline points="1298,2773 1328,2773 1373,2773 1418,2773 1462,2773 1507,2770 1552,2770 1597,2767 1642,2770 1686,2773 1731,2773 1776,2776 1821,2773 1865,2773 1910,2773 1955,2776 2000,2776 2045,2776 2089,2776 2134,2776 2179,2776 2224,2773 2269,2770 2313,2770"/>
                <TextEquiv>
                    <Unicode>Gebiete. Sie glaubt ihm, und giebt sich desfalls</Unicode>
                </TextEquiv>
            </TextLine>
            <TextLine id="r_11_tl_50" custom="readingOrder {index:49;}">
                <Coords points="1277,2829 2058,2854 2312,2831 2312,2779 1277,2787"/>
                <Baseline points="1292,2824 1331,2824 1376,2824 1421,2821 1465,2818 1510,2818 1555,2815 1600,2821 1645,2824 1689,2824 1734,2824 1779,2824 1824,2824 1868,2824 1913,2821 1958,2824 2003,2824 2048,2827 2092,2824 2137,2824 2182,2821 2227,2818 2271,2818 2316,2818"/>
                <TextEquiv>
                    <Unicode>kein geringes Ansehen. Bemerken sie einmal die Ei-</Unicode>
                </TextEquiv>
            </TextLine>
            <TextLine id="r_11_tl_51" custom="readingOrder {index:50;}">
                <Coords points="1274,2883 2302,2886 2302,2831 2232,2826 2058,2854 1274,2829"/>
                <Baseline points="1289,2872 1322,2872 1367,2872 1412,2869 1456,2869 1501,2866 1546,2869 1591,2872 1636,2875 1680,2875 1725,2872 1770,2872 1815,2872 1859,2872 1904,2872 1949,2875 1994,2875 2039,2875 2083,2872 2128,2869 2173,2866 2218,2866 2263,2866 2307,2869"/>
                <TextEquiv>
                    <Unicode>telkeit der Ameise zu ihrer linken Hand. Sie kann</Unicode>
                </TextEquiv>
            </TextLine>
            <TextLine id="r_11_tl_52" custom="readingOrder {index:51;}">
                <Coords points="1269,2945 1931,2961 2294,2927 2294,2888 2112,2867 2019,2899 1269,2888"/>
                <Baseline points="1283,2925 1316,2925 1361,2922 1406,2922 1450,2922 1495,2919 1540,2922 1585,2922 1630,2925 1674,2925 1719,2925 1764,2928 1809,2925 1854,2928 1898,2925 1943,2928 1988,2928 2033,2925 2077,2922 2122,2919 2167,2916 2212,2916 2257,2916 2301,2919"/>
                <TextEquiv>
                    <Unicode>kaum mehr vor Alter kriechen; aber, daß sie es nun</Unicode>
                </TextEquiv>
            </TextLine>
            <TextLine id="r_11_tl_53" custom="readingOrder {index:52;}">
                <Coords points="2149,3018 2172,3015 2195,3023 2211,3005 2221,3008 2237,2997 2250,3002 2268,2989 2294,3013 2307,3010 2302,2940 2289,2943 2265,2925 2237,2925 2232,2919 2208,2930 2201,2922 2190,2922 2175,2932 2143,2935"/>
                <Baseline points="2161,2967 2206,2967 2251,2970 2295,2976 2310,2979"/>
                <TextEquiv>
                    <Unicode>wissen,</Unicode>
                </TextEquiv>
            </TextLine>
            <TextEquiv>
                <Unicode></Unicode>
            </TextEquiv>
        </TextRegion>
    </Page>
</PcGts>
