2479 3508
203 342 373 402 einsehen,
400 344 458 404 daß
485 345 517 405 es
544 345 616 405 mich
643 343 727 403 nicht
754 343 858 403 wenig
899 343 1003 403 koste,
1030 342 1108 402 mich
1141 342 1213 402 dazu

203 397 230 457 zu
259 395 424 455 zwingen.
475 389 551 449 Die
574 392 812 452 Freundschaft
835 392 918 452 legte
941 392 1006 452 mir
1035 389 1107 449 stets
1146 389 1212 449 eine
1263 388 1373 448 deiner
1401 386 1534 446 Gefahr
1562 389 1589 449 zu
1618 389 1783 449 warnen?
1812 389 1861 449 In
1895 389 1945 449 der
1968 387 2055 447 Welt
2078 386 2177 446 findet
2195 388 2277 448 jeder

198 444 281 504 ganz
311 440 513 500 verschiedne
544 440 573 500 in
609 441 662 501 den
692 443 834 503 Mund,
865 440 924 500 so,
948 443 1001 503 daß
1037 439 1078 499 ich
1109 440 1221 500 Mühe

206 490 312 550 haben
347 489 470 549 werde,
499 491 684 551 Ausdrücke
708 491 735 551 zu
764 491 893 551 finden.
939 490 1000 550 Ein
1029 488 1152 548 Vater,
1170 488 1220 548 der

200 542 261 602 nur
284 539 396 599 gelebt
413 540 485 600 hat,
514 542 552 602 um
592 541 693 601 seinen
727 539 827 599 Sohn
856 539 889 599 zu
918 540 1046 600 lieben,
1080 541 1130 601 der
1164 538 1231 598 nie¬

207 591 292 651 mals
329 588 377 648 die
404 589 584 649 Vernunft
611 589 711 649 seiner
738 591 944 651 Zärtlichkeit
972 586 1215 646 widersprechen

210 640 284 700 sah,
311 639 363 699 der
386 639 454 699 stets
481 640 538 700 mit
561 637 634 697 aller
656 638 708 698 der
731 640 969 700 Gefälligkeit,
996 637 1043 697 die
1065 637 1133 697 man
1166 636 1223 696 nur

211 691 266 751 für
289 688 332 748 sich
361 688 449 748 selbst
477 688 576 748 haben
615 688 725 748 kann,
754 688 803 748 sah
848 687 875 747 in
909 688 958 748 ihm
1008 685 1229 745 wiederfand,

208 740 261 800 der
289 736 337 796 sich
360 736 419 796 von
447 736 495 796 ihm
539 738 598 798 mit
615 736 701 796 jener
724 736 1000 796 Aufrichtigkeit,
1023 738 1114 798 jener
1131 736 1223 796 Fülle

213 786 270 846 der
292 786 513 846 Empfindung
540 787 660 847 geliebt
677 786 740 846 und
767 786 898 846 verehrt
915 789 994 849 sich,
1026 786 1141 846 welche
1163 784 1226 844 nur

204 835 260 895 das
289 837 460 897 zärtlichste
483 837 568 897 Herz
592 836 642 896 sich
677 837 842 897 wünschen
877 837 985 897 kann;
1020 837 1071 897 ein
1105 833 1219 893 solcher
1271 833 1299 893 zu
1328 831 1459 891 stützen.

208 885 316 945 Vater
338 885 375 945 ist
398 885 463 945 sehr
491 885 713 945 unglücklich,
747 887 839 947 wenn
872 888 904 948 er
932 885 1106 945 genöthigt
1128 882 1231 942 wird,

207 936 313 996 wegen
351 933 403 993 der
430 933 695 993 Unterbrechung
733 936 828 996 dieses
855 933 1008 993 Glücks,
1046 936 1104 996 das
1131 933 1162 993 ex
1194 933 1220 993 so

206 984 477 1044 unveränderlich
505 984 605 1044 hielt,
633 984 867 1044 Rechenschaft
884 984 915 1044 zu
943 984 1097 1044 fordern.

262 1031 463 1091 Personen,
490 1031 537 1091 die
558 1030 626 1090 sehr
648 1028 743 1088 wohl
764 1031 975 1091 unterrichtet
1002 1033 1091 1093 sind,
1119 1028 1229 1088 schrei¬

207 1079 260 1139 ben
293 1082 372 1142 mir,
399 1079 452 1139 daß
474 1077 510 1137 ich
544 1079 596 1139 seit
618 1079 740 1139 meiner
762 1076 996 1136 Abwesenheit
1018 1079 1087 1139 eben
1114 1079 1140 1139 so
1162 1078 1231 1138 vie¬

215 1130 239 1190 le
265 1130 548 1190 Veränderungen
573 1130 633 1190 mit
654 1127 704 1187 dir
725 1130 870 1190 ereignet
886 1127 1007 1187 haben,
1028 1127 1073 1187 als
1099 1127 1128 1187 du
1159 1126 1234 1186 vor¬

208 1182 263 1242 her
292 1181 465 1241 Tugenden
493 1178 627 1238 hattest.
706 1179 750 1239 Um
801 1181 862 1241 mir
896 1179 996 1239 keinen
1031 1178 1169 1238 Zweifel
1192 1177 1219 1237 zu

212 1231 339 1291 laßen,
374 1229 525 1289 schildert
566 1230 635 1290 man
676 1228 740 1288 mir
787 1230 873 1290 deine
909 1227 1129 1287 Aufführung
1170 1225 1227 1285 ab.

208 1282 358 1342 Welches
386 1279 463 1339 Bild
486 1281 547 1341 und
586 1281 697 1341 welche
726 1282 875 1342 traurige
898 1279 1103 1339 Belohnung
1137 1276 1226 1336 einer

211 1333 335 1393 Reise,
363 1332 411 1392 die
428 1330 465 1390 ich
498 1333 557 1393 nur
579 1333 611 1393 zu
644 1333 757 1393 deinem
796 1332 947 1392 Besten,
980 1332 1034 1392 zur
1062 1330 1229 1390 Vermeh¬

205 1379 287 1439 rung
319 1381 422 1441 deines
454 1383 692 1443 Vermögens,
719 1384 967 1444 unternommen
1004 1381 1112 1441 habe!
1160 1381 1216 1441 Du

207 1431 281 1491 hast
303 1428 350 1488 dir
378 1430 457 1490 neue
484 1431 632 1491 Freunde
660 1431 829 1491 gewählt,
862 1432 952 1492 deren
990 1431 1144 1491 Umgang
1176 1428 1229 1488 dir

208 1479 452 1539 nimmermehr
479 1482 566 1542 Ehre
588 1482 707 1542 machen
740 1482 843 1542 kann.
898 1479 952 1539 Es
980 1479 1071 1539 wäre
1099 1479 1163 1539 kein
1202 1476 1223 1536 so

208 1530 332 1590 großes
365 1530 538 1590 Wunder,
576 1530 668 1590 wenn
706 1530 749 1590 ein
782 1530 873 1590 Thor
901 1530 1138 1590 Gesinnungen
1177 1527 1230 1587 an¬

200 1578 352 1638 nähme,
383 1579 433 1639 die
459 1579 692 1639 Hochachtung
723 1581 941 1641 verdienten,
983 1580 1033 1640 als
1064 1578 1155 1638 wenn
1191 1575 1221 1635 ei

211 1625 273 1685 bey
300 1628 538 1688 rechtschaffnen
570 1628 681 1688 Leuten
713 1628 765 1688 sich
798 1628 1030 1688 Hochachtung
1062 1628 1220 1688 erwerben

204 1673 337 1733 könnte.
387 1673 466 1733 Von
496 1673 590 1733 diesen
621 1676 679 1736 bist
700 1675 734 1735 du
764 1675 843 1735 nicht
863 1673 893 1733 zu
923 1676 1076 1736 trennen,
1106 1673 1140 1733 du
1171 1673 1224 1733 bist

213 1719 264 1779 ihr
288 1721 432 1781 getreues
461 1719 642 1779 Nachbild,
666 1721 693 1781 ja
722 1718 801 1778 schon
829 1718 852 1778 in
881 1718 978 1778 vielen
1011 1716 1151 1776 Stücken
1179 1715 1225 1775 ihr

209 1814 236 1874 in
266 1811 316 1871 der
340 1809 442 1869 Wuth
471 1811 522 1871 der
546 1811 780 1871 Trunkenheit
797 1811 859 1871 zu,
883 1811 968 1871 ohne
992 1808 1020 1868 zu
1054 1805 1208 1865 bedenken

211 1864 266 1924 daß
295 1864 366 1924 man
395 1864 527 1924 alsdenn
556 1862 633 1922 schon
667 1864 700 1924 um
751 1864 811 1924 alle
834 1863 1011 1923 Vernunft
1034 1861 1217 1921 gekommen

209 1918 274 1978 ist,
298 1915 386 1975 wenn
417 1916 482 1976 man
518 1918 565 1978 die
589 1915 821 1975 Gewohnheit
840 1916 1029 1976 annimmt,
1054 1915 1095 1975 sie
1113 1915 1225 1975 täglich

202 1973 238 2033 zu
270 1966 457 2026 verlieren.

257 2014 371 2074 Deine
396 2017 529 2077 beliebte
554 2014 766 2074 Gesellschaft
785 2014 838 2074 sind
870 2014 1227 2074 Schauspielerinnen.

208 2066 386 2126 Vielleicht
409 2064 517 2124 denkst
539 2064 565 2124 du
599 2064 663 2124 noch
691 2064 761 2124 edel
778 2064 903 2124 genug,
930 2064 962 2124 um
1006 2062 1060 2122 dich
1088 2064 1141 2124 der
1164 2061 1228 2121 Lie¬

205 2115 503 2175 besverständnisse
536 2115 594 2175 mit
621 2115 717 2175 ihnen
755 2115 786 2175 zu
819 2115 1010 2175 enthalten;
1053 2112 1149 2172 allein
1187 2109 1218 2169 du

211 2166 271 2226 bist
294 2163 360 2223 doch
388 2163 465 2223 schon
499 2163 521 2223 so
549 2163 626 2223 weit
643 2163 736 2223 unter
759 2163 814 2223 das
842 2163 925 2223 Joch
953 2163 1130 2223 gebracht,
1158 2160 1218 2220 daß

206 2217 243 2277 du
271 2214 319 2274 die
342 2211 576 2271 Thorheiten,
604 2211 718 2271 welche
741 2211 778 2271 sie
801 2214 920 2274 andern
948 2211 1144 2271 einzuflößen
1183 2208 1226 2268 su¬

210 2261 312 2321 chen,
335 2261 421 2321 nicht
443 2259 529 2319 mehr
556 2258 599 2318 als
627 2260 669 2320 ein
697 2258 837 2318 Unglück
859 2261 1015 2321 ansiehst.
1049 2261 1097 2321 In
1124 2258 1216 2318 euern

216 2309 416 2369 Gesprächen
454 2306 584 2366 erlaubt
611 2306 659 2366 ihr
693 2308 779 2368 eurem
828 2309 915 2369 Witz
937 2312 1050 2372 alles,
1094 2307 1229 2367 scherzet

211 2360 288 2420 über
311 2357 416 2417 alles,
445 2357 511 2417 was
539 2356 599 2416 nur
628 2354 683 2414 der
706 2356 884 2416 Vernunft
906 2361 1000 2421 heilig
1029 2360 1095 2420 seyn
1129 2357 1223 2417 kann,

214 2413 274 2473 und
302 2408 429 2468 erwägt
452 2408 551 2468 nicht,
569 2404 646 2464 daß,
674 2405 735 2465 wer
763 2405 807 2465 sich
835 2411 979 2471 erlaubt,
996 2409 1073 2469 alles
1097 2408 1124 2468 zu
1157 2404 1229 2464 den¬

204 2460 290 2520 ken,
314 2461 388 2521 bald
412 2459 481 2519 auch
511 2454 556 2514 sich
586 2454 736 2514 erlaubt,
760 2455 834 2515 alles
864 2458 892 2518 zu
922 2461 1043 2521 sagen,
1067 2458 1130 2518 und
1159 2455 1211 2515 sich

203 2509 273 2569 eben
306 2509 327 2569 so
355 2509 437 2569 viele
459 2507 607 2567 geheime
624 2503 743 2563 Feinde
765 2505 869 2565 macht
891 2509 934 2569 als
951 2509 983 2569 es
1000 2506 1229 2566 verehrungs¬

203 2560 325 2620 werthe
348 2558 554 2618 Grundsätze
572 2557 678 2617 giebt.
729 2554 789 2614 Ich
819 2556 918 2616 weiß,
930 2560 985 2620 daß
1014 2559 1047 2619 du
1076 2557 1136 2617 nur
1159 2557 1214 2617 aus

206 2609 427 2669 Gefälligkeit
456 2610 511 2670 für
540 2608 639 2668 andre
668 2605 728 2665 dich
762 2602 850 2662 durch
890 2607 939 2667 den
979 2608 1089 2668 Strom
1146 2607 1223 2667 hin¬

203 2658 308 2718 reißen
337 2658 458 2718 läßest,
481 2656 525 2716 ich
553 2658 619 2718 will
642 2653 736 2713 sogar
759 2652 920 2712 glauben,
948 2656 1037 2716 daß,
1059 2655 1148 2715 wenn
1182 2657 1209 2717 du

197 2706 362 2766 wüßtest,
389 2706 447 2766 wie
469 2706 548 2766 weit
570 2706 596 2766 er
618 2706 682 2766 dich
710 2700 778 2760 noch
811 2700 927 2760 treiben
955 2705 1066 2765 kann,
1093 2706 1124 2766 du
1157 2705 1226 2765 dei¬

200 2754 243 2814 ne
265 2759 368 2819 ganze
395 2754 498 2814 Kraft
532 2756 612 2816 einem
662 2754 808 2814 Unglück
836 2753 1096 2813 entgegenstellen
1134 2754 1220 2814 wür¬

192 2808 285 2868 dest,
307 2808 362 2868 dem
401 2808 471 2868 man
499 2808 587 2868 nicht
604 2807 696 2867 mehr
725 2801 932 2861 widerstehen
960 2805 1070 2865 kann,
1103 2805 1212 2865 sobald

198 2856 270 2916 man
304 2857 337 2917 es
371 2855 498 2915 einmal
521 2857 576 2917 ohn
616 2855 749 2915 Abscheu
783 2849 961 2909 betrachtet
984 2853 1056 2913 hat.
1129 2854 1211 2914 Wer

199 2908 274 2968 aber
298 2909 378 2969 wird
403 2909 448 2969 dir
472 2909 524 2969 den
548 2909 704 2969 Abgrund
728 2906 856 2966 zeigen,
868 2903 920 2963 auf
944 2903 989 2963 den
1026 2905 1054 2965 du
1084 2903 1216 2963 zueilst?

1262 336 1421 396 Welcher
1442 339 1635 399 Sterbliche
1657 339 1697 399 ist
1719 342 1926 402 großmüthig
1962 339 2092 399 genug,
2128 338 2189 398 dich
2225 339 2279 399 vor

1271 437 1366 497 seinen
1395 437 1559 497 Vortheil
1577 437 1627 497 bey
1650 439 1701 499 des
1730 437 1848 497 andern
1877 437 2064 497 Thorheit,
2099 436 2184 496 ohne
2207 438 2274 498 noch

1264 490 1292 550 zu
1322 485 1484 545 rechnen,
1508 488 1566 548 daß
1595 488 1641 548 die
1665 487 1939 547 Ausschweifung
1962 488 2078 548 junger
2102 485 2195 545 Leute
2219 485 2287 545 vie¬

1262 536 1304 596 len
1337 536 1373 596 um
1416 531 1442 591 so
1469 536 1532 596 viel
1549 536 1649 596 lieber
1671 537 1723 597 ist,
1751 539 1829 599 weil
1846 539 1882 599 sie
1910 539 2021 599 bessern
2053 538 2111 598 und
2138 536 2270 596 längern

1263 584 1392 644 Nutzen
1419 583 1544 643 daraus
1571 586 1598 646 zu
1631 586 1766 646 schöpfen
1793 589 1972 649 gedenken.
2021 589 2102 649 Nur
2130 586 2194 646 dein
2216 585 2286 645 Va¬

1265 632 1313 692 ter
1340 631 1377 691 ist
1405 631 1469 691 also
1497 634 1621 694 übrig,
1654 637 1712 697 dich
1751 637 1783 697 an
1827 636 1875 696 dem
1924 637 2043 697 Rande
2076 637 2129 697 des
2168 637 2286 697 Unter¬

1268 682 1370 742 gangs
1397 685 1684 745 zurückzuhalten.
1734 685 1847 745 Seine
1875 686 1971 746 Hand
2000 686 2037 746 ist
2059 688 2134 748 dazu
2168 688 2286 748 bereit.

1263 730 1349 790 Aber
1376 730 1490 790 welche
1512 733 1658 793 traurige
1681 736 1897 796 Verrichtung
1925 736 1973 796 für
1995 735 2076 795 diese
2099 738 2212 798 Hand,
2234 738 2282 798 die

1264 782 1324 842 nur
1347 782 1507 842 gewohnt
1524 784 1612 844 war,
1640 785 1689 845 dir
1712 786 1939 846 liebzukosen,
1968 786 2028 846 und
2051 786 2100 846 sich
2128 788 2183 848 auf
2211 789 2272 849 dich

1307 879 1329 939 O
1370 882 1448 942 mein
1483 882 1612 942 Sohn,
1641 882 1709 942 was
1732 882 1771 942 ist
1789 884 1850 944 aus
1879 882 1924 942 dir
1947 882 2151 942 geworden?
2202 882 2275 942 Und

1263 929 1336 989 was
1358 930 1453 990 willst
1480 931 1533 991 daß
1555 932 1586 992 du
1613 933 1666 993 aus
1694 933 1751 993 mir
1773 933 1895 993 werden
1927 932 2007 992 soll?
2039 933 2203 993 Erinnere
2220 935 2277 995 dich

1262 978 1354 1038 jener
1381 981 1567 1041 glücklichen
1609 978 1732 1038 Tage,
1775 978 1826 1038 die
1852 978 1888 1038 du
1924 981 1986 1041 mir
2017 984 2110 1044 durch
2142 983 2193 1043 die
2220 984 2286 1044 An¬

1263 1026 1490 1086 nehmlichkeit
1518 1028 1625 1088 deines
1653 1026 1821 1086 Umgangs
1855 1028 2055 1088 versüßtest!
2088 1030 2147 1090 Du
2185 1031 2282 1091 warst

1264 1073 1320 1133 der
1347 1073 1445 1133 Trost
1466 1076 1554 1136 eines
1580 1076 1720 1136 Alters,
1747 1075 1803 1135 das
1830 1073 1912 1133 nur,
1939 1073 2001 1133 fern
2032 1074 2089 1134 von
2121 1077 2193 1137 dir,
2219 1079 2281 1139 mir

1271 1125 1324 1185 zur
1352 1123 1421 1183 Last
1454 1124 1589 1184 wurde;
1622 1126 1654 1186 du
1698 1124 1870 1184 machtest,
1908 1122 1967 1182 daß
1995 1123 2037 1183 ich
2070 1123 2102 1183 es
2135 1124 2248 1184 vergaß

1269 1172 1372 1232 meine
1396 1173 1483 1233 durch
1519 1175 1611 1235 lange
1635 1175 1750 1235 Arbeit
1768 1175 1995 1235 geschwächten
2025 1172 2135 1232 Augen
2159 1172 2274 1232 fanden

1262 1222 1294 1282 in
1331 1222 1378 1282 dir
1411 1222 1453 1282 ein
1491 1224 1585 1284 neues
1618 1225 1739 1285 Licht;
1777 1227 1845 1287 dein
1878 1224 2031 1284 Vorlesen
2074 1225 2174 1285 stellte
2212 1224 2275 1284 mir

1263 1274 1311 1334 die
1339 1276 1442 1336 ganze
1470 1276 1589 1336 Scene
1616 1275 1670 1335 des
1698 1275 1818 1335 Witzes
1857 1276 1916 1336 und
1960 1276 2014 1336 der
2042 1276 2171 1336 Künste
2205 1275 2280 1335 dar.

1257 1327 1349 1387 Ach!
1371 1327 1414 1387 ich
1458 1325 1562 1385 werde
1600 1327 1725 1387 meinen
1770 1324 1872 1384 Sohn
1916 1325 2002 1385 nicht
2031 1327 2286 1387 wiederfinden,

1259 1378 1369 1438 werde
1395 1378 1475 1438 nicht
1496 1377 1587 1437 mehr
1613 1375 1693 1435 seine
1714 1375 1962 1435 Umarmungen
1988 1378 2170 1438 genießen,
2196 1378 2281 1438 nicht

1260 1428 1352 1488 mehr
1374 1425 1434 1485 sein
1462 1428 1658 1488 Vergnügen
1697 1428 1838 1488 theilen,
1877 1425 1963 1485 nicht
1991 1425 2084 1485 mehr
2112 1426 2161 1486 ihn
2205 1428 2286 1488 spre¬

1262 1477 1332 1537 chen
1360 1479 1478 1539 hören.
1528 1477 1608 1537 Der
1636 1476 1733 1536 Tag,
1777 1476 1809 1536 da
1842 1476 1885 1536 ich
1918 1474 2037 1534 wieder
2070 1476 2151 1536 mein
2178 1476 2275 1536 Haus

1261 1527 1400 1587 betreten
1426 1527 1560 1587 werde,
1585 1524 1664 1584 wird
1695 1525 1769 1585 mein
1799 1524 1903 1584 letzter
1924 1524 2013 1584 seyn.

1312 1578 1328 1638 O
1367 1578 1450 1638 mein
1473 1577 1599 1637 Sohn,
1617 1573 1677 1633 bist
1694 1575 1727 1635 du
1755 1575 1970 1635 entschlossen,
1993 1575 2064 1635 mich
2093 1575 2147 1635 vor
2170 1575 2280 1635 Kum¬

1264 1625 1333 1685 mer
1354 1625 1504 1685 sterben,
1531 1625 1591 1685 bist
1616 1622 1646 1682 du
1687 1622 1843 1682 willens,
1879 1621 1913 1681 an
1954 1622 2075 1682 meinen
2116 1625 2271 1685 Thränen

1267 1672 1359 1732 deine
1385 1670 1457 1730 Lust
1484 1670 1514 1730 zu
1545 1667 1669 1727 sehen?
1711 1669 1834 1729 Nein,
1866 1667 1963 1727 dieser
1995 1670 2185 1730 schreckliche
2212 1671 2283 1731 Ge¬

1260 1712 1360 1772 danke
1393 1711 1429 1771 ist
1452 1710 1479 1770 in
1516 1710 1607 1770 deine
1630 1709 1767 1769 Sinnen
1805 1712 1891 1772 nicht
1914 1714 2124 1774 gekommen.
2179 1716 2275 1776 Noch

210 1763 368 1823 Muster.
395 1760 494 1820 Einen
521 1760 621 1820 Theil
637 1760 689 1820 der
706 1762 815 1822 Nacht
837 1760 958 1820 bringst
979 1760 1010 1820 du
1043 1757 1095 1817 bey
1116 1757 1221 1817 Tische
1270 1754 1364 1814 liebst
1391 1754 1422 1814 du
1454 1754 1527 1814 mich
1565 1754 1706 1814 immer;
1739 1757 1775 1817 du
1807 1757 1996 1817 erwartest,
2034 1758 2070 1818 du
2107 1758 2281 1818 wünschest

1272 1805 1375 1865 meine
1399 1805 1577 1865 Rückkehr.
1612 1802 1693 1862 Von
1716 1805 1768 1865 der
1791 1806 1970 1866 Nachricht
1988 1805 2108 1865 meiner
2132 1811 2276 1871 Ankunft

1260 1859 1425 1919 gerührt,
1450 1860 1520 1920 eilst
1538 1860 1573 1920 du
1609 1858 1668 1918 mir
1698 1858 1881 1918 entgegen,
1911 1860 1952 1920 du
1988 1861 2117 1921 stürzest
2148 1864 2206 1924 dich
2242 1864 2265 1924 in

1257 1912 1363 1972 meine
1385 1912 1507 1972 Arme.
1555 1912 1645 1972 Aber
1667 1912 1693 1972 in
1725 1912 1857 1972 welchem
1901 1912 2059 1972 Zustande
2097 1915 2208 1975 bietest
2235 1918 2267 1978 du

1262 1960 1325 2020 dich
1352 1960 1473 2020 meinen
1506 1960 1632 2020 Blicken
1664 1963 1743 2023 dar!
1776 1963 1854 2023 Wie
1881 1960 1945 2020 sehr
1966 1962 2003 2022 ist
2024 1963 2087 2023 dein
2120 1963 2272 2023 Gewand

1263 2011 1316 2071 von
1355 2011 1545 2071 Zierrathen
1583 2011 1734 2071 entstellt.
1784 2011 1930 2071 Welcher
1963 2011 2142 2071 weichliche
2170 2014 2283 2074 Putz!

1259 2061 1386 2121 Welche
1408 2058 1573 2118 weibische
1601 2058 1744 2118 Miene!
1767 2059 1899 2119 Welche
1921 2060 2038 2120 bleiche
2054 2061 2155 2121 Farbe
2177 2062 2278 2122 raubt

1258 2111 1382 2171 meinem
1426 2106 1535 2166 Blicke
1557 2106 1682 2166 meinen
1709 2107 1840 2167 Sohn!
1873 2109 1938 2169 Ich
1966 2110 2047 2170 suche
2069 2112 2161 2172 dich,
2183 2110 2270 2170 suche

1264 2160 1340 2220 den,
1369 2157 1501 2217 welchen
1529 2154 1567 2214 ich
1596 2157 1705 2217 liebte,
1734 2157 1861 2217 welchen
1889 2158 1927 2218 ich
1955 2159 2176 2219 hochschätzte;
2210 2162 2270 2222 und

1257 2207 1337 2267 trete
1358 2205 1413 2265 vor
1439 2202 1611 2262 Schrecken
1642 2205 1779 2265 zurück,
1805 2206 1835 2266 da
1866 2208 1906 2268 ich
1937 2207 1997 2267 nur
2029 2209 2079 2269 den
2120 2211 2281 2271 unkennt¬

1264 2256 1354 2316 lichen
1386 2252 1544 2312 Schatten
1577 2253 1661 2313 eines
1688 2255 1835 2315 geliebten
1867 2253 1989 2313 Sohns
2016 2258 2169 2318 umfasse.

1303 2306 1382 2366 Also
1404 2303 1511 2363 werde
1533 2303 1574 2363 ich
1602 2303 1659 2363 dich
1687 2306 1948 2366 wiederfinden:
1975 2303 2038 2363 und
2065 2306 2123 2366 also
2151 2306 2208 2366 bist
2230 2308 2262 2368 du

1260 2357 1344 2417 schon
1378 2352 1434 2412 itzt
1458 2350 1649 2410 beschaffen.
1717 2354 1825 2414 Denn
1859 2354 2169 2414 Ausschweifungen
2204 2357 2265 2417 und

1260 2405 1464 2465 Thorheiten
1498 2402 1631 2462 bringen
1665 2405 1781 2465 Folgen
1815 2405 1881 2465 mit
1904 2404 1981 2464 sich,
2015 2402 2064 2462 die
2093 2405 2170 2465 stets
2198 2406 2269 2466 ihre

1260 2457 1442 2517 Verräther
1465 2451 1548 2511 sind.
1599 2450 1720 2510 Sollte
1743 2454 1787 2514 dir
1809 2453 1936 2513 jemand
1965 2452 2026 2512 nur
2043 2452 2098 2512 vor
2126 2455 2275 2515 Jahres¬

1260 2507 1334 2567 frist
1364 2506 1444 2566 diese
1474 2500 1658 2560 schreckliche
1687 2503 1936 2563 Erniedrigung
1965 2503 2190 2563 angekündigt
2219 2508 2277 2568 ha¬

1250 2554 1338 2614 ben,
1372 2557 1405 2617 du
1444 2552 1561 2612 hättest
1579 2549 1628 2609 ihn
1668 2554 1729 2614 mit
1752 2554 1857 2614 deiner
1892 2552 2008 2612 ganzen
2053 2557 2264 2617 Verachtung

1258 2605 1413 2665 verfolgt.
1464 2599 1547 2659 Das
1575 2599 1608 2659 ist
1631 2600 1674 2660 die
1692 2605 1808 2665 Frucht
1825 2602 2108 2662 unbedachtsamer
2126 2608 2269 2668 Freund¬

1260 2655 1423 2715 schaften!
1452 2649 1519 2709 Sie
1542 2646 1604 2706 sind
1633 2650 1666 2710 um
1707 2652 1734 2712 so
1757 2652 1819 2712 viel
1848 2650 2085 2710 gefährlicher,
2119 2655 2147 2715 je
2176 2655 2266 2715 mehr

1258 2703 1328 2763 man
1361 2703 1387 2763 zu
1420 2698 1571 2758 verlieren
1599 2700 1674 2760 hat.
1718 2702 1793 2762 Sie
1821 2700 1924 2760 flößen
1957 2700 2010 2760 das
2043 2703 2173 2763 Laster,
2206 2703 2265 2763 das

1245 2754 1339 2814 ihren
1367 2748 1540 2808 Schritten
1568 2751 1673 2811 folgt,
1696 2751 1779 2811 desto
1808 2751 1935 2811 leichter
1964 2751 1991 2811 in
2025 2753 2069 2813 ein
2103 2751 2264 2811 gesittetes

1255 2804 1368 2864 Herz,
1402 2796 1482 2856 weil
1505 2798 1538 2858 es
1567 2802 1663 2862 dessen
1698 2800 1833 2860 Gefahr
1862 2801 2008 2861 weniger
2037 2799 2150 2859 kennt.
2213 2787 2263 2847 Es

1253 2852 1391 2912 wurzelt
1413 2847 1563 2907 darinnen
1597 2852 1669 2912 desto
1698 2849 1808 2909 tiefer,
1820 2849 1892 2909 weil
1915 2851 1942 2911 es
1970 2847 2098 2907 frisches
2121 2844 2264 2904 Erdreich

1249 2901 1304 2961 vor
1342 2900 1391 2960 sich
1422 2900 1545 2960 findet.
1596 2903 1675 2963 Sey
1713 2903 1904 2963 versichert,
1930 2900 2010 2960 mein
2047 2894 2177 2954 Sohn,
2202 2894 2257 2954 daß
