2479 3508
189 321 345 381 dienliche
392 310 652 370 Beschäftigung
693 297 751 357 für
791 297 849 357 das
882 294 1091 354 Wachsthum
1144 294 1195 354 der

188 367 484 427 Wissenschaften,
522 353 569 413 die
601 347 770 407 Schriften
807 345 861 405 der
892 345 982 405 Alten
1019 345 1049 405 in
1086 345 1195 405 unsrer

186 415 339 475 Sprache
366 414 397 474 zu
424 404 553 464 liefern.
598 395 681 455 Der
708 395 778 455 Hr.
798 395 991 455 Uebersetzer
1018 395 1075 455 hat
1101 395 1197 455 daher

187 467 275 527 durch
309 457 554 517 gegenwärtige
582 445 696 505 Arbeit
725 446 771 506 ein
806 445 873 505 sehr
901 446 1071 506 nützliches
1099 444 1193 504 Werk

179 513 440 573 übernommen.
509 498 615 558 Zwar
647 496 702 556 sind
740 494 933 554 Arrians
965 496 1107 556 indische
1133 493 1207 553 Ge¬

187 563 333 623 schichte,
359 551 413 611 wie
439 550 463 610 er
489 548 574 608 selbst
599 545 734 605 erzählt,
760 546 876 606 bereits
901 548 925 608 im
969 548 1079 608 Jahre
1104 542 1190 602 1710

182 613 210 673 zu
246 602 420 662 Hamburg
455 595 652 655 verdeutscht
676 595 890 655 erschienen;
938 595 1001 655 und
1042 595 1076 655 er
1106 592 1193 652 selbst

178 657 267 717 giebt
295 650 379 710 seine
408 646 519 706 Arbeit
548 643 598 703 für
632 646 704 706 eine
733 644 822 704 bloße
850 646 1085 706 Verbesserung
1119 643 1197 703 aus.

178 705 259 765 Aber
292 700 390 760 außer
424 694 472 754 der
506 694 631 754 schönen
664 695 888 755 Schreibart,
922 695 981 755 hat
1009 694 1080 754 auch
1113 691 1194 751 diese

177 751 341 811 Ausgabe
368 745 421 805 den
459 745 591 805 Vorzug
623 745 713 805 einer
740 745 872 805 größern
909 743 1190 803 Brauchbarkeit.

177 798 332 858 Arrian
368 793 544 853 beschreibt
571 792 617 852 die
648 792 757 852 Fahrt
783 792 866 852 einer
897 789 954 849 von
986 790 1182 850 Alexandern

177 849 419 909 ausgesandten
449 846 575 906 Flotte,
599 845 743 905 darüber
773 843 928 903 Nearch
958 840 1194 900 Oberbefehls¬

1235 294 1330 354 haber
1354 292 1438 352 war.
1485 291 1637 351 Zugleich
1666 291 1733 351 aber
1763 294 1859 354 theilt
1893 291 1921 351 er
1956 294 2035 354 viele
2058 295 2250 355 Merkwür¬

1234 345 1385 405 digkeiten
1412 343 1471 403 aus
1494 342 1617 402 Indien
1645 342 1720 402 mit.
1770 343 1829 403 Da
1856 342 1915 402 wir
1943 342 1969 402 so
1986 345 2246 405 unvollständige

1229 392 1442 452 Nachrichten
1475 389 1527 449 von
1560 389 1608 449 dem
1651 392 1828 452 Seewesen
1860 392 1908 452 der
1930 392 2020 452 Alten
2053 395 2181 455 haben,
2219 396 2250 456 so

1235 443 1310 503 muß
1345 442 1524 502 allerdings
1554 437 1652 497 dieses
1681 440 1803 500 Buch,
1833 440 1925 500 nebst
1949 440 2000 500 den
2036 443 2105 503 hier
2134 443 2249 503 beyge¬

1237 491 1346 551 fügten
1375 490 1667 550 Abhandlungen,
1696 488 1745 548 der
1778 490 2071 550 Aufmerksamkeit
2105 491 2154 551 der
2182 492 2253 552 Ge¬

1237 539 1355 599 lehrten
1384 539 1480 599 werth
1503 539 1594 599 seyn.
1640 539 1713 599 Des
1736 539 1826 599 Hrn.
1838 539 2048 599 Uebersetzers
2077 542 2172 602 dabey
2196 545 2252 605 an¬

1236 591 1425 651 gewandter
1448 589 1567 649 Fleis,
1589 588 1670 648 seine
1703 588 1894 648 sorgfältige
1911 589 2165 649 Verwandlung
2199 594 2247 654 der

1234 640 1382 700 Stadien
1411 640 1438 700 in
1471 639 1615 699 deutsche
1638 637 1792 697 Meilen,
1825 637 1908 697 seine
1942 640 2151 700 beygefügten
2180 642 2251 702 An¬

1225 691 1453 751 merkungen,
1476 688 1598 748 womit
1620 685 1645 745 er
1673 688 1853 748 vielleicht,
1891 685 2024 745 unseres
2051 689 2248 749 Erachtens,

1221 742 1291 802 noch
1330 739 1362 799 zu
1395 737 1521 797 sparsam
1565 736 1707 796 gewesen
1741 737 1800 797 ist,
1839 736 2013 796 verdienen
2053 738 2232 798 vorzüglich

1228 789 1408 849 empfohlen
1440 784 1466 844 zu
1504 786 1647 846 werden.
1700 786 1816 846 Kostet
1838 786 1864 846 in
1891 786 2130 846 vorbemeldten
2162 789 2246 849 Kan¬

1222 840 1354 900 terschen
1387 835 1697 895 Buchhandlungen
1730 840 1742 900 2
1762 840 1799 900 fl.
1818 840 1856 900 15
1876 837 1926 897 gr.

427 1010 622 1070 Berlin,
648 1010 704 1070 den
743 1011 805 1071 25.
837 1010 950 1070 Sept.

230 1058 305 1118 Se.
323 1060 469 1120 Königl.
487 1064 591 1124 Maj.
610 1061 708 1121 haben
738 1061 796 1121 auf
826 1058 1188 1118 allerunterthänigstes

175 1112 343 1172 Ansuchen
376 1112 454 1172 Sr.
476 1112 703 1172 Hochwurden
740 1109 804 1169 und
846 1109 1110 1169 Hochwohlgeb.
1137 1108 1189 1168 des

180 1164 303 1224 Freyh.
324 1160 360 1220 v.
381 1160 499 1220 Vincke
521 1160 567 1220 als
593 1159 727 1219 zeitigen
759 1157 1021 1217 Domdechanten
1059 1157 1110 1217 des
1141 1156 1197 1216 ho¬

173 1207 231 1267 hen
266 1204 384 1264 Stifts
414 1204 443 1264 zu
478 1204 655 1264 Minden,
685 1201 743 1261 das
783 1204 960 1264 demselben
1000 1204 1117 1264 bereits
1147 1203 1176 1263 im

177 1254 274 1314 Jahr
301 1249 388 1309 1755
415 1251 450 1311 um
492 1249 538 1309 den
570 1249 652 1309 Hals
678 1249 709 1309 zu
741 1249 848 1309 tragen
886 1250 1118 1310 allergnädigst
1149 1249 1195 1309 ac=

171 1298 310 1358 cordirte
335 1295 594 1355 Ordenskreutz,
619 1297 787 1357 bestehend
811 1297 835 1357 in
874 1297 960 1357 einem
1009 1294 1196 1354 silberfarb¬

173 1348 229 1408 nen
264 1348 325 1408 mit
345 1345 479 1405 goldner
503 1345 695 1405 Einfassung
724 1342 881 1402 bordirten
915 1345 973 1405 und
1002 1342 1025 1402 in
1064 1342 1178 1402 breiten

169 1396 278 1456 Enden
310 1395 538 1455 ausgehendem
581 1393 716 1453 Kreutz,
737 1393 763 1453 in
789 1393 882 1453 dessen
909 1390 1008 1450 Mitte
1029 1390 1070 1450 ein
1097 1390 1185 1450 gold¬

169 1449 227 1509 ner
254 1443 453 1503 achteckigter
485 1442 627 1502 Stern,
670 1440 838 1500 worinnen
870 1437 922 1497 sich
960 1439 1012 1499 der
1039 1437 1186 1497 Königl.
1219 1434 1318 1494 wider
1345 1434 1392 1494 den
1424 1434 1555 1494 Inhalt
1577 1435 1629 1495 der
1651 1434 1845 1494 Tractaten,
1867 1434 1966 1494 einige
1988 1434 2151 1494 Gebäude
2172 1434 2230 1494 ha¬

177 1495 372 1555 Preußische
399 1492 494 1552 Adler
521 1491 727 1551 präsentiret,
754 1488 933 1548 nunmehro
960 1485 1028 1545 auch
1061 1485 1118 1545 auf
1135 1485 1182 1545 der

172 1550 272 1610 linken
303 1545 404 1605 Seite
425 1542 475 1602 des
506 1542 627 1602 Rocks,
653 1539 704 1599 als
730 1538 775 1598 ein
801 1538 972 1598 besonders
998 1533 1190 1593 unterschei¬

173 1597 291 1657 dendes
324 1596 496 1656 Merkmal
519 1590 815 1650 Höchstderoselben
843 1587 1031 1647 königlichen
1064 1584 1182 1644 Gnade

168 1654 194 1714 zu
233 1646 352 1706 ewigen
386 1646 494 1706 Zeiten
527 1644 554 1704 zu
598 1643 706 1703 tragen
756 1640 919 1700 erlaubet,
941 1637 1174 1697 allergnädigst

165 1702 226 1762 und
255 1700 416 1760 gedachtem
462 1697 562 1757 hohen
591 1697 691 1757 Stift
714 1694 854 1754 darüber
877 1694 960 1754 einen
989 1691 1173 1751 feyerlichen

176 1751 462 1811 Erlaubnisbrief
479 1748 678 1808 ausfertigen
706 1746 822 1806 lassen.
850 1747 926 1807 Auch
960 1745 993 1805 ist
1016 1745 1065 1805 dem
1099 1742 1186 1802 Amt=

166 1802 262 1862 mann
291 1799 396 1859 Herrn
431 1796 565 1856 Johann
599 1796 704 1856 Jacob
734 1794 786 1854 von
811 1793 1007 1853 Quednow,
1037 1793 1084 1853 als
1114 1793 1185 1853 Be¬

159 1897 216 1957 nen
243 1892 294 1952 ihr
316 1888 393 1948 alter
415 1888 498 1948 Adel
520 1885 576 1945 von
608 1885 681 1945 Sr.
707 1879 853 1939 Königl.
880 1879 978 1939 Maj.
1005 1876 1182 1936 bestätiget

169 1948 229 2008 und
257 1939 399 1999 erneuret
420 1936 568 1996 worden.
616 1932 670 1992 Am
705 1929 888 1989 Sonntage
916 1924 976 1984 sind
997 1924 1091 1984 Ihro
1112 1921 1173 1981 Kö=
1201 1923 1308 1983 Allein
1343 1924 1458 1984 seitdem
1499 1924 1574 1984 man
1602 1924 1648 1984 die
1683 1927 1913 1987 umständliche
1941 1924 2123 1984 Nachricht
2151 1928 2204 1988 von

170 1999 253 2059 nigl.
272 1989 398 2049 Hoheit
418 1987 465 2047 die
484 1984 562 2044 Frau
593 1981 738 2041 Aebtißin
769 1978 950 2038 Prinzeßin
975 1975 1107 2035 Amalia
1125 1971 1173 2031 zu¬

164 2039 458 2099 rückgekommen.

353 2081 679 2141 Donaustrom,
707 2079 763 2139 vom
809 2078 847 2138 8.
877 2074 988 2134 Sept.

213 2139 286 2199 Dem
326 2133 531 2193 Vernehmen
566 2133 634 2193 nach
663 2130 697 2190 ist
720 2130 788 2190 man
817 2130 845 2190 in
874 2127 1005 2187 Ungern
1040 2121 1181 2181 beschäf¬

162 2198 223 2258 tigt
242 2191 272 2251 zu
304 2184 574 2244 Peterwaradein
606 2184 642 2244 ein
673 2181 895 2241 ansehnliches
921 2177 1093 2237 Zeughaus
1118 2174 1167 2234 an=
1198 2173 1271 2233 ihre
1297 2170 1425 2230 Barken
1457 2174 1660 2234 wegnehmen
1686 2175 1802 2235 lassen,
1821 2175 1938 2235 allein,
1963 2175 1993 2235 er
2012 2175 2067 2235 hat
2086 2175 2123 2235 sie
2148 2175 2203 2235 alle

160 2242 306 2302 zulegen,
334 2234 372 2294 um
427 2233 475 2293 bey
509 2234 557 2294 sich
596 2229 803 2289 ereignenden
842 2229 1011 2289 Vorfällen
1049 2223 1098 2283 die
1126 2223 1158 2283 be

167 2294 357 2354 nachbarten
394 2283 574 2343 Vestungen
612 2279 733 2339 daraus
776 2279 924 2339 versehen
956 2276 987 2336 zu
1030 2273 1172 2333 können.

165 2345 213 2405 Es
241 2342 294 2402 soll
311 2339 381 2399 eine
404 2335 517 2395 gleiche
539 2328 685 2388 Vorsicht
707 2327 734 2387 in
756 2330 1017 2390 Siebenbürgen
1044 2324 1174 2384 genom¬

159 2392 226 2452 men
258 2389 403 2449 werden.
451 2383 544 2443 Nach
571 2380 622 2440 den
649 2376 820 2436 Berichten
857 2380 919 2440 aus
951 2378 1003 2438 der
1035 2372 1159 2432 Türkei

168 2437 289 2497 werden
318 2436 367 2496 die
395 2433 566 2493 mehresten
611 2426 666 2486 von
705 2426 754 2486 den
794 2428 821 2488 in
860 2429 948 2489 Asien
987 2423 1153 2483 gelegenen

165 2485 306 2545 Völkern
335 2482 471 2542 herüber
494 2473 658 2533 kommen.
693 2473 772 2533 Bey
801 2477 846 2537 dem
886 2475 1005 2535 letztern
1034 2468 1158 2528 Marsch

164 2538 215 2598 der
245 2532 412 2592 türkischen
448 2527 609 2587 Reuterey
645 2523 702 2583 sind
743 2525 853 2585 einige
877 2527 997 2587 Excesse
1027 2518 1165 2578 verübet

163 2584 308 2644 worden,
336 2579 438 2639 wegen
471 2575 595 2635 welcher
618 2572 666 2632 die
683 2575 801 2635 Pforte
823 2578 909 2638 gegen
943 2573 991 2633 den
1024 2568 1164 2628 Kaiserl.

161 2635 303 2695 Königl.
321 2631 351 2691 zu
381 2626 660 2686 Constantinopel
678 2626 880 2686 befindlichen
922 2622 1076 2682 Minister
1107 2617 1159 2677 sich

168 2685 286 2745 bereits
315 2677 456 2737 erkläret
485 2676 569 2736 hat,
598 2673 654 2733 daß
691 2673 781 2733 solche
817 2676 1000 2736 vergütiget
1037 2670 1156 2730 werden

157 2740 290 2800 sollen.

363 2772 646 2832 Amsterdam,
684 2769 732 2829 den
764 2772 825 2832 15.
850 2775 960 2835 Sept.

206 2835 294 2895 Mit
318 2832 371 2892 den
407 2827 548 2887 jüngsten
584 2823 726 2883 Briefen
762 2823 820 2883 aus
857 2823 909 2883 dem
957 2826 1063 2886 Sund
1093 2823 1151 2883 und

159 2888 212 2948 aus
240 2889 355 2949 Reval
376 2882 430 2942 hat
451 2879 512 2939 man
540 2876 729 2936 Nachricht,
750 2878 804 2938 daß
832 2878 879 2938 auf
900 2879 974 2939 zwey
995 2877 1144 2937 rußischen

1229 1004 1502 1064 Kriegsschiffen,
1529 1004 1631 1064 davon
1664 1004 1708 1064 die
1740 1002 1913 1062 Capitains
1952 1001 2034 1061 nicht
2060 1001 2092 1061 am
2137 999 2232 1059 Bord

1221 1055 1382 1115 gewesen,
1410 1055 1499 1115 durch
1527 1056 1576 1116 die
1599 1055 1888 1115 Unvorsichtigkeit
1911 1054 1960 1114 des
1989 1052 2238 1112 Schiffsvolks,

1220 1106 1332 1166 welche
1359 1106 1407 1166 dem
1450 1106 1583 1166 Pulver
1605 1106 1637 1166 zu
1675 1108 1760 1168 nahe
1792 1106 2005 1166 gekommen,
2043 1103 2086 1163 ein
2119 1103 2235 1163 Brand

1223 1157 1429 1217 entstanden,
1455 1154 1601 1214 wodurch
1632 1157 1712 1217 nicht
1738 1154 1793 1214 nur
1825 1154 1869 1214 die
1890 1154 2006 1214 beyden
2032 1151 2163 1211 Schiffe
2188 1148 2233 1208 bis

1226 1203 1301 1263 aufs
1328 1204 1452 1264 Wasser
1480 1202 1696 1262 abgebrandt,
1724 1201 1853 1261 sondern
1881 1201 1951 1261 auch
1979 1198 2010 1258 an
2043 1197 2103 1257 200
2136 1196 2238 1256 Men=

1220 1252 1302 1312 schen
1329 1252 1463 1312 dadurch
1490 1246 1734 1306 umgekommen
1761 1243 1843 1303 sind.

1474 1291 1646 1351 Paris,
1684 1294 1741 1354 den
1783 1291 1798 1351 7
1851 1289 1966 1349 Sept.

1262 1336 1350 1396 Was
1384 1339 1439 1399 den
1473 1339 1617 1399 Vorfall
1640 1339 1701 1399 auf
1723 1339 1845 1399 Turcks
1879 1339 2006 1399 Island
2046 1336 2173 1396 betrift,
2196 1334 2223 1394 so

1216 1386 1297 1446 weis
1324 1387 1394 1447 man
1421 1387 1486 1447 hier
1508 1387 1534 1447 so
1568 1387 1654 1447 viel,
1687 1389 1746 1449 daß
1779 1387 1827 1447 die
1854 1387 2049 1447 Engländer
2082 1386 2227 1446 daselbst,

1211 1482 1260 1542 ben
1294 1483 1460 1543 aufführen
1500 1485 1633 1545 wollen,
1656 1485 1772 1545 welche
1806 1485 1855 1545 der
1894 1479 1988 1539 Graf
2017 1479 2227 1539 d'Estaing,

1217 1533 1434 1593 Stadthalter
1460 1533 1516 1593 von
1548 1533 1615 1593 St.
1631 1533 1832 1593 Domingo,
1869 1530 1894 1590 in
1931 1530 2023 1590 dessen
2060 1530 2225 1590 Departe=

1211 1583 1297 1643 ment
1319 1581 1401 1641 diese
1423 1583 1525 1643 Insel
1543 1584 1640 1644 liegt,
1662 1584 1722 1644 hat
1739 1581 1918 1641 zerstören,
1951 1577 2016 1637 und
2049 1581 2087 1641 20
2120 1581 2222 1641 kleine

1218 1633 1344 1693 Barken
1372 1634 1576 1694 wegnehmen
1610 1634 1720 1694 lassen.
1748 1630 1913 1690 Hierüber
1935 1628 1985 1688 hat
2008 1628 2089 1688 Herr
2112 1626 2222 1686 Stan=

1211 1685 1255 1745 ley
1289 1685 1338 1745 bey
1377 1685 1493 1745 unserm
1543 1685 1631 1745 Hofe
1665 1685 1786 1745 Klagen
1831 1682 1991 1742 erhoben,
2014 1679 2074 1739 und
2114 1679 2207 1739 diesen

1214 1739 1349 1799 Schritt
1367 1739 1420 1799 als
1445 1739 1603 1799 feindselig
1634 1739 1834 1799 angesehen.
1894 1736 1981 1796 Man
2017 1730 2105 1790 konte
2136 1733 2223 1793 nicht

1211 1793 1304 1853 gleich
1333 1793 1398 1853 eine
1421 1793 1604 1853 bestimmte
1626 1792 1781 1852 Antwort
1803 1790 1925 1850 darauf
1942 1787 2058 1847 geben,
2080 1784 2157 1844 weil
2174 1787 2218 1847 der

172 1848 248 1908 sitzer
275 1842 325 1902 des
352 1840 485 1900 adlichen
517 1839 609 1899 Guts
635 1837 810 1897 Lichtainen
841 1834 924 1894 nebst
950 1834 1042 1894 dessen
1079 1832 1181 1892 Söh=
1208 1831 1284 1891 Hof
1306 1834 1362 1894 von
1388 1834 1485 1894 diesem
1527 1835 1666 1895 Vorfall
1687 1837 1769 1897 nicht
1790 1837 1996 1897 unterrichtet
2017 1834 2099 1894 war.
2130 1837 2222 1897 Eng¬

1212 1876 1281 1936 land
1302 1876 1422 1936 foderte
1438 1877 1482 1937 die
1503 1879 1778 1939 Zurückberufung
1809 1879 1859 1939 des
1879 1879 1999 1939 Grafen
2025 1882 2210 1942 d'Estaing.

1207 1972 1344 2032 selbigem
1392 1972 1556 2032 erhalten,
1588 1972 1651 2032 und
1683 1972 1735 2032 dem
1784 1972 1953 2032 englischen
1990 1972 2080 2032 Hofe
2102 1975 2217 2035 mitge¬

1197 2020 1298 2080 theilt
1315 2020 1383 2080 hat,
1405 2020 1437 2080 so
1459 2023 1576 2083 glaubt
1598 2023 1688 2083 man,
1716 2023 1768 2083 der
1790 2020 1912 2080 letztere
1934 2020 2036 2080 werde
2068 2022 2126 2082 von
2164 2025 2217 2085 sei¬

1204 2073 1260 2133 ner
1283 2070 1453 2130 Foderung
1488 2073 1658 2133 abstehen.
1733 2071 1812 2131 Der
1836 2070 1926 2130 Graf
1950 2067 1977 2127 d'
1995 2070 2131 2130 Estaing
2155 2075 2211 2135 hat

1202 2122 1288 2182 zwar
1311 2121 1359 2181 die
1387 2121 1582 2181 Engländer
1604 2121 1658 2181 aus
1691 2121 1745 2181 der
1772 2122 1875 2182 Insel
1897 2121 2108 2181 vertrieben,
2142 2124 2201 2184 und

1198 2224 1252 2284 dem
1301 2220 1524 2280 Gouverneur
1557 2224 1616 2284 von
1649 2226 1812 2286 Jamaica
1851 2223 1970 2283 wieder
2009 2226 2209 2286 zugeschickt.

1198 2273 1281 2333 Man
1310 2269 1371 2329 legt
1394 2269 1443 2329 ihm
1483 2273 1572 2333 allein
1606 2277 1656 2337 zur
1684 2276 1768 2336 Last,
1796 2276 1846 2336 daß
1874 2275 1907 2335 er
1936 2275 1991 2335 den
2025 2276 2198 2336 englischen

1199 2320 1415 2380 Stadthalter
1443 2321 1526 2381 nicht
1549 2327 1675 2387 warnen
1702 2330 1818 2390 lassen,
1840 2330 1945 2390 damit
1967 2326 1998 2386 er
2020 2325 2067 2385 den
2105 2329 2204 2389 engli¬

1202 2373 1279 2433 schen
1304 2370 1436 2430 Barken
1461 2373 1551 2433 hätte
1570 2381 1756 2441 anbefehlen
1793 2381 1908 2441 können
1938 2378 2040 2438 Turks
2071 2378 2197 2438 Island

1198 2431 1225 2491 zu
1259 2420 1441 2480 verlassen.

1434 2470 1633 2530 London,
1658 2477 1717 2537 vom
1767 2479 1826 2539 11.
1857 2476 1972 2536 Sept.

1243 2515 1321 2575 Der
1345 2516 1481 2576 Schade
1504 2521 1555 2581 der
1579 2527 1726 2587 unsrigen
1755 2528 1782 2588 zu
1817 2525 1999 2585 Honduras
2034 2521 2113 2581 wird
2142 2528 2204 2588 auf

1199 2567 1341 2627 20000,
1359 2570 1529 2630 dasjenige
1563 2578 1662 2638 aber,
1702 2576 1828 2636 welches
1862 2570 1922 2630 auf
1950 2572 2055 2632 Türks
2072 2577 2193 2637 Eyland

1198 2618 1339 2678 verloren
1374 2618 1532 2678 gegangen
1561 2626 1611 2686 ist,
1640 2627 1697 2687 nur
1720 2625 1776 2685 auf
1799 2619 1889 2679 9000
1924 2619 1986 2679 Pf.
2009 2623 2133 2683 Sterl.
2156 2628 2206 2688 be=

1200 2667 1343 2727 rechnet.
1400 2667 1472 2727 Die
1500 2676 1727 2736 Eisenmienen
1761 2667 1882 2727 unweit
1905 2667 2010 2727 Trois
2039 2676 2198 2736 Rivieres

1198 2715 1263 2775 sind
1287 2715 1345 2775 seit
1370 2718 1487 2778 einiger
1512 2724 1582 2784 Zeit
1601 2727 1689 2787 durch
1719 2718 1872 2778 geschickte
1896 2720 1955 2780 von
1985 2723 2049 2783 hier
2086 2724 2203 2784 dahin¬

1195 2769 1346 2829 gesandte
1368 2769 1515 2829 Arbeiter
1542 2775 1569 2835 in
1597 2775 1677 2835 einen
1711 2770 1732 2830 so
1754 2769 1846 2829 guten
1868 2772 1982 2832 Stand
2004 2771 2107 2831 gesetzt
2118 2773 2204 2833 wor¬

1194 2817 1267 2877 den,
1296 2819 1346 2879 daß
1381 2823 1528 2883 beynahe
1557 2823 1636 2883 1000
1671 2819 1732 2879 Pf.
1750 2817 1812 2877 Erz
1835 2819 1886 2879 zum
1932 2820 2107 2880 Gebrauch
2142 2823 2192 2883 der

1203 2870 1349 2930 Fabriken
1386 2875 1497 2935 täglich
1534 2876 1737 2936 geschmolzen
1766 2870 1878 2930 wird,
1900 2870 2032 2930 welches
2062 2871 2124 2931 fast
2146 2870 2194 2930 die

2081 2926 2195 2986 Helfte
