2034 2755
376 186 1044 274 Die Schaar der trunknen Räuber theilt
282 255 762 337 Sich in die goldne Beute,
286 318 887 408 Sie flieht indeß, der Liebling eilt
280 382 765 467 Und giebt ihr das Geleite.
468 539 790 618 Zweyte Fortsetzung
404 598 857 681 des Versuchs
286 650 961 750 über die Krankheiten des Kopfes.
189 718 1051 800 Die Gebrechen des gestöhrten Kopfes laßen sich
196 785 1053 841 auf so viel verschiedene Hauptgattungen brin¬
190 832 1048 887 gen, als Gemüthsfahigkeiten sind die dadurch ange
199 871 1056 934 griffen worden. Ich vermeine sie insgesamt unter
201 912 1063 976 folgende drey Eintheilungen ordnen zu können; erst¬
205 960 1063 1013 lich die Verkehrtheit der Erfahrungsbegriffe, in der
196 998 1063 1052 Verrückung, zweytens die in Unordnung gebrachte
196 1038 1059 1088 Urtheilskraft zunachst bey dieser Erfahrung, in dem
196 1081 1053 1140 Wahnsinn, drittens die in Ansehung allgemeine
196 1121 1059 1171 rer Urtheile verkehrt gewordene Vernunft, in dem
202 1165 1068 1216 Wahnwitze. Alle übrige Erscheinungen des kran¬
196 1206 1057 1260 ken Gehirns können, wie mich dünkt, entweder als
205 1249 1062 1307 verschiedene Grade der erwahnten Zufalle, oder als
205 1292 1056 1346 eine unglückliche Vereinbarung dieser Uebel unter
196 1337 1073 1386 einander, oder endlich als die Einpropfung derselben
204 1376 1072 1442 auf mächtige Leidenschaften angesehen, und den ange¬
210 1419 838 1485 führten Classen untergeordnet werden.
247 1449 1066 1515 Was das erste Uebel, nehmlich die Verrückung an¬
199 1503 1072 1562 langt, so erläutere ich die Erscheinungen derselben
205 1541 1068 1601 auf folgende Art. Die Seele eines jeden Menschen
202 1582 1069 1638 ist, selbst in dem gesundesten Zustande geschäftig, al¬
202 1622 1063 1687 lerley Bilder von Dingen die nicht gegenwärtig seyn
208 1666 1065 1732 zu mahlen, oder auch an der Vorstellung gegenwar¬
201 1712 1068 1761 tiger Dinge einige unvollkommene Aehnlichkeit zu
211 1753 1062 1803 vollenden, durch einen oder andern chimarischen Zug,
214 1796 1065 1853 den die schöpferische Dichtungsfahigkeit mit in die
216 1829 1068 1885 Empfindung einzeichnet. Man hat gar nicht Ur¬
220 1885 1063 1938 sache zu glauben; daß in dem Zustande des Wachens
210 1917 1074 1976 unser Geist hiebey andere Gesetze befolge als im
211 1957 1074 2022 Schlafe, es ist vielmehr zu vermuthen, daß nur die
211 2000 1072 2068 lebhaften sinnlichen Eindrucke in dem ersten Falle die
214 2043 1077 2107 zartere Bilder der Chimaren verdunkeln und unkent¬
214 2086 1072 2141 lich machen, anstatt daß diese im Schlafe ihre ganze
220 2127 1065 2177 Starke haben, in welchem allen äußerlichen Eindru
217 2167 1068 2221 cken der Zugang zu der Seele verschlossen ist. Es
220 2213 1077 2273 ist daher kein Wunder, daß Träume, so lange sie
217 2251 1078 2312 dauren, für warhafte Erfahrungen wirklicher Dinge
214 2296 1072 2361 gehalten werden. Denn, da sie alsdenn in der Seele die
214 2341 1076 2406 starkste Vorstellungen seyn, so sind sie in diesem Zustande
217 2381 1074 2443 eben das was im Wachen die Empfindungen sind.
1065 183 1935 244 Man setze nun, daß gewisse Chimären, durch welche
1068 242 1935 285 Ursache es auch sey, gleichsam eine oder andere Or¬
1071 284 1935 336 gane des Gehirnes verletzt hatten, dermaßen, daß
1068 324 1937 383 der Eindruck auf dieselbe eben so tief und zugleich
1076 369 1933 423 eben so richtig geworden wäre, als ihn eine sinnliche
1071 408 1940 457 Empfindung nur machen kann, so wird dieses Hirn,
1068 446 1944 500 gespenst selbst im Wachen bey guter gesunder Ver¬
1074 492 1940 537 nunft dennoch für eine wirkliche Erfahrung gehalten
1077 534 1944 582 werden müssen. Denn es wåre umsonst, einer Em¬
1080 577 1941 626 pfindung, oder derjenigen Vorstellung die ihr an
1083 620 1938 661 Starke gleich kömmt, Vernunftgründe entgegen zu
1083 659 1947 713 setzen, weil von wirklichen Dingen die Sinne weit grö¬
1083 699 1944 755 ßere Ueberzeugung geben als ein Vernunftschluß;
1081 743 1949 798 zum wenigsten kann derjenige, den diese Chimäre be¬
1086 785 1947 844 zaubert, niemals durch vernünfteln dahin gebracht
1080 829 1944 877 werden, an der Wirklichkeit seiner vermeynten Em¬
1083 877 1948 925 pfindung zu zweifeln. Man findet auch: daß Per¬
1086 913 1953 967 sonen, die in andern Fällen guug reife Vernunft zei¬
1089 954 1940 1005 gen, gleichwohl fest darauf beharren, mit aller Acht¬
1086 998 1944 1044 samkeit wer weis was vor Gespenstergestalten und
1092 1037 1948 1090 Fratzengesichter gesehen zu haben, und daß sie wohl
1092 1079 1956 1135 gar fein genug sind, ihre eingebildete Erfahrung mit
1086 1123 1956 1182 manchem subtilen Vernunfturtheil in Zusammenhang
1095 1168 1950 1215 zu bringen. Diese Eigenschaft des Gestöhrten, nach
1089 1205 1947 1256 welcher er ohne einen besonders merklichen Grad
1086 1248 1952 1301 einer heftigen Krankheit im wachenden Zustande ge¬
1086 1290 1956 1338 wohnt ist, gewisse Dinge als klar empfunden sich vorzu¬
1098 1330 1949 1383 stellen, von denen gleichwohl nichts gegenwärtig ist,
1088 1378 1956 1422 heißt die Verrückung. Der Verrückte ist also ein
1098 1410 1953 1459 Traumer im Wachen. Ist das gewöhnliche Blend¬
1085 1457 1952 1507 werk seiner Sinne nur zum Theil eine Chimäre,
1089 1495 1959 1551 größten Theils aber eine wirkliche Empfindung, so
1086 1535 1956 1582 ist der, so im höheren Grade zu solcher Verkehrtheit
1095 1578 1956 1627 aufgelegt ist, ein Phantast. Wenn wir nach dem
1095 1624 1952 1670 Erwachen in einer laßigen und sanften Zerstreuung
1095 1662 1959 1711 liegen, so zeichnet unsere Einbildung die unregelmä¬
1101 1702 1957 1757 ßige Figuren etwa der Bettvorhänge, oder gewißer
1095 1747 1961 1794 Flecke einer nahen Wand zu Menschengestalten aus,
1092 1789 1956 1840 mit einer scheinbaren Richtigkeit, welche uns auf eine
1095 1832 1952 1882 nicht unangenehme Art unterhält, wovon wir aber
1098 1876 1956 1921 das Blendwerk den Augenblick wenn wir wollen zer¬
1104 1912 1960 1964 streuen. Wir traumen alsdenn nur zum Theil und
1095 1953 1952 2004 haben die Chimare in unserer Gewalt. Geschicht
1098 1999 1959 2044 etwas dem ähnliches in einem höheren Grade, ohne
1101 2040 1959 2086 daß die Aufmerksamkeit des Wachenden das Blend¬
1098 2077 1959 2133 werk in der tauschenden Einbildung abzusondern ver¬
1095 2126 1959 2173 mag, so läßt diese Verkehrtheit einen Phantasten ver¬
1098 2167 1956 2219 muthen. Dieser Selbstbetrug in den Empfindungen
1098 2205 1956 2257 ist übrigens sehr gemein und so lange er nur mittel¬
1098 2247 1956 2298 mäßig ist wird er mit einer solchen Benennung ver¬
1104 2289 1956 2345 schonet, ob zwar wenn eine Leidenschaft hinzukommt
1098 2332 1953 2379 dieselbe Gemüthsschwäche in würkliche Phantasterey
1105 2377 1957 2451 ausarten kann. Sonsten sehen durch eine gewöhn
1873 2415 1956 2471 liche
