2479 3508
600 1217 715 1277 54tes
758 1215 924 1275 Stück.
983 1213 1209 1273 Montag,
1252 1213 1309 1273 den
1360 1213 1409 1273 6.
1444 1210 1609 1270 August
1636 1213 1776 1273 1764.

234 1297 337 1357 Ihne
361 1291 569 1351 Benennung
593 1289 644 1349 des
662 1285 743 1345 Orts
778 1285 812 1345 ist
842 1285 1176 1345 herausgekommen:

244 1335 573 1395 Vernunft,
603 1333 652 1393 die
682 1331 917 1391 Lehrmeisterin
962 1330 1040 1390 über
1080 1330 1158 1390 alles

184 1380 297 1440 „wenn
327 1382 395 1442 man
430 1378 489 1438 nur
515 1378 602 1438 will;
633 1378 662 1438 im
702 1375 893 1435 Gegensatze
924 1375 977 1435 des
1003 1372 1179 1432 Lasterhaf¬

189 1427 252 1487 "ten
290 1427 347 1487 und
380 1424 607 1484 Lächerlichen.
639 1422 692 1482 gr.
714 1422 798 1482 8vo,
820 1419 930 1479 1764,
952 1419 967 1479 2
1005 1416 1142 1476 Bogen.

186 1476 259 1536 Der
286 1473 439 1533 Verfasser
466 1470 540 1530 fand
572 1464 625 1524 vor
652 1469 730 1529 fünf
747 1467 873 1527 Jahren
911 1465 963 1525 bey
991 1464 1175 1524 Versamm¬

182 1527 259 1587 lung
287 1526 369 1586 einer
397 1520 546 1580 gelehrten
580 1518 784 1578 Gesellschaft
807 1517 828 1577 in
857 1516 995 1576 Holland
1017 1514 1177 1574 Gelegen¬

183 1578 274 1638 heit,
301 1575 382 1635 seine
404 1570 571 1630 Gedanken
609 1568 684 1628 über
712 1568 814 1628 einige
847 1566 1024 1626 vorgelegte
1047 1561 1159 1621 Fragen

180 1627 388 1687 aufzusetzen.
454 1620 525 1680 Die
548 1620 613 1680 eine
635 1619 734 1679 davon
756 1616 794 1676 ist
811 1613 915 1673 diese:
943 1613 1096 1673 "welches
1118 1613 1167 1673 das

196 1674 320 1734 wahre
344 1673 462 1733 Mittel
481 1673 533 1733 ist,
546 1673 628 1733 Herr
653 1667 729 1727 über
759 1668 836 1728 seine
860 1667 1102 1727 Leidenschaften
1139 1662 1167 1722 zu

194 1726 361 1786 "werden,
389 1727 448 1787 und
481 1724 530 1784 der
558 1724 730 1784 Vernunft
758 1721 828 1781 stets
856 1721 926 1781 eine
954 1718 1170 1778 hinreichende

195 1778 403 1838 "Herrschaft
421 1775 489 1835 über
514 1772 548 1832 sie
571 1772 594 1832 zu
623 1772 820 1832 erhalten?"
856 1766 901 1826 In
931 1769 1041 1829 solcher
1059 1767 1173 1827 Kürze,

186 1822 233 1882 als
262 1821 310 1881 der
334 1819 434 1879 Verf.
454 1817 531 1877 seine
555 1817 708 1877 Antwort
728 1814 881 1874 abfaßte,
906 1817 1016 1877 konnte
1040 1817 1068 1877 er
1088 1814 1179 1874 wohl

190 1867 273 1927 nicht
292 1864 376 1924 einer
400 1861 422 1921 so
446 1860 604 1920 wichtigen
638 1858 782 1918 Materie
801 1855 1015 1915 genugthun;
1039 1855 1071 1915 er
1090 1855 1178 1915 giebt

188 1916 249 1976 also
276 1913 332 1973 nur
358 1909 456 1969 einige
477 1903 626 1963 bekannte
647 1900 930 1960 Klugheitsregeln
957 1897 1013 1957 an,
1029 1897 1059 1957 z.
1070 1896 1111 1956 E.
1122 1893 1167 1953 die

196 1966 258 2026 eine
282 1960 425 2020 Begiede
443 1951 529 2011 durch
553 1948 598 2008 die
622 1948 731 2008 andre,
749 1942 881 2002 Abscheu
910 1942 990 2002 durch
1014 1942 1094 2002 Lust,
1106 1941 1163 2001 und

187 2014 255 2074 Lust
279 2007 366 2067 durch
396 1999 558 2059 Abschen,
581 1996 610 2056 zu
634 1993 883 2053 unterdrücken;
913 1990 959 2050 die
982 1987 1173 2047 Mäßigkeit

190 2069 211 2129 zu
245 2055 372 2115 lernen;
401 2048 450 2108 die
467 2044 683 2104 Gelegenheit
712 2040 761 2100 zur
790 2040 933 2100 Reizung
967 2037 994 2097 zu
1029 2034 1172 2094 meiden.

189 2106 261 2166 Wir
283 2099 421 2159 zweifeln
450 2094 533 2154 sehr,
550 2094 605 2154 daß
628 2093 655 2153 es
684 2091 772 2151 dahin
806 2091 833 2151 zu
867 2088 995 2148 bringen
1029 2082 1094 2142 sey,
1123 2082 1166 2142 der

189 2151 360 2211 Vernunft
378 2145 443 2205 eine
466 2143 493 2203 so
516 2142 693 2202 ungestörte
716 2139 914 2199 Herrschaft,
937 2138 986 2198 als
1009 2133 1058 2193 der
1087 2133 1169 2193 Titel

192 2199 379 2259 verspricht,
396 2196 422 2256 zu
450 2193 660 2253 verschaffen;
688 2193 719 2253 ob
747 2193 805 2253 wir
828 2190 914 2250 wohl
936 2190 1005 2250 auch
1033 2183 1161 2243 dagegen

188 2249 394 2309 einraumen,
416 2244 467 2304 daß
493 2243 539 2303 die
561 2240 720 2300 wenigsten
752 2240 917 2300 Menschen
949 2237 1000 2297 alle
1021 2234 1067 2294 die
1088 2229 1176 2289 Vor¬

192 2302 282 2362 theile
304 2298 383 2358 recht
404 2296 430 2356 zu
463 2293 564 2353 nutzen
591 2287 712 2347 wissen,
740 2285 787 2345 die
809 2288 899 2348 ihnen
926 2285 973 2345 der
995 2281 1101 2341 Besitz
1122 2276 1170 2336 der

196 2345 361 2405 Vernunft
382 2342 553 2402 darbietet.
605 2330 677 2390 Die
699 2333 797 2393 zwote
818 2336 879 2396 hier
901 2331 1051 2391 erörterte
1072 2327 1170 2387 Frage

190 2399 247 2459 ist:
277 2395 404 2455 "warum
446 2390 468 2450 in
498 2387 549 2447 der
567 2378 776 2438 Gesellschaft
795 2383 846 2443 das
876 2378 1056 2438 Lächerliche
1079 2375 1177 2435 weni=

216 2442 270 2502 ger
293 2437 496 2497 Verzeihung
518 2430 633 2490 findet,
661 2426 705 2486 als
733 2424 782 2484 das
810 2430 958 2490 Laster?”
997 2422 1151 2482 Nachdem

195 2486 245 2546 der
274 2488 370 2548 Verf.
398 2480 585 2540 weitlauftig
619 2471 714 2531 davon
749 2475 879 2535 geredet
902 2476 980 2536 hat,
1015 2470 1065 2530 daß
1099 2467 1177 2527 viel¬

193 2536 274 2596 mehr
298 2533 349 2593 das
379 2527 595 2587 Gegentheil,
607 2521 659 2581 der
683 2520 851 2580 Billigkeit
875 2523 962 2583 nach,
980 2518 1049 2578 statt
1068 2516 1166 2576 finden

190 2581 296 2641 sollte,
321 2575 409 2635 leitet
434 2573 462 2633 er
493 2572 605 2632 endlich
641 2566 688 2626 den
718 2571 836 2631 Grund
872 2572 925 2632 aus
955 2567 1008 2627 dem
1050 2563 1174 2623 Vorur¬

197 2629 307 2689 theile,
333 2623 394 2683 und
425 2620 481 2680 der
506 2615 635 2675 größern
667 2616 883 2676 Leichtigkeit,
908 2618 964 2678 das
983 2611 1174 2671 Lächerliche

191 2681 221 2741 zu
252 2674 381 2734 zeigen,
413 2666 486 2726 her.
542 2662 622 2722 Wir
653 2659 782 2719 würden
820 2667 893 2727 noch
931 2664 1016 2724 einen
1054 2660 1158 2720 dritten

201 2727 317 2787 Grund
344 2717 409 2777 dazu
442 2709 552 2769 setzen,
579 2709 630 2769 der
650 2709 799 2769 vielleicht
826 2715 904 2775 nicht
930 2715 1066 2775 weniger
1093 2709 1171 2769 rich=

194 2781 236 2841 tig
261 2774 322 2834 ist;
348 2766 396 2826 die
415 2760 654 2820 Sinnlichkeit.
698 2757 814 2817 Kostet
833 2761 857 2821 in
889 2766 937 2826 der
962 2761 1158 2821 Kanterschen

197 2823 454 2883 Buchhandlung
479 2809 589 2869 allhier
608 2808 668 2868 wie
688 2808 754 2868 auch
786 2808 809 2868 in
835 2812 951 2872 Elbing
976 2817 1030 2877 und
1056 2810 1159 2870 Mitau

191 2879 248 2939 und
274 2875 324 2935 der
344 2867 413 2927 Zeit
433 2861 458 2921 in
484 2860 566 2920 Riga
593 2858 604 2918 9
631 2857 681 2917 gr.

1601 1279 1795 1339 Leipzig.

1256 1323 1505 1383 "Gesammelte
1527 1324 1907 1384 Frauenzimmerbriefe,
1922 1323 1977 1383 zum
2013 1324 2199 1384 Unterricht

1211 1363 1286 1423 "und
1314 1369 1535 1429 Vergnügen;
1563 1369 1622 1429 aus
1649 1369 1860 1429 verschiednen
1888 1369 2077 1429 Sprachen.
2110 1368 2196 1428 Eilf¬

1211 1407 1270 1467 "ter
1287 1412 1405 1472 Band,
1428 1413 1535 1473 1764,
1558 1415 1584 1475 in
1618 1415 1698 1475 8vo,
1715 1416 1747 1476 16
1769 1413 1904 1473 Bogen.
1964 1413 2035 1473 Die
2052 1416 2197 1476 Samm¬

1203 1458 1297 1518 lung,
1323 1458 1378 1518 von
1408 1460 1458 1520 der
1484 1460 1538 1520 wir
1559 1461 1684 1521 dismal
1700 1464 1750 1524 den
1785 1464 1920 1524 neuesten
1951 1464 2051 1524 Theil
2071 1464 2191 1524 ankün¬

1205 1506 1320 1566 digen,
1356 1508 1396 1568 ist
1420 1509 1477 1569 seit
1507 1509 1582 1569 fünf
1606 1512 1733 1572 Jahren
1769 1511 1832 1571 mit
1856 1509 1995 1569 Beyfall
2019 1512 2192 1572 fortgesetzt

1203 1554 1350 1614 worden.
1398 1557 1471 1617 Sie
1488 1557 1524 1617 ist
1546 1560 1603 1620 mit
1625 1560 1719 1620 vielem
1762 1560 1940 1620 Geschmack
1967 1560 2104 1620 gewählt
2125 1560 2183 1620 und

1203 1605 1461 1665 ausgearbeitet,
1477 1607 1535 1667 und
1567 1609 1688 1669 enthält
1709 1610 1751 1670 die
1773 1608 1951 1668 treflichsten
1978 1609 2120 1669 Stücke,
2142 1610 2183 1670 die

1208 1657 1230 1717 in
1260 1655 1358 1715 dieser
1376 1658 1433 1718 Art
1451 1658 1618 1718 erschienen
1649 1660 1735 1720 sind;
1764 1660 1810 1720 die
1828 1658 1938 1718 Briefe
1962 1659 2048 1719 einer
2066 1661 2193 1721 Ninon,

1210 1706 1368 1766 Butlerd,
1391 1710 1520 1770 Babet,
1550 1712 1713 1772 Catesby,
1736 1709 1956 1769 Graphigny,
1985 1712 2193 1772 Beaumont,

1211 1759 1380 1819 Sevigne,
1397 1760 1459 1820 und
1482 1763 1617 1823 andrer;
1646 1763 1720 1823 alles
1754 1763 1782 1823 in
1805 1763 1895 1823 guten
1924 1762 2014 1822 Styl
2031 1763 2177 1823 gekleidet

1210 1808 1235 1868 in
1266 1810 1333 1870 eine
1354 1808 1549 1868 angenehme
1570 1811 1802 1871 Abwechslung
1829 1812 1993 1872 geordnet,
2019 1814 2075 1874 und
2102 1814 2183 1874 durch

1208 1849 1296 1909 einen
1326 1852 1452 1912 saubern
1492 1854 1634 1914 Abdruck
1664 1855 1712 1915 dem
1762 1855 1849 1915 Auge
1880 1858 2007 1918 gefällig
2041 1858 2197 1918 gemacht.

1208 1888 1281 1948 Den
1317 1891 1449 1951 Anfang
1484 1897 1537 1957 des
1577 1897 1724 1957 eilften
1769 1897 1906 1957 Bandes
1951 1900 2073 1960 machen
2113 1905 2201 1965 ver¬

1203 1933 1361 1993 mischte
1393 1937 1536 1997 Briefe;
1563 1941 1653 2001 deren
1691 1943 1774 2003 einer
1802 1944 1849 2004 die
1871 1948 1997 2008 Kunst,
2025 1948 2199 2008 Wohltha¬

1201 1981 1248 2041 ten
1286 1981 1343 2041 mit
1370 1982 1534 2042 gefälliger
1561 1985 1625 2045 Art
1652 1984 1683 2044 zu
1710 1987 1889 2047 ertheilen,
1917 1993 2107 2053 empfiehlt,
2139 1996 2191 2056 der

1204 2027 1319 2087 zweyte
1344 2027 1405 2087 eine
1430 2028 1641 2088 verfängliche
1667 2031 1874 2091 Streitfrage
1895 2033 1944 2093 von
1980 2036 2025 2096 dem
2066 2038 2196 2098 Vorzu¬

1199 2078 1237 2138 ge
1260 2076 1309 2136 des
1337 2075 1532 2135 männlichen
1560 2079 1760 2139 Geschlechts
1782 2077 1848 2137 sehr
1872 2079 1998 2139 lebhaft
2021 2082 2199 2142 ausführt,

1204 2124 1253 2184 die
1276 2122 1437 2182 folgenden
1465 2122 1532 2182 eine
1555 2124 1648 2184 kleine
1671 2127 1820 2187 tragische
1838 2130 2015 2190 Geschichte
2032 2136 2199 2196 erzählen,

1207 2173 1264 2233 und
1291 2172 1338 2232 die
1360 2170 1460 2230 letzten
1487 2175 1598 2235 endlich
1630 2177 1688 2237 aus
1710 2178 1762 2238 den
1789 2181 1958 2241 bekannten
1990 2184 2185 2244 chinesischen

1211 2220 1336 2280 Briefen
1367 2220 1512 2280 entlehnt
1531 2225 1615 2285 sind.
1664 2229 1754 2289 Nach
1779 2230 1875 2290 diesen
1899 2234 1978 2294 folgt
2003 2236 2050 2296 die
2069 2232 2195 2292 Fortse¬

1205 2270 1288 2330 tzung
1312 2267 1359 2327 der
1383 2267 1501 2327 Briefe
1519 2273 1566 2333 der
1590 2276 1838 2336 Mademoiselle
1868 2281 1915 2341 de
1939 2285 2098 2345 Jüssy,
2123 2285 2181 2345 von

1204 2316 1330 2376 welchen
1364 2313 1441 2373 schon
1480 2319 1507 2379 zu
1542 2322 1629 2382 Ende
1663 2326 1712 2386 des
1746 2333 2016 2393 vorhergehenden
2050 2334 2188 2394 Bandes

1210 2364 1254 2424 der
1282 2363 1403 2423 Anfang
1432 2368 1597 2428 erschienen
1626 2375 1709 2435 war.
1759 2380 1814 2440 Da
1847 2381 1908 2441 wir
1936 2381 1991 2441 von
2025 2384 2119 2444 diesen
2153 2381 2202 2441 be¬

1210 2413 1287 2473 reits
1315 2411 1430 2471 neulich
1464 2417 1518 2477 bey
1547 2424 1734 2484 Anzeigung
1768 2428 1817 2488 des
1845 2429 2044 2489 Originals,
2067 2429 2193 2489 gedacht

1206 2461 1323 2521 haben,
1344 2458 1369 2518 so
1390 2461 1494 2521 dürfen
1527 2468 1585 2528 wir
1606 2474 1677 2534 noch
1705 2478 1914 2538 hinzusetzen,
1928 2474 1973 2534 daß
2000 2473 2038 2533 sie
2059 2476 2117 2536 mit
2131 2473 2196 2533 der=

1209 2509 1303 2569 selben
1335 2510 1504 2570 Sorgfalt
1524 2518 1586 2578 und
1612 2522 1668 2582 von
1707 2524 1776 2584 eben
1802 2524 1851 2584 der
1877 2518 1971 2578 Feder
1997 2522 2192 2582 verdeutscht

1208 2558 1285 2618 sind,
1297 2556 1407 2616 welche
1430 2560 1474 2620 die
1491 2567 1612 2627 vorigen
1641 2573 1752 2633 Theile
1769 2569 1912 2629 geliefert
1930 2567 2002 2627 hat.
2024 2572 2140 2632 Kosten
2163 2575 2184 2635 in

1207 2605 1434 2665 vorbemeldten
1458 2619 1662 2679 Kanterschen
1686 2617 1981 2677 Buchhandlungen
2010 2620 2021 2680 1
2039 2624 2072 2684 fl.
2090 2626 2124 2686 18
2147 2626 2192 2686 gr.

1537 2673 1864 2733 Qvedlinburg.

1256 2709 1492 2769 „Sammlung
1523 2724 1724 2784 moralischer
1754 2718 1890 2778 Briefe,
1920 2718 2098 2778 entworfen
2134 2721 2186 2781 von

1249 2756 1282 2816 J.
1310 2760 1350 2820 F.
1377 2761 1437 2821 M.
1465 2769 1505 2829 8,
1533 2775 1647 2835 1764,
1681 2766 1714 2826 16
1749 2766 1809 2826 und
1844 2766 1856 2826 1
1891 2766 1998 2826 halber
2026 2766 2181 2826 Bogen."

1213 2811 1300 2871 Man
1335 2811 1388 2871 hat
1416 2814 1469 2874 den
1503 2821 1612 2881 armen
1639 2816 1801 2876 Verfasser
1829 2817 1923 2877 dieser
1951 2814 2072 2874 Briefe
2100 2814 2180 2874 einen

2097 2861 2192 2921 übeln
