2479 3508
241 327 335 387 übeln
371 324 500 384 Streich
530 321 672 381 gespielt,
696 321 749 381 der
773 321 849 381 recht
873 321 938 381 sehr
957 321 985 381 zu
1016 321 1168 381 bedauern
1193 320 1245 380 ist.

246 372 302 432 Ein
331 372 421 432 guter
444 370 569 430 Freund
592 369 688 429 borgt
706 369 757 429 ihm
797 371 876 431 seine
900 369 1012 429 Briefe
1036 366 1092 426 ab,
1115 368 1183 428 läßt
1206 367 1240 427 sie

244 416 445 476 abschreiben
471 417 533 477 und
554 416 709 476 drucken,
740 417 822 477 ohne
859 416 910 476 daß
947 414 977 474 er
1004 416 1102 476 darum
1154 416 1246 476 weis,

242 469 304 529 und
330 467 397 527 ruft
414 467 465 527 ihn
492 464 553 524 nur
575 464 632 524 erst
648 464 751 524 dazu,
778 465 808 525 da
840 467 871 527 er
903 465 949 525 die
971 461 1121 521 Vorrede
1142 464 1251 524 schrei¬

245 513 299 573 ben
326 513 396 573 soll.
446 509 495 569 Er
518 512 604 572 selbst
626 512 734 572 würde
758 513 790 573 sie
817 513 898 573 sonst
926 512 1166 572 nimmermehr
1194 512 1253 572 ha¬

247 560 298 620 ben
330 563 449 623 drucken
481 563 594 623 laßen;
621 562 693 622 denn
725 563 755 623 er
777 560 885 620 wußte
907 560 968 620 viel
990 560 1020 620 zu
1047 563 1129 623 gut,
1156 560 1238 620 "daß

248 599 318 659 "die
341 606 433 666 Welt
455 610 570 670 bereits
608 610 668 670 mit
690 608 859 668 Schriften
898 607 1078 667 überhäuft
1101 608 1160 668 ist,
1188 607 1242 667 daß

248 649 328 709 „sich
356 659 398 719 die
421 661 539 721 Herren
567 658 717 718 Verleger
739 655 766 715 je
783 655 929 715 zuweilen
962 655 1123 715 genöthigt
1145 652 1253 712 sehen,

280 703 372 763 solche
398 708 418 768 in
451 707 501 767 den
528 708 626 768 Bann
657 706 682 766 zu
709 706 817 766 thun,
843 703 868 763 in
900 703 1096 763 Makulatur
1128 703 1153 763 zu
1190 700 1256 760 ver¬

249 753 446 813 *wandeln,
462 756 519 816 und
545 756 764 816 Ballenweise
785 751 816 811 an
848 751 894 811 die
910 752 1003 812 Käse=
1014 752 1076 812 und
1093 749 1258 809 Herings¬

272 804 404 864 krämer
436 801 483 861 für
520 801 567 861 ein
600 799 748 859 Billiges
785 798 816 858 zu
854 798 1060 858 überlaßen"
1087 789 1097 849 -

1159 795 1240 855 alles

258 849 495 909 Wahrheiten,
512 849 560 909 die
588 846 641 906 von
674 846 868 906 Scribenten
907 849 993 909 einer
1021 846 1161 906 gewissen
1194 845 1252 905 Art

252 897 341 957 billig
368 899 514 959 erwogen
541 894 660 954 werden
698 897 802 957 sollten

917 895 1011 955 Doch
1043 895 1074 955 da
1106 893 1164 953 wir
1190 891 1253 951 uns

254 945 336 1005 beym
375 945 539 1005 Eingange
562 943 589 1003 so
617 943 710 1003 lange
738 945 942 1005 aufgehalten
975 942 1101 1002 haben,
1130 939 1245 999 können

251 992 308 1052 wir
332 992 383 1052 bey
413 992 459 1052 der
482 990 702 1050 Ausführung
731 990 817 1050 selbst
836 990 870 1050 um
911 990 1008 1050 etwas
1032 989 1136 1049 kürzer
1160 985 1246 1045 seyn.
1288 981 1438 1041 erinnern
1467 982 1524 1042 nur
1548 981 1646 1041 noch,
1670 981 1727 1041 daß
1751 981 1814 1041 dies
1843 983 1889 1043 der
1919 986 1993 1046 erste
2017 988 2115 1048 Theil
2139 992 2202 1052 ist,
2226 993 2283 1053 auf

259 1038 349 1098 Man
383 1037 482 1097 findet
512 1034 578 1094 hier
612 1034 693 1094 einen
732 1034 846 1094 kleinen
875 1031 1014 1091 Vorrath
1043 1034 1099 1094 von
1129 1031 1257 1091 freund¬

256 1085 473 1145 schaftlichen,
493 1079 686 1139 lehrenden,
706 1077 962 1137 ermahnenden,
987 1079 1184 1139 tröstenden,
1215 1076 1258 1136 er¬

247 1133 455 1193 zaͤhlenden,
486 1127 725 1187 schildernden,
762 1124 1032 1184 betrachtenden,
1063 1124 1261 1184 rathenden,

416 1178 632 1238 Langeweile
665 1172 914 1232 verschaffenden
952 1172 1109 1232 Briefen.
1186 1169 1255 1229 Sie

259 1181 328 1241 und

266 1232 346 1292 sind,
368 1228 558 1288 überhaupt
575 1225 758 1285 betrachtet,
786 1224 970 1284 vernünftig
1003 1222 1062 1282 und
1090 1219 1170 1279 gut;
1198 1218 1257 1278 nur

252 1279 398 1339 mangelt
419 1276 508 1336 ihnen
540 1276 576 1336 ein
608 1275 748 1335 gewisses
776 1273 906 1333 Etwas,
927 1272 979 1332 das
1011 1270 1068 1330 wir
1094 1270 1120 1330 im
1152 1270 1261 1330 Deut¬

258 1328 342 1388 schen
371 1327 428 1387 mit
445 1324 496 1384 dem
537 1324 650 1384 Worte
680 1324 804 1384 Geist
827 1324 1032 1384 bezeichnen.
1079 1321 1197 1381 Kosten
1226 1321 1248 1381 in

263 1378 493 1438 vorbemeldten
518 1375 723 1435 Kanterschen
748 1372 1047 1432 Buchhandlungen
1079 1375 1190 1435 27gr.

627 1467 878 1527 Hamburg.

308 1515 521 1575 Fingal,
545 1518 585 1578 ein
620 1518 892 1578 Heldengedicht,
916 1518 944 1578 in
979 1515 1060 1575 sechs
1090 1514 1262 1574 Büchern,

252 1557 330 1617 "von
367 1569 560 1629 Ossian,
602 1566 690 1626 einem
743 1566 822 1626 alten
864 1564 1057 1624 schottischen
1099 1561 1256 1621 Barden.

257 1609 391 1669 „Nebst
417 1613 624 1673 verschiednen
656 1610 769 1670 andern
796 1613 966 1673 Gedichten
993 1608 1049 1668 von
1081 1610 1147 1670 eben
1179 1608 1261 1668 dem¬

262 1658 407 1718 selben,
438 1660 531 1720 8vo,
563 1655 682 1715 1764,
708 1655 744 1715 19
781 1655 936 1715 Bogen.”
1020 1651 1108 1711 Dies
1144 1652 1180 1712 ist
1212 1650 1247 1710 ein

265 1701 451 1761 schätzbares
488 1697 723 1757 Ueberbleibsel
751 1697 801 1757 des
833 1694 1069 1754 Alterthums,
1110 1694 1169 1754 das
1196 1693 1264 1753 viel

271 1745 521 1805 Jahrhunderte
541 1742 688 1802 hindurch
719 1739 787 1799 bloß
812 1742 895 1802 durch
920 1736 1175 1796 Ueberlieferung
1195 1736 1249 1796 auf

264 1793 401 1853 behalten
434 1793 559 1853 worden
586 1790 637 1850 ist.
677 1788 755 1848 Die
775 1790 854 1850 alten
887 1787 1037 1847 eeltischen
1064 1785 1182 1845 Völker
1209 1783 1260 1843 ga=
1294 1781 1464 1841 nünftigen
1491 1784 1753 1844 Betrachtungen
1780 1787 1864 1847 eines
1885 1790 2081 1850 Gelehrten.
2128 1793 2199 1853 Die
2226 1796 2290 1856 Rei

264 1843 314 1903 ben
343 1844 429 1904 ihren
463 1843 617 1903 Barden,
629 1840 703 1900 oder
727 1840 903 1900 Dichtern,
915 1840 971 1900 das
1001 1837 1092 1897 Amt,
1109 1837 1178 1897 ihre
1195 1833 1252 1893 Hel

262 1891 312 1951 den
341 1894 426 1954 durch
456 1889 609 1949 Gesange
627 1891 655 1951 zu
684 1891 884 1951 verewigen.
919 1888 1020 1948 Diese
1044 1886 1169 1946 wurden
1198 1885 1249 1945 von

267 1943 341 2003 allen
368 1942 559 2002 auswendig
581 1941 724 2001 gelernt,
757 1941 804 2001 bey
836 1939 974 1999 gewissen
1006 1936 1250 1996 Gelegenheiten

267 1993 473 2053 wiederholt,
490 1990 548 2050 und
575 1990 601 2050 so
628 1990 680 2050 auf
702 1990 744 2050 die
760 1984 998 2044 Nachkommen
1020 1981 1263 2041 fortgepflanzt.

270 2041 326 2101 Ein
353 2040 466 2100 solcher
487 2037 621 2097 Barde,
637 2037 694 2097 und
720 2034 803 2094 zwar
834 2034 916 2094 einer
943 2033 989 2093 der
1016 2031 1263 2091 beruhmtesten,

265 2091 302 2151 ist
329 2088 435 2148 Ossian
473 2085 632 2145 gewesen.
697 2083 749 2143 Er
777 2082 898 2142 besingt
926 2082 952 2142 in
985 2079 1239 2139 gegenwärtigem

265 2136 419 2196 Gedichte
441 2136 542 2196 seines
564 2133 687 2193 Vaters
714 2130 895 2190 Fingals
922 2127 1055 2187 Feldzug
1083 2127 1183 2187 wider
1205 2126 1252 2186 den

267 2185 431 2245 dänischen
468 2183 571 2243 König
608 2178 819 2238 Swaren,
845 2175 896 2235 der
923 2175 943 2235 in
975 2177 1026 2237 sein
1057 2175 1134 2235 Land
1166 2175 1268 2235 einge¬

267 2232 360 2292 fallen
391 2229 479 2289 war.
552 2225 629 2285 Das
661 2222 800 2282 Gedicht
827 2223 862 2283 ist
889 2225 914 2285 so
941 2226 1054 2286 schön,
1081 2223 1111 2283 es
1143 2223 1261 2283 nimmt

272 2277 357 2337 einen
388 2271 413 2331 so
438 2270 589 2330 erhabnen
625 2267 817 2327 Schwung,
837 2270 892 2330 daß
918 2270 948 2330 es
974 2271 1084 2331 schwer
1105 2270 1200 2330 wird,
1226 2270 1256 2330 zu

276 2321 442 2381 glauben,
467 2318 521 2378 daß
546 2315 614 2375 man
644 2315 668 2375 in
698 2315 771 2375 alten
801 2318 898 2378 Zeiten
933 2321 1021 2381 unter
1047 2318 1257 2378 unwissenden

265 2370 408 2430 Völkern
436 2366 462 2426 so
484 2363 563 2423 schön
596 2360 675 2420 habe
697 2363 803 2423 dichten
835 2366 984 2426 können,
1011 2368 1074 2428 und
1112 2367 1181 2427 man
1218 2368 1271 2428 da¬

269 2425 322 2485 her
352 2418 441 2478 leicht
472 2414 500 2474 in
531 2411 726 2471 Versuchung
763 2414 899 2474 kommen
936 2417 1042 2477 sollte,
1066 2416 1095 2476 es
1127 2414 1179 2474 für
1215 2414 1256 2474 ein

267 2467 550 2527 untergeschobnes
580 2456 676 2516 Werk
710 2455 767 2515 aus
801 2460 909 2520 neuern
938 2464 1040 2524 Zeiten
1075 2464 1108 2524 zu
1137 2461 1267 2521 halten,

268 2518 356 2578 wenn
390 2517 456 2577 man
496 2512 578 2572 nicht
602 2506 629 2566 in
663 2502 718 2562 der
746 2502 890 2562 Vorrede
913 2512 1063 2572 deutliche
1097 2509 1257 2569 Zeugnisse

266 2569 324 2629 und
364 2561 673 2621 unbeantwortliche
694 2550 832 2610 Gründe
859 2552 917 2612 von
951 2558 1003 2618 dem
1043 2557 1259 2617 Gegentheile

266 2617 382 2677 fände.
427 2608 504 2668 Der
533 2611 627 2671 engl.
650 2598 905 2658 Herausgeber,
934 2606 1022 2666 Herr
1056 2605 1261 2665 Mac-pher¬

264 2665 343 2725 son,
366 2661 417 2721 ließ
446 2657 491 2717 sich
520 2658 606 2718 durch
635 2653 680 2713 die
698 2646 909 2706 Anfrischung
932 2652 1144 2712 verschiedner
1167 2655 1257 2715 Leute

264 2710 326 2770 von
362 2707 500 2767 Stande
530 2705 587 2765 und
616 2697 824 2757 Geschmacke
853 2696 1020 2756 bewegen,
1062 2702 1130 2762 eine
1160 2700 1252 2760 Reise

270 2758 338 2818 nach
368 2758 419 2818 den
443 2754 662 2814 Hochlandern
697 2748 749 2808 und
784 2742 951 2802 westlichen
975 2748 1159 2808 schottischen
1189 2748 1257 2808 Jn=

261 2814 312 2874 seln
345 2811 376 2871 zu
409 2808 512 2868 thun,
545 2806 583 2866 um
629 2802 763 2862 daselbst
784 2794 899 2854 Werke
926 2793 976 2853 der
1003 2799 1080 2859 alten
1106 2798 1241 2858 Barden

1284 315 1562 375 aufzusammeln.
1609 318 1656 378 Er
1680 318 1804 378 erzählt
1822 318 1887 378 dies
1911 315 1940 375 in
1970 315 2017 375 der
2042 318 2207 378 Vorrede,
2231 325 2277 385 wo

1284 363 1316 423 er
1349 363 1484 423 zugleich
1523 365 1576 425 den
1615 366 1717 426 kurzen
1750 366 1880 426 Inhalt
1913 366 1966 426 des
1994 366 2275 426 Heldengedichtes

1283 410 1458 470 mittheilt.
1506 411 1574 471 Auf
1596 410 1675 470 diese
1697 415 1775 475 folgt
1797 416 1860 476 eine
1882 413 2098 473 Abhandlung
2131 413 2184 473 von
2216 416 2263 476 dem

1281 458 1487 518 Alterthume
1509 458 1561 518 der
1583 461 1735 521 Gedichte
1752 464 1904 524 Ossians.
1952 463 1999 523 Er
2021 463 2084 523 setzt
2106 461 2158 521 sein
2185 463 2269 523 Leben

1284 506 1447 566 ungefahr
1469 505 1494 565 in
1527 503 1584 563 das
1611 506 1701 566 Ende
1728 510 1780 570 des
1807 512 1949 572 dritten,
1976 512 2033 572 und
2066 512 2118 572 den
2145 510 2271 570 Anfang

1281 555 1335 615 des
1371 554 1487 614 vierten
1538 557 1816 617 Jahrhunderts.
1882 557 1962 617 Dem
2013 560 2280 620 Heldengedichte

1287 604 1345 664 sind
1373 601 1448 661 sechs
1476 601 1610 661 kleinere
1632 603 1750 663 Stücke
1778 607 1983 667 angehängt,
2010 609 2101 669 denen
2135 609 2161 669 es
2199 606 2280 666 nicht

1281 649 1323 709 an
1344 649 1433 709 ihrer
1455 649 1644 709 Schönheit
1660 652 1818 712 mangelt.
1872 652 1919 712 Es
1946 652 2003 712 sind
2030 658 2266 718 Anmerkungen

1287 697 1376 757 unter
1403 697 1449 757 den
1482 697 1561 757 Text
1582 699 1708 759 gesetzt,
1735 700 1777 760 die
1804 701 1899 761 theils
1920 700 1972 760 das
1999 706 2131 766 Dunkle
2158 706 2279 766 aufklä¬

1281 745 1361 805 ren,
1387 745 1482 805 theils
1513 748 1785 808 Vergleichungen
1816 748 1956 808 gewisser
1982 753 2108 813 Stellen
2144 754 2204 814 aus
2229 754 2284 814 an¬

1287 795 1356 855 dern
1389 792 1567 852 Dichtern,
1578 795 1610 855 z.
1628 795 1670 855 E.
1687 795 1827 855 Homer,
1844 798 1979 858 Virgil,
1995 798 2146 858 Milton,
2163 801 2286 861 enthal¬

1281 842 1354 902 ten.
1424 839 1497 899 Die
1530 843 1752 903 Uebersetzung
1800 845 1836 905 ist
1880 846 1964 906 recht
1996 846 2086 906 wohl
2113 849 2287 909 gerathen.

1287 890 1497 950 Ueberhaupt
1519 891 1584 951 muß
1617 888 1659 948 die
1687 891 1838 951 Ausgabe
1871 893 1962 953 dieser
1990 897 2168 957 Gedichte,
2190 894 2276 954 ihres

1290 937 1427 997 Werths
1451 936 1594 996 halben,
1618 936 1767 996 Kennern
1797 938 1859 998 sehr
1889 941 2038 1001 schätzbar
2067 945 2153 1005 seyn.
2200 942 2280 1002 Wir

1294 1028 1345 1088 den
1374 1028 1443 1088 noch
1467 1028 1564 1088 zween
1594 1025 1714 1085 andre,
1744 1028 1796 1088 die
1814 1028 1946 1088 Ossians
1970 1031 2079 1091 Werke
2108 1037 2286 1097 enthalten,

1293 1073 1392 1133 folgen
1423 1073 1569 1133 werden.
1626 1073 1740 1133 Kostet
1761 1073 1786 1133 in
1817 1076 2043 1136 vorbemeldten
2074 1082 2275 1142 Kanterschen

1300 1121 1599 1181 Buchhandlungen
1628 1120 1639 1180 1
1668 1118 1701 1178 fl.
1730 1120 1763 1180 15
1793 1122 1843 1182 gr.

1509 1166 1745 1226 Frankfurt
1774 1172 1837 1232 und
1867 1175 2062 1235 Leipzig.

1341 1213 1470 1273 "Herrn
1506 1216 1688 1276 Thomas
1724 1219 1859 1279 Lobrede
1890 1222 1948 1282 auf
1972 1225 2184 1285 Maximilian
2220 1225 2272 1285 von

1289 1264 1499 1324 "Bethüne,
1521 1267 1683 1327 Herzogen
1721 1267 1775 1327 von
1809 1272 1937 1332 Sülly;
1965 1273 2073 1333 welche
2101 1273 2149 1333 den
2176 1273 2278 1333 Preis

1291 1310 1366 1370 „der
1392 1318 1606 1378 französischen
1638 1318 1808 1378 Akademie
1828 1318 1852 1378 im
1897 1321 2004 1381 Jahre
2030 1324 2117 1384 1763
2143 1324 2275 1384 erhalten

1297 1364 1393 1424 »hat.
1427 1368 1517 1428 8vo,
1552 1368 1664 1428 1763,
1693 1371 1710 1431 8
1755 1366 1913 1426 Bogen."
1970 1370 2043 1430 Dem
2095 1372 2286 1432 Menschen=

1296 1416 1428 1476 freunde
1449 1415 1522 1475 kann
1555 1413 1607 1473 das
1629 1416 1797 1476 Andeuken
1829 1416 1939 1476 großer
1961 1419 2140 1479 Männer,
2161 1422 2208 1482 die
2230 1419 2271 1479 sich

1292 1464 1333 1524 um
1371 1464 1438 1524 ihre
1460 1464 1560 1524 Zeiten
1592 1464 1649 1524 und
1671 1464 1718 1524 ihr
1740 1466 1813 1526 Land
1845 1467 1987 1527 verdient
2008 1467 2145 1527 gemacht
2166 1467 2282 1527 haben,

1287 1512 1427 1572 niemals
1455 1512 1656 1572 gleichgültig
1678 1512 1764 1572 seyn.
1825 1513 1895 1573 Aus
1923 1515 2014 1575 diesem
2053 1515 2194 1575 Grunde
2216 1516 2286 1576 hof¬

1293 1562 1340 1622 fen
1372 1560 1451 1620 wir,
1478 1560 1530 1620 daß
1557 1560 1795 1620 gegenwärtige
1817 1559 1948 1619 Lobrede
1981 1563 2049 1623 auch
2081 1563 2107 1623 in
2134 1563 2287 1623 Deutsch¬

1296 1606 1365 1666 land
1396 1606 1441 1666 den
1476 1605 1611 1665 Beyfall
1627 1605 1727 1665 finden
1758 1605 1883 1665 werde,
1909 1608 1959 1668 den
1984 1608 2019 1668 sie
2040 1608 2084 1668 sich
2115 1606 2140 1666 in
2165 1608 2285 1668 Frank¬

1289 1647 1366 1707 reich
1394 1646 1552 1706 erworben
1580 1646 1652 1706 hat.
1703 1646 1775 1706 Sie
1803 1646 1838 1706 ist
1866 1649 1925 1709 mit
1958 1649 2039 1709 einer
2066 1650 2288 1710 männlichen,

1292 1689 1450 1749 erhabnen
1493 1685 1738 1745 Beredsamkeit
1768 1689 1950 1749 abgefaßt,
1988 1693 2051 1753 und
2085 1694 2209 1754 enthält
2239 1695 2286 1755 die

1291 1733 1445 1793 redlichen
1472 1733 1703 1793 Gesinnungen
1735 1733 1817 1793 eines
1838 1736 1925 1796 guten
1958 1739 2106 1799 Bürgers
2138 1742 2194 1802 und
2221 1745 2287 1805 ver¬

1295 1834 1327 1894 de
1356 1834 1438 1894 selbst
1461 1834 1577 1894 nimmt
1600 1835 1666 1895 blos
1694 1837 1788 1897 etwas
1816 1838 1893 1898 über
1916 1840 1976 1900 vier
1993 1843 2104 1903 Bogen
2132 1843 2204 1903 ein;
2226 1846 2276 1906 das

1295 1885 1410 1945 übrige
1433 1885 1493 1945 sind
1516 1885 1714 1945 erläuternde
1737 1888 2013 1948 Anmerkungen,
2036 1891 2085 1951 die
2108 1891 2278 1951 historische

1293 1933 1469 1993 Umstände
1503 1933 1702 1993 aufklaren,
1730 1934 1807 1994 oder
1841 1936 1984 1996 Urtheile
2018 1936 2046 1996 in
2085 1936 2134 1996 sich
2168 1939 2284 1999 sassen.

1287 1981 1375 2041 Auch
1409 1981 1436 2041 in
1470 1981 1564 2041 diesen
1609 1982 1741 2042 herrscht
1775 1984 1824 2044 die
1853 1984 2013 2044 gewählte
2041 1984 2196 2044 Sprache
2224 1987 2279 2047 der

1293 2028 1586 2088 Wohlredenheit,
1617 2028 1673 2088 von
1715 2031 1844 2091 welcher
1881 2031 1942 2091 wir
1974 2032 2040 2092 eine
2082 2029 2194 2089 Stelle
2226 2034 2277 2094 zur

1296 2076 1404 2136 Probe
1431 2076 1523 2136 geben
1556 2076 1695 2136 wollen,
1721 2076 1752 2136 da
1784 2079 1835 2139 der
1867 2082 2027 2142 Verfasser
2059 2079 2137 2139 über
2163 2082 2287 2142 Frank¬

1294 2124 1390 2184 reichs
1418 2121 1600 2181 verderbten
1628 2121 1762 2181 Zustand
1790 2124 1886 2184 klagt.
1957 2130 2101 2190 Sülly
2134 2130 2182 2190 sah
2221 2133 2279 2193 mit

1305 2169 1394 2229 "allem
1440 2167 1524 2227 Harm
1570 2167 1654 2227 eines
1677 2166 1829 2226 Bürgers
1858 2169 1903 2229 die
1931 2176 2117 2236 schreckliche
2140 2178 2286 2238 Wunde,

1299 2218 1362 2278 „die
1384 2217 1430 2277 die
1452 2214 1652 2274 Unordnung
1679 2216 1726 2276 des
1753 2217 1996 2277 Finanzwesens
2023 2220 2070 2280 den
2097 2222 2207 2282 Sitten
2234 2226 2281 2286 zu¬

1307 2267 1444 2327 gefügt.
1494 2263 1609 2323 Hierin
1633 2261 1737 2321 dachte
1754 2264 1786 2324 er
1809 2265 1869 2325 wie
1886 2264 1935 2324 die
1958 2267 2030 2327 alten
2058 2267 2278 2327 Gesetzgeber;

1301 2313 1377 2373 "und
1404 2313 1454 2373 der
1476 2309 1728 2369 Sürintendant
1754 2313 1805 2373 von
1832 2313 1934 2373 Paris
1960 2312 2068 2372 würde
2094 2314 2135 2374 ein
2161 2315 2274 2375 Lykurg

1301 2355 1344 2415 zu
1382 2361 1549 2421 Sparta,
1588 2357 1630 2417 ein
1669 2362 1749 2422 Cato
1788 2363 1814 2423 zu
1858 2363 1982 2423 Rom,
2015 2363 2149 2423 gewesen
2193 2367 2279 2427 seyn.

1317 2408 1390 2468 Wie
1418 2408 1559 2468 entfernt
1588 2405 1644 2465 sind
1685 2408 1746 2468 wir
1775 2414 1831 2474 von
1865 2411 1961 2471 dieser
1990 2409 2052 2469 Art
2081 2411 2108 2471 zu
2143 2417 2278 2477 denken!

1302 2458 1373 2518 Als
1401 2455 1561 2515 Politiker
1584 2452 1633 2512 seit
1656 2456 1739 2516 einem
1778 2461 1888 2521 Tage,
1906 2455 1999 2515 haben
2027 2459 2087 2519 wir
2111 2462 2182 2522 alles
2210 2466 2287 2526 aus¬

1311 2506 1500 2566 gerechnet;
1533 2502 1592 2562 wir
1614 2504 1711 2564 haben
1744 2509 1825 2569 einen
1852 2506 1933 2566 jeden
1961 2507 2073 2567 Punkt
2096 2511 2144 2571 der
2166 2512 2273 2572 Größe

1289 2556 1603 2616 "herausgebracht,
1626 2552 1733 2612 welche
1761 2557 1810 2617 die
1832 2554 2081 2614 Bevölkerung,
2103 2560 2146 2620 die
2169 2562 2282 2622 Hand¬

1292 2602 1419 2662 "lung,
1452 2602 1501 2662 der
1535 2599 1651 2659 Fleiß,
1685 2602 1728 2662 die
1762 2605 1884 2665 Künste
1917 2604 2000 2664 einem
2050 2608 2177 2668 Staate
2205 2610 2282 2670 mit¬

1306 2649 1424 2709 theilen
1455 2643 1604 2703 können;
1631 2644 1687 2704 und
1713 2649 1769 2709 wir
1801 2652 1888 2712 reden
1924 2652 2006 2712 nicht
2033 2652 2089 2712 von
2120 2655 2171 2715 den
2203 2655 2285 2715 Sit¬

1293 2693 1390 2753 "ten,
1417 2696 1462 2756 die
1489 2694 1550 2754 doch
1577 2692 1627 2752 das
1654 2700 1854 2760 vornehmste
1876 2700 2030 2760 Triebrad
2056 2700 2138 2760 einer
2164 2701 2277 2761 Regie=

1310 2747 1414 2807 rung,
1442 2741 1486 2801 die
1509 2739 1613 2799 Seele
1636 2744 1696 2804 und
1724 2748 1779 2808 das
1802 2745 1895 2805 Leben
1929 2748 2011 2808 ihrer
2034 2748 2177 2808 Gesetze,
2194 2745 2277 2805 sind.

1313 2793 1399 2853 Man
1428 2790 1532 2850 klagt,
1556 2793 1613 2853 daß
1644 2797 1724 2857 alles
1753 2796 1811 2856 aus
1846 2798 1898 2858 der
1922 2797 1985 2857 Art
2003 2796 2142 2856 schlägt.
2189 2789 2275 2849 Was

2153 2832 2266 2892 "kann
