2479 3508
567 1219 696 1279 72tes
738 1219 909 1279 Stück.
983 1218 1210 1278 Montag,
1252 1211 1316 1271 den
1366 1212 1422 1272 7.
1456 1207 1643 1267 October
1684 1204 1830 1264 1764.

395 1306 652 1366 Abhandlung
704 1300 761 1360 vom
826 1300 961 1360 Tanze.

228 1465 304 1525 Jer
329 1461 422 1521 Tanz
447 1457 523 1517 hat,
553 1452 641 1512 nebst
659 1449 711 1509 der
736 1449 871 1509 Musik,
901 1446 953 1506 vor
977 1443 1030 1503 den
1060 1438 1177 1498 andern

178 1512 422 1572 schönen
454 1505 592 1565 Künsten
624 1500 718 1560 dieses
744 1497 894 1557 voraus,
926 1494 982 1554 das
1014 1489 1045 1549 er
1077 1488 1183 1548 wahr=

177 1563 477 1623 scheinlicherweise
501 1556 545 1616 die
568 1553 670 1613 älteste
694 1548 744 1608 ist.
801 1545 874 1605 Die
903 1542 1050 1602 Lehrerin
1085 1536 1186 1596 dessel¬

174 1616 229 1676 ben
258 1613 324 1673 war
347 1613 396 1673 die
420 1606 552 1666 Natur.
603 1602 681 1662 Sie
704 1599 848 1659 muntert
871 1592 960 1652 selbst
977 1590 1026 1650 die
1044 1588 1171 1648 Jugenk

173 1667 251 1727 dazu
275 1665 354 1725 auf,
377 1660 473 1720 indem
514 1656 547 1716 sie
571 1655 610 1715 sie
639 1652 695 1712 zum
736 1647 866 1707 Hüpfen
895 1642 1031 1702 geneigt
1060 1638 1161 1698 macht

173 1720 234 1780 und
263 1716 359 1776 dieser
389 1713 479 1773 Trieb
509 1707 645 1767 herrscht
668 1705 736 1765 auch
765 1700 794 1760 in
823 1698 873 1758 der
897 1694 1095 1754 Thierwelt.
1119 1690 1175 1750 Da

173 1769 250 1829 aber
274 1766 321 1826 die
346 1764 464 1824 Thiere
489 1760 595 1820 keinen
620 1754 750 1814 Begrif
769 1751 827 1811 von
852 1748 1042 1808 Harmonie
1066 1742 1166 1802 haben

177 1814 201 1874 so
227 1811 344 1871 können
375 1806 443 1866 ihre
459 1800 695 1860 Bewegungen
721 1797 819 1857 keiner
839 1794 943 1854 Regel
958 1793 1086 1853 folgen.
1111 1790 1184 1850 Die

175 1855 347 1915 Sprünge
372 1848 425 1908 der
450 1843 568 1903 Thiere
593 1841 755 1901 verhalten
785 1837 834 1897 sich
859 1834 932 1894 eben
962 1834 986 1894 so
1006 1831 1099 1891 gegen
1129 1828 1173 1888 den

169 1902 409 1962 regelmäßigen
448 1891 568 1951 Tanz,
591 1886 639 1946 als
673 1882 732 1942 das
760 1879 952 1939 Zwitschern
991 1874 1045 1934 der
1073 1873 1165 1933 Vöge

1032 1920 1178 1980 Beydes

179 1958 277 2018 gegen
307 1947 371 2007 eine
395 1941 464 2001 nach
489 1939 599 1999 Kunst
617 1930 833 1990 ausgeführte
858 1926 991 1986 Musik.

184 2007 245 2067 sind
274 2001 330 2061 nur
359 1996 409 2056 die
432 1989 527 2049 rohen
556 1981 837 2041 Anfangsgrunde
866 1975 916 2035 der
945 1972 1074 2032 Kunst;
1103 1969 1176 2029 aber

178 2051 364 2111 methodisch
399 2039 585 2099 geordnet,
615 2031 739 2091 werden
779 2027 818 2087 sie
847 2025 903 2085 bey
938 2022 1170 2082 vernünftigen

186 2098 379 2158 Geschöpfen
410 2088 610 2148 Wohlklang
635 2084 694 2144 und
720 2079 931 2139 Zierlichkeit.

230 2148 366 2208 Seinem
406 2139 496 2199 ersten
525 2134 711 2194 Endzwecke
734 2133 802 2193 nach
836 2129 898 2189 soll
921 2127 983 2187 also
1017 2121 1068 2181 der
1091 2121 1181 2181 Tanz

178 2204 222 2264 ein
252 2196 463 2256 Ausdruck
492 2187 560 2247 der
584 2184 749 2244 Freude
773 2181 858 2241 seyn.

178 2253 271 2313 durch
294 2246 361 2306 ihre
389 2240 555 2300 Sprünge
578 2231 789 2291 Gesundheit
812 2230 867 2290 und
896 2226 1106 2286 Munterkeit
1135 2221 1190 2281 an¬

180 2300 406 2360 zukündigen.
452 2290 526 2350 Die
550 2280 702 2340 wildesten
737 2279 878 2339 Völker,

172 2355 303 2415 schönen
338 2343 480 2403 Künsten
515 2334 572 2394 gar
601 2330 704 2390 nichts
733 2330 858 2390 wußten

183 2402 251 2462 eine
275 2400 335 2460 Art
351 2393 404 2453 von
436 2387 549 2447 Tanz.
589 2378 642 2438 Er
673 2378 756 2438 ward
788 2380 840 2440 bey
872 2377 970 2437 ihnen
1003 2369 1093 2429 sogar
1125 2369 1170 2429 ein
1201 2368 1345 2428 Einmal
1362 2361 1400 2421 ist
1416 2361 1446 2421 es
1477 2363 1522 2423 der
1546 2369 1621 2429 Ruf
1645 2369 1690 2429 der
1714 2370 1844 2430 Natur,
1868 2369 1959 2429 unter
1982 2366 2073 2426 unsre
2097 2369 2203 2429 Arbei¬

183 2448 292 2508 Stück
321 2442 368 2502 des
390 2432 678 2492 Gottesdienstes;
706 2429 747 2489 sie
768 2429 884 2489 tanzten
920 2424 967 2484 den
1002 2419 1167 2479 Gestirnen
1203 2420 1250 2480 ten
1279 2411 1484 2471 Erholungen
1513 2417 1546 2477 zu
1575 2420 1732 2480 mischen;
1754 2420 1815 2480 und
1836 2416 1890 2476 wir
1919 2414 2042 2474 würden
2070 2416 2207 2476 undank=

174 2497 233 2557 und
258 2491 378 2551 Götzen
403 2488 433 2548 zu
463 2481 590 2541 Ehren.
639 2476 729 2536 Dies
754 2478 820 2538 war
845 2473 977 2533 nämlich
1015 2467 1086 2527 blos
1123 2467 1171 2527 als
1202 2467 1261 2527 bar
1286 2461 1382 2521 gegen
1420 2461 1467 2521 die
1492 2464 1552 2524 von
1583 2467 1636 2527 ihr
1667 2469 1843 2529 gegönnten
1880 2461 1994 2521 Kräfte
2024 2464 2084 2524 und
2115 2464 2205 2524 Vor¬

178 2544 246 2604 eine
265 2535 599 2595 Freudenbezeugung
623 2527 790 2587 gemeynt.
843 2527 894 2587 Es
924 2521 993 2581 darf
1016 2515 1073 2575 uns
1097 2515 1166 2575 eben
1202 2514 1299 2574 theile
1323 2510 1415 2570 seyn,
1445 2512 1531 2572 wenn
1572 2517 1629 2577 wir
1658 2518 1745 2578 nicht
1775 2516 1861 2576 durch
1884 2509 2017 2569 Uebung
2052 2510 2109 2570 und
2139 2512 2207 2572 Ge¬

180 2597 209 2657 so
233 2590 333 2650 wenig
357 2584 457 2644 fremd
481 2575 717 2635 vorkommen,
741 2577 829 2637 wenn
859 2572 894 2632 sie
912 2568 964 2628 bey
989 2566 1041 2626 dem
1083 2564 1183 2624 glück=
1208 2563 1266 2623 nuß
1296 2560 1378 2620 ihren
1414 2564 1626 2624 erwünschten
1656 2566 1791 2626 Zustand
1828 2563 1856 2623 zu
1892 2558 2027 2618 erhalten
2063 2560 2204 2620 suchten.

174 2642 272 2702 lichen
322 2632 481 2692 Eintritte
519 2623 574 2683 des
611 2624 814 2684 Vollmonds
852 2622 925 2682 ihre
962 2616 1172 2676 andächtigen
1209 2613 1282 2673 Das
1314 2611 1566 2671 Vergnügen
1603 2617 1714 2677 selbst,
1746 2612 1800 2672 das
1838 2608 1886 2668 der
1918 2610 2010 2670 Tanz
2035 2611 2207 2671 verschaft,

181 2689 359 2749 Sprünge
374 2676 546 2736 machten,
568 2671 615 2731 als
643 2671 732 2731 wenn
760 2674 850 2734 wir,
871 2671 926 2731 aus
954 2664 1180 2724 Dankbarkeit
1210 2661 1271 2721 ist,
1292 2661 1381 2721 wenn
1416 2663 1491 2723 man
1526 2666 1554 2726 es
1582 2664 1774 2724 zergliedern
1810 2658 1940 2718 wollte,
1962 2658 2030 2718 eine
2058 2658 2126 2718 sehr
2155 2660 2209 2720 zu¬

183 2747 281 2807 gegen
309 2733 358 2793 die
372 2727 547 2787 Gottheit,
569 2722 603 2782 ein
632 2718 792 2778 Geräusch
814 2723 841 2783 in
871 2722 919 2782 der
941 2717 1017 2777 Luft
1032 2715 1178 2775 erregen,

184 2799 243 2859 und
278 2792 303 2852 zu
332 2782 438 2842 unserm
479 2772 680 2832 Lobgesange
707 2772 874 2832 Geschütze
895 2772 1068 2832 abfeuern.

224 2844 284 2904 Da
315 2837 363 2897 der
388 2829 479 2889 Tanz
498 2824 668 2884 allmählig
705 2820 753 2880 bey
784 2823 942 2883 gesitteten
973 2817 1107 2877 Völkern
1144 2812 1174 2872 in

176 2900 262 2960 Form
307 2890 386 2950 einer
406 2882 511 2942 Kunst
530 2873 679 2933 gebracht
698 2870 822 2930 wurde,
835 2872 896 2932 und
916 2873 984 2933 man
1009 2871 1059 2931 aus
1084 2868 1164 2928 einem

1224 1285 1333 1345 Chaos
1363 1276 1792 1336 unzusammenhangender
1816 1273 2001 1333 Sprünge,
2019 1276 2210 1336 Stellungen

1214 1327 1278 1387 und
1305 1327 1427 1387 Tritte,
1444 1324 1652 1384 Ordnung
1684 1324 1886 1384 hervorrief,
1908 1321 1988 1381 setzte
2010 1321 2078 1381 man
2112 1322 2137 1382 zu
2170 1324 2223 1384 sei¬

1214 1373 1269 1433 nem
1310 1372 1624 1432 Hauptendzwecke,
1650 1372 1705 1432 dem
1747 1370 1985 1430 Ausdrucke
2011 1369 2076 1429 der
2102 1372 2223 1432 Freu¬

1210 1420 1275 1480 de,
1297 1422 1373 1482 noch
1400 1421 1487 1481 einen
1515 1419 1683 1479 zweyten,
1712 1419 1760 1479 die
1782 1416 2097 1476 Nachahmung.
2136 1419 2212 1479 Der

1215 1470 1491 1530 Gegenstand
1514 1470 1564 1530 der
1592 1469 1774 1529 Tanzkunst
1797 1466 1829 1526 ist
1852 1464 2073 1524 Gebärde,
2096 1469 2217 1529 Stel¬

1209 1520 1339 1580 lung,
1366 1518 1642 1578 Bewegung.
1691 1517 1777 1577 Man
1810 1515 1907 1575 suchte
1930 1512 1989 1572 also
2016 1515 2108 1575 durch
2141 1517 2205 1577 dies

1210 1568 1321 1628 dreyes
1349 1566 1471 1626 gewisse
1494 1566 1739 1626 Leidenschaften
1767 1566 1828 1626 und
1856 1563 2040 1623 Zustände,
2068 1564 2140 1624 oder
2163 1564 2218 1624 ge¬

1212 1617 1296 1677 wisse
1318 1616 1635 1676 Verschiedenheiten
1668 1613 1715 1673 der
1736 1613 1884 1673 Länder,
1917 1611 2138 1671 nachahmend
2165 1613 2218 1673 ab¬

1213 1670 1377 1730 zubilden.
1435 1670 1497 1730 So
1526 1670 1627 1730 haben
1662 1667 1724 1727 wir
1753 1666 1899 1726 heutiges
1935 1661 2047 1721 Tages
2082 1665 2217 1725 Bauer¬

1212 1723 1322 1783 tänze,
1341 1721 1544 1781 pohlnische,
1563 1721 1735 1781 englische,
1754 1718 1914 1778 spanische
1939 1715 2062 1775 Tänze,
2082 1718 2111 1778 u.
2131 1718 2155 1778 s.
2168 1718 2210 1778 w.

1211 1775 1430 1835 Verschiedne
1448 1775 1638 1835 Gattungen
1667 1774 1718 1834 der
1742 1770 1851 1830 Tänze
1875 1769 1932 1829 sind
1968 1769 2036 1829 eben
2072 1769 2094 1829 so
2129 1768 2210 1828 viele

1212 1819 1476 1879 Schattirungen
1509 1819 1556 1879 der
1578 1819 1784 1879 Frölichkeit,
1806 1817 1853 1877 bis
1885 1818 1938 1878 daß
1965 1817 2001 1877 sie
2023 1817 2070 1877 sich
2097 1819 2218 1879 herun¬

1212 1861 1256 1921 ter
1282 1861 1306 1921 in
1337 1861 1387 1921 das
1418 1861 1603 1921 Ernsthafte
1629 1864 1774 1924 verliert.
1835 1861 1905 1921 Bey
1930 1862 1980 1922 dem
2026 1864 2206 1924 Ausdrucke

1202 1906 1255 1966 der
1287 1906 1536 1966 Leidenschaften
1574 1906 1669 1966 bietet
1696 1906 1743 1966 die
1776 1906 1887 1966 Musik
1919 1908 2104 1968 vorzüglich
2137 1915 2189 1975 dem

1209 1953 1317 2013 Tanze
1343 1953 1389 2013 die
1410 1952 1523 2012 Hand,
1545 1954 1601 2014 und
1628 1951 1704 2011 wird
1731 1953 1777 2013 ihm
1819 1951 1896 2011 weit
1917 1956 2211 2016 unentbehrlicher,

1208 2005 1285 2065 weil
1302 2002 1335 2062 sie
1358 2002 1390 2062 an
1424 2002 1567 2062 manchen
1596 2002 1750 2062 Stellen,
1762 2002 1806 2062 wo
1834 2001 1878 2061 die
1901 2003 2094 2063 Bewegung
2122 2011 2204 2071 nicht

1205 2055 1311 2115 genug
1335 2052 1424 2112 sagt,
1453 2049 1520 2109 eine
1550 2050 1815 2110 verständlichere
1838 2050 1990 2110 Sprache
2019 2052 2126 2112 redet;
2155 2058 2210 2118 da¬

1211 2108 1262 2168 her
1286 2103 1337 2163 hat
1361 2100 1435 2160 schon
1465 2100 1609 2160 Batteux
1633 2102 1800 2162 erinnert,
1824 2102 1881 2162 daß
1910 2100 1956 2160 der
1986 2103 2112 2163 Tänzer
2142 2106 2199 2166 und

908 2175 1035 2235 Kinder
1050 2171 1169 2231 pflegen
1215 2157 1365 2217 Musikus
1389 2151 1568 2211 zusammen
1599 2154 1658 2214 nur
1674 2154 1734 2214 Ein
1757 2152 1899 2212 Concert
1915 2152 2109 2212 auffuhren.

1254 2217 1367 2277 Sehen
1396 2214 1458 2274 wir
1476 2214 1537 2274 auf
1555 2216 1605 2276 die
1629 2217 1799 2277 Vortheile
1816 2214 1867 2274 des
1896 2217 2049 2277 Tanzes,
2061 2217 2083 2277 so
2106 2217 2202 2277 macht

899 2279 946 2339 die
971 2274 1024 2334 von
1055 2271 1170 2331 andern
1207 2269 1236 2329 er
1255 2264 1442 2324 erstens,
1473 2263 1521 2323 als
1540 2267 1738 2327 Vergnügen
1775 2267 1836 2327 und
1860 2267 2029 2327 Erholung
2066 2270 2210 2330 betrach¬

924 2324 1059 2384 kannten
1102 2321 1166 2381 doch
1203 2320 1267 2380 tet,
1292 2313 1380 2373 keine
1398 2312 1534 2372 geringe
1559 2318 1659 2378 Classe
1683 2321 1730 2381 der
1760 2318 1920 2378 geselligen
1950 2318 2092 2378 Freuden
2128 2318 2204 2378 aus.

1212 2711 1487 2771 sammengesetzte
1510 2715 1752 2775 Empfindung,
1780 2708 1839 2768 von
1866 2709 1995 2769 welcher
2018 2709 2206 2769 Eigenliebe

1211 2760 1270 2820 und
1300 2761 1443 2821 Ehrgeiz
1461 2766 1484 2826 in
1509 2766 1646 2826 Zeigung
1676 2758 1783 2818 unsrer
1801 2757 1907 2817 eignen
1932 2757 2217 2817 Geschicklichkeit,

1215 2811 1376 2871 idealische
1399 2815 1470 2875 Lust
1488 2817 1521 2877 an
1550 2811 1710 2871 Ordnung
1733 2805 1794 2865 und
1823 2808 2134 2868 Geschwindigkeit,
2152 2808 2206 2868 aus

1216 2864 1271 2924 dem
1309 2864 1443 2924 Ganzen
1475 2866 1653 2926 geschöpft,
1684 2858 1930 2918 Bewundrung
1961 2858 2010 2918 der
2042 2855 2213 2915 Fertigkeit

2076 2907 2227 2967 andrer,
