2479 3508
592 1231 717 1291 63tes
762 1234 925 1294 Stück.
1008 1237 1230 1297 Freytag,
1275 1239 1341 1299 den
1387 1240 1438 1300 7.
1468 1237 1727 1297 September
1766 1239 1913 1299 1764.

597 1300 868 1360 Altenburg.

269 1357 527 1417 Abhandlung
553 1354 609 1414 von
635 1354 686 1414 der
705 1356 945 1416 medicinischen
971 1352 1159 1412 Erziehung
1185 1353 1235 1413 der

271 1404 525 1464 )Kinder,
541 1402 599 1462 und
625 1402 676 1462 den
708 1402 927 1462 Krankheiten
953 1399 1130 1459 derselben.
1162 1399 1234 1459 Aus

229 1449 301 1509 "dem
352 1452 587 1512 Französischen
626 1449 676 1509 des
705 1449 810 1509 Herrn
850 1449 1067 1509 Brouzet,
1096 1446 1235 1506 Königl.

229 1505 399 1565 französ.
421 1500 634 1560 ordentlichen
672 1500 885 1560 Leibarztes,
923 1497 1226 1557 Correspondenten

235 1546 312 1606 „der
346 1554 490 1614 Königl.
513 1551 690 1611 Akademie
724 1548 774 1608 der
808 1548 1057 1608 Wissenschaft,
1091 1548 1130 1608 u.
1147 1546 1168 1606 s.
1191 1545 1235 1605 w.

233 1604 407 1664 "übersetzt
437 1602 494 1662 von
530 1602 622 1662 Joh.
653 1599 815 1659 Sigism.
839 1599 972 1659 Friedr.
991 1599 1130 1659 Bisten,
1154 1597 1240 1657 8vo,

264 1653 377 1713 1764,
402 1655 480 1715 1ster
505 1652 618 1712 Theil,
643 1652 661 1712 1
686 1650 866 1710 Alphabet,
891 1649 957 1709 2ter
975 1649 1084 1709 Theil,
1108 1648 1144 1708 18
1169 1643 1240 1703 Bo¬

263 1709 339 1769 gen.
417 1703 494 1763 Der
528 1703 820 1763 Menschenfreund
854 1703 915 1763 und
943 1703 1086 1763 Patriot
1109 1700 1230 1760 können

240 1760 296 1820 uns
325 1757 438 1817 sagen,
467 1757 551 1817 welch
580 1757 647 1817 eine
664 1757 805 1817 wichtige
828 1757 952 1817 Pflicht
970 1754 1014 1814 die
1038 1754 1156 1814 Sorge
1179 1751 1229 1811 für

234 1808 285 1868 die
311 1805 661 1865 Nachkommenschaft
688 1805 754 1865 sey.
812 1805 1074 1865 Gegenwärtige
1100 1804 1239 1864 Schrift

233 1851 290 1911 nun
320 1852 358 1912 ist
378 1849 551 1909 vorzüglich
585 1846 754 1906 geschickt,
784 1846 812 1906 zu
847 1846 933 1906 ihrer
967 1843 1150 1903 Ausübung
1184 1846 1232 1906 die

234 1898 334 1958 Hand
365 1897 394 1957 zu
430 1894 551 1954 bieten.
622 1891 672 1951 Es
703 1888 793 1948 giebt
814 1888 838 1948 so
874 1888 960 1948 viele
990 1888 1227 1948 wohlhabende

239 1946 402 2006 Mütter,
429 1940 476 2000 die
498 1939 524 1999 es
551 1939 582 1999 an
609 1936 682 1996 aller
709 1936 909 1996 ersinnlichen
936 1934 1052 1994 Sorge
1085 1933 1131 1993 für
1159 1932 1232 1992 ihre

243 1998 364 2058 Kinder
391 1990 469 2050 nicht
491 1987 586 2047 fehlen
613 1984 733 2044 laßen;
760 1984 818 2044 nur
845 1984 939 2044 haben
976 1984 1013 2044 sie
1040 1981 1139 2041 dabey
1172 1978 1224 2038 das

240 2046 405 2106 Ungluck,
428 2037 494 2097 sehr
517 2034 560 2094 oft
589 2034 632 2094 die
661 2034 827 2094 unrechten
866 2034 982 2094 Mittel
1010 2030 1042 2090 zu
1076 2028 1231 2088 wählen;

240 2096 300 2156 und
334 2094 356 2154 in
395 2086 627 2146 verfanglichen
661 2085 766 2145 Fällen
805 2085 938 2145 herrscht
966 2082 1015 2142 der
1044 2079 1237 2139 Gebrauch,

244 2145 340 2205 lieber
362 2138 443 2198 einer
465 2137 540 2197 alten
573 2136 675 2196 Frau,
692 2136 875 2196 dergleichen
908 2133 972 2193 sehr
1000 2131 1064 2191 viel
1076 2130 1107 2190 zu
1135 2130 1237 2190 Rath¬

228 2191 425 2251 geberinnen
451 2184 653 2244 aufwerfen,
680 2189 726 2249 als
758 2186 846 2246 eines
873 2184 1090 2244 verständigen
1122 2179 1231 2239 Arztes

239 2241 415 2301 Gutachten
446 2235 653 2295 einzuholen.
700 2233 876 2293 Vielleicht
903 2234 1011 2294 würde
1043 2233 1078 2293 sie
1105 2231 1161 2291 das
1188 2229 1239 2289 Le¬

248 2296 285 2356 sen
329 2291 426 2351 dieser
465 2287 605 2347 Schrift
633 2282 692 2342 auf
736 2282 834 2342 beßre
872 2285 1045 2345 Gedanken
1089 2278 1240 2338 bringen,

239 2344 303 2404 und
326 2342 456 2402 zugleich
495 2336 620 2396 sowohl
642 2331 713 2391 ihre
735 2335 1024 2395 Aufmerksamkeit
1052 2329 1083 2389 zu
1107 2327 1242 2387 Verhü¬

245 2394 319 2454 tung
348 2387 608 2447 bevorstehender
631 2378 729 2438 Uebel
747 2382 902 2442 schärfen,
920 2383 965 2443 als
989 2381 1058 2441 auch
1088 2377 1150 2437 ihre
1174 2374 1243 2434 Be¬

246 2441 335 2501 griffe
366 2435 419 2495 von
457 2434 510 2494 der
535 2429 800 2489 Beschaffenheit
825 2432 873 2492 der
898 2432 1048 2492 Zufälle,
1085 2425 1145 2485 und
1176 2422 1229 2482 den

236 2486 411 2546 dienlichen
443 2479 716 2539 Gegenmitteln,
753 2478 844 2538 mehr
875 2478 1087 2538 berichtigen.
1143 2471 1233 2531 Man

245 2536 299 2596 hat
322 2533 405 2593 zwar
428 2530 544 2590 bereits
579 2526 773 2586 verschiedne
801 2531 940 2591 gelehrte
963 2524 1129 2584 Schriften
1163 2521 1240 2581 über

248 2586 292 2646 die
316 2581 673 2641 Kinderkrankheiten;
702 2575 758 2635 wir
781 2581 923 2641 zweifeln
946 2575 1076 2635 jedoch,
1105 2570 1161 2630 daß
1196 2569 1235 2629 sie

246 2637 298 2697 der
320 2629 579 2689 gegenwärtigen
606 2623 657 2683 den
679 2621 784 2681 Werth
811 2629 890 2689 einer
911 2625 1069 2685 besondern
1097 2620 1244 2680 Brauch¬

247 2682 371 2742 barkeit
389 2676 501 2736 streitig
530 2672 649 2732 machen
678 2672 818 2732 werden.
864 2676 937 2736 Sie
961 2673 994 2733 ist
1017 2673 1039 2733 in
1068 2670 1135 2730 drey
1164 2667 1243 2727 Bü¬

246 2736 304 2796 cher
331 2728 527 2788 abgetheilt,
554 2724 638 2784 deren
672 2721 730 2781 das
765 2723 836 2783 erste
870 2726 915 2786 die
942 2722 1157 2782 medicinische
1178 2714 1243 2774 Er¬

254 2786 383 2846 ziehung
408 2777 490 2837 eines
514 2769 631 2829 Kindes
661 2772 714 2832 von
750 2772 844 2832 seiner
862 2775 1033 2835 Belebung
1057 2772 1086 2832 an
1116 2770 1162 2830 bis
1187 2766 1239 2826 zur

246 2830 507 2890 Entwöhnung,
533 2823 590 2883 das
616 2823 750 2883 zweyte,
770 2822 826 2882 vom
865 2826 1069 2886 Entwöhnen
1095 2822 1139 2882 bis
1165 2818 1216 2878 zum

253 2885 448 2945 mannbaren
471 2876 584 2936 Alter,
615 2873 803 2933 abhandelt.
849 2875 931 2935 Das
962 2877 1060 2937 dritte
1076 2872 1165 2932 Buch
1196 2868 1248 2928 re=

1277 1309 1325 1369 det
1347 1309 1400 1369 von
1433 1306 1481 1366 den
1509 1303 1757 1363 Krankheiten,
1785 1307 1892 1367 welche
1914 1309 1962 1369 den
1990 1312 2130 1372 Kindern
2168 1312 2265 1372 theils

1274 1354 1384 1414 eigen,
1415 1351 1515 1411 theils
1541 1352 1602 1412 mit
1633 1354 1855 1414 Erwachsnen
1891 1357 2012 1417 gemein
2042 1360 2127 1420 sind.
2189 1360 2269 1420 Der

1271 1399 1435 1459 Verfasser
1467 1399 1551 1459 redet
1578 1400 1646 1460 sehr
1673 1402 1800 1462 deutlich
1837 1404 1895 1464 und
1927 1406 2128 1466 ausführlich

2191 1408 2253 1468 und

1274 1446 1327 1506 hat
1350 1446 1403 1506 fast
1426 1449 1479 1509 alle
1501 1448 1588 1508 Fälle
1610 1449 1766 1509 berührt,
1795 1451 1908 1511 welche
1930 1452 1989 1512 nur
2012 1455 2038 1515 in
2066 1455 2163 1515 dieser
2185 1455 2271 1515 Gat¬

1268 1495 1345 1555 tung
1366 1497 1593 1557 vorkommen.
1646 1500 1723 1560 Wir
1744 1500 1857 1560 preisen
1889 1502 1945 1562 das
1972 1501 2059 1561 Buch
2091 1502 2152 1562 mit
2179 1506 2271 1566 größ¬

1267 1545 1311 1605 tem
1356 1545 1469 1605 Rechte
1494 1547 1572 1607 jedem
1612 1547 1671 1607 an,
1691 1547 1754 1607 wer
1775 1550 1833 1610 nur
1858 1551 1907 1611 der
1932 1551 2153 1611 Betrachtung
2179 1557 2262 1617 eines

1274 1593 1295 1653 so
1323 1596 1484 1656 wichtigen
1512 1596 1760 1656 Gegenstandes
1782 1599 1863 1659 seine
1885 1602 2176 1662 Aufmerksamkeit
2198 1605 2273 1665 gön¬

1269 1647 1324 1707 nen
1352 1647 1435 1707 will.
1486 1647 1557 1707 Die
1586 1649 1814 1709 Uebersetzung
1843 1649 1881 1709 ist
1909 1651 1964 1711 auf
1993 1650 2048 1710 des
2076 1655 2265 1715 berühmten

1280 1700 1492 1760 göttingischen
1523 1697 1729 1757 Professors,
1747 1703 1841 1763 Hrn.
1860 1702 1912 1762 D.
1931 1703 2072 1763 Vogels,
2096 1706 2261 1766 Anrathen

1273 1754 1516 1814 unternommen
1548 1754 1701 1814 worden;
1733 1754 1796 1814 und
1823 1754 1938 1814 scheint
1966 1757 2071 1817 wegen
2103 1757 2187 1817 ihrer
2219 1760 2271 1820 ge¬

1275 1803 1412 1863 schickten
1440 1805 1501 1865 und
1529 1804 1728 1864 sorgfaltigen
1762 1805 2005 1865 Ausarbeitung
2028 1805 2127 1865 vieles
2150 1807 2204 1867 Lob
2238 1809 2265 1869 zu

1273 1848 1464 1908 verdienen.
1517 1849 1626 1909 Kosten
1656 1849 1679 1909 in
1708 1849 1755 1909 der
1775 1852 1980 1912 Kanterschen
2005 1855 2262 1915 Buchhandlung

1273 1889 1405 1949 allhier,
1421 1891 1479 1951 wie
1500 1894 1569 1954 auch
1596 1891 1622 1951 in
1649 1892 1765 1952 Elbing
1792 1897 1850 1957 und
1882 1897 1992 1957 Mitau
2025 1900 2035 1960 2
2067 1903 2104 1963 fl.
2131 1904 2167 1964 24
2194 1906 2246 1966 gr.

1669 1939 1870 1999 Leipzig.

1325 1978 1526 2038 "Sentimens
1545 1980 1636 2040 d'une
1655 1981 1722 2041 ame
1747 1984 1928 2044 pénitente,
1948 1987 1985 2047 ou
2015 1991 2206 2051 paraphrase
2230 1997 2263 2057 en

1278 2020 1361 2080 „vers
1386 2026 1415 2086 du
1446 2028 1592 2088 pseaume
1618 2028 1677 2088 51.
1702 2028 1750 2088 dit
1770 2028 1795 2088 le
1820 2031 1992 2091 Miserere,
2017 2034 2070 2094 par
2101 2037 2135 2097 S.
2160 2039 2204 2099 A.
2224 2044 2272 2104 R.

1286 2073 1350 2133 M.
1367 2076 1399 2136 E.
1416 2075 1458 2135 T.
1475 2073 1512 2133 P.
1529 2074 1566 2134 A.
1583 2079 1814 2139 Gesinnungen
1847 2079 1927 2139 einer
1955 2084 2148 2144 bußfertigen
2181 2090 2267 2150 See¬

1287 2125 1347 2185 'le,
1369 2124 1441 2184 oder
1469 2124 1617 2184 poetische
1640 2128 1882 2188 Umschreibung
1916 2133 1965 2193 des
1994 2133 2098 2193 51sten
2126 2139 2264 2199 Psalms

1275 2173 1455 2233 Davids,
1467 2174 1524 2234 von
1554 2178 1600 2238 J.
1618 2178 1664 2238 K.
1688 2179 1729 2239 H.
1752 2181 1810 2241 Fr.
1828 2181 1868 2241 E.
1886 2181 1932 2241 T.
1956 2184 1997 2244 A.
2009 2184 2060 2244 S.
2084 2190 2275 2250 verdeutscht

1287 2221 1355 2281 von
1384 2223 1473 2283 Hrn.
1491 2226 1648 2286 Christian
1683 2231 1841 2291 Friedrich
1881 2230 1937 2290 von
1971 2235 2180 2295 Brüchting,
2203 2240 2276 2300 Ge¬

1293 2273 1552 2333 nerallieutnant
1575 2277 1624 2337 bey
1658 2279 1713 2339 der
1735 2282 2006 2342 Chursächsischen
2034 2288 2178 2348 Armee,
2206 2290 2266 2350 und

1283 2319 1356 2379 „der
1373 2321 1584 2381 Gesellschaft
1607 2328 1657 2388 der
1681 2330 1783 2390 freyen
1817 2336 1936 2396 Künste
1960 2333 1987 2393 zu
2017 2337 2135 2397 Leipzig
2154 2339 2278 2399 Ehren¬

1302 2372 1420 2432 gliede.
1467 2372 1517 2432 Am
1557 2376 1648 2436 Ende
1682 2381 1716 2441 ist
1745 2382 1818 2442 noch
1847 2384 2045 2444 beygefügt,
2068 2387 2142 2447 eben
2177 2390 2272 2450 dieser

1297 2420 1594 2480 durchlauchtigsten
1627 2429 1822 2489 Verfasserin
1855 2430 2065 2490 Conversione
2093 2431 2125 2491 di
2141 2432 2173 2492 S.
2185 2436 2270 2496 Ago-

1292 2467 1405 2527 'stino,
1438 2473 1633 2533 verdeutscht
1666 2481 1719 2541 von
1758 2482 1849 2542 Joh.
1871 2479 2044 2539 Christoph
2082 2483 2271 2543 Gottsched.

1292 2521 1372 2581 4to,
1396 2521 1505 2581 1764,
1529 2527 1546 2587 1
1581 2530 1748 2590 Alphabet
1772 2531 1782 2591 8
1824 2529 1881 2589 und
1916 2527 1927 2587 1
1962 2527 2071 2587 halber
2101 2531 2239 2591 Bogen.

1278 2569 1348 2629 Den
1381 2569 1569 2629 Liebhabern
1603 2581 1711 2641 seltner
1733 2575 1987 2635 Erscheinungen
2015 2573 2036 2633 im
2079 2578 2198 2638 Reiche
2220 2585 2268 2645 der

1278 2620 1544 2680 Gelehrsamkeit
1573 2629 1656 2689 wird
1692 2628 1740 2688 die
1777 2623 1930 2683 Ausgabe
1959 2623 2057 2683 dieser
2093 2631 2260 2691 Schriften

1277 2667 1359 2727 nicht
1384 2671 1584 2731 gleichgültig
1609 2678 1673 2738 seyn
1704 2673 1839 2733 können.
1888 2670 1987 2730 Zwar
2012 2673 2070 2733 sind
2101 2676 2200 2736 beyde
2231 2680 2277 2740 be¬

1279 2718 1357 2778 reits
1381 2717 1431 2777 der
1454 2723 1544 2783 Welt
1567 2727 1702 2787 bekannt
1720 2720 1860 2780 gemacht
1878 2718 2030 2778 worden;
2059 2727 2132 2787 aber
2161 2727 2199 2787 sie
2228 2728 2273 2788 er¬

1280 2766 1412 2826 scheinen
1448 2770 1517 2830 doch
1552 2778 1615 2838 hier
1650 2772 1708 2832 auf
1732 2769 1801 2829 eine
1824 2768 1911 2828 ihrer
1946 2771 2044 2831 hohen
2073 2772 2270 2832 Verfasserin

1282 2817 1459 2877 würdigere
1486 2824 1571 2884 Art,
1608 2823 1688 2883 weil
1714 2819 1768 2879 auf
1794 2817 1848 2877 den
1880 2817 2027 2877 Abdruck
2052 2822 2102 2882 die
2133 2824 2274 2884 äußerste

1287 2867 1450 2927 Sorgfalt
1470 2875 1528 2935 und
1548 2872 1743 2932 Zierlichkeit
1764 2868 1933 2928 verwandt
1953 2870 2070 2930 worden
2097 2873 2148 2933 ist.
2175 2873 2272 2933 Unser

2216 2924 2271 2984 Lob
