2479 3508
558 1202 694 1262 62tes
741 1204 900 1264 Stück.
970 1204 1198 1264 Montag,
1245 1198 1305 1258 den
1352 1201 1404 1261 3.
1436 1196 1695 1256 September
1734 1200 1878 1260 1764.

557 1273 856 1333 Magdeburg.

199 1481 343 1541 chentlich
370 1473 413 1533 ein
445 1470 562 1530 Bogen
589 1468 786 1528 ausgegeben
819 1467 925 1527 wird,
958 1466 1016 1526 und
1049 1460 1096 1520 die
1129 1460 1198 1520 auch

199 1530 321 1590 bereits
349 1523 401 1583 den
434 1521 614 1581 verdienten
652 1518 790 1578 Beyfall
818 1515 956 1575 erhalten
993 1512 1073 1572 hat,
1095 1511 1184 1571 indem

195 1580 267 1640 man
296 1578 340 1638 die
363 1575 452 1635 ersten
487 1569 604 1629 Theile
622 1566 705 1626 schon
734 1567 845 1627 wieder
875 1566 930 1626 von
959 1563 1054 1623 neuem
1099 1560 1126 1620 so
1155 1560 1205 1620 oft

198 1736 267 1796 teste
297 1730 455 1790 Person,
485 1730 536 1790 der
566 1727 636 1787 man
671 1723 718 1783 die
748 1722 858 1782 meiste
882 1720 975 1780 durch
1005 1714 1197 1774 Erfahrung

204 1781 407 1841 unterstützte
438 1778 612 1838 Fähigkeit
637 1775 793 1835 zutraut,
811 1772 883 1832 ihre
914 1770 1106 1830 Mitbürger
1137 1765 1196 1825 und

204 1823 447 1883 Nachkommen
484 1819 511 1879 zu
543 1817 778 1877 unterrichten.
851 1817 941 1877 Man
978 1816 1068 1876 denke
1095 1811 1194 1871 jedoch

200 1871 300 1931 nicht,
315 1867 367 1927 daß
387 1861 478 1921 dieser
498 1861 589 1921 Greis
614 1859 690 1919 seine
705 1858 801 1918 Rolle
816 1858 874 1918 mit
893 1855 974 1915 einem
1009 1852 1191 1912 mürrischen

195 1918 313 1978 Ernste
335 1912 447 1972 spiele.
490 1904 539 1964 Er
568 1903 609 1963 ist
638 1903 679 1963 ein
708 1903 834 1963 Freund
863 1900 920 1960 des
949 1897 1194 1957 Vergnügens;
1223 1894 1377 1954 bildung,
1392 1894 1483 1954 wenn
1512 1897 1589 1957 einem
1632 1897 1660 1957 so
1675 1897 1786 1957 großen
1808 1895 1948 1955 Körper,
1963 1900 2054 1960 dessen
2076 1904 2223 1964 Umkreis

199 1969 273 2029 aber
294 1965 341 2025 ein
355 1957 606 2017 wernünftiger.
654 1950 701 2010 Er
722 1948 898 2008 behauptet
919 1947 966 2007 bey
994 1945 1088 2005 seinem
1129 1942 1196 2002 To=
1224 1938 1326 1998 einige
1354 1939 1529 1999 Millionen
1557 1939 1740 1999 Erdkugeln
1768 1942 1855 2002 fassen
1883 1942 2012 2002 würde,
2033 1948 2100 2008 eine
2121 1953 2222 2013 Hütte

196 2017 235 2077 ne
258 2015 390 2075 zugleich
419 2010 469 2070 den
499 2002 664 2062 Anstand,
676 2001 728 2061 der
751 1999 847 2059 seinen
872 1999 996 2059 Jahren
1026 1990 1202 2050 zukömmt.

205 2065 291 2125 Man
318 2061 416 2121 findet
438 2055 502 2115 hier
525 2052 552 2112 in
579 2049 726 2109 beliebtem
770 2046 910 2106 Wechsel
922 2040 1182 2100 Betrachtungen

186 2115 339 2175 Briefe,
361 2103 623 2163 Erzahlungen,
645 2100 940 2160 Ermahnungen;
974 2092 1121 2152 wodurch
1143 2087 1197 2147 für

201 2163 257 2223 das
280 2157 479 2217 Vergnügen
508 2153 559 2213 der
582 2148 667 2208 Leser
690 2151 826 2211 sowohl,
838 2149 884 2209 als
913 2145 963 2205 für
987 2143 1191 2203 Ausbildung

196 2215 287 2275 ihres
310 2208 517 2268 Geschmacks
541 2202 601 2262 und
625 2199 793 2259 Herzens,
809 2199 931 2259 gesorgt
947 2195 1046 2255 wird.
1086 2191 1192 2251 Mehr
1231 2183 1414 2243 dergleichen
1446 2181 1560 2241 Fehler
1591 2182 1644 2242 der
1661 2184 1752 2244 guten
1791 2184 1912 2244 Absicht
1936 2185 1990 2245 des
2014 2189 2128 2249 Buchs
2159 2194 2219 2254 und

203 2267 247 2327 ist
263 2261 345 2321 nicht
361 2256 496 2316 nöthig,
527 2252 586 2312 von
617 2246 706 2306 einem
745 2246 858 2306 Werke
881 2246 918 2306 zu
949 2243 1069 2303 sagen,
1092 2240 1189 2300 dessen
1228 2234 1279 2294 dem
1325 2226 1581 2286 lobenswerthen
1619 2231 1754 2291 Ganzen
1793 2237 1958 2297 verzeihen
1997 2238 2116 2298 müsse?
2162 2240 2206 2300 Ko

198 2310 471 2370 gemeinnütziger
500 2301 628 2361 Inhalt
652 2294 733 2354 seine
762 2294 855 2354 eigne
885 2291 1106 2351 Empfehlung
1147 2288 1198 2348 ist.

199 2363 315 2423 Kostet
335 2360 359 2420 in
390 2354 439 2414 der
464 2348 667 2408 Kanterschen
699 2346 963 2406 Buchhandlung
989 2340 1117 2400 allhier,
1137 2336 1191 2396 wie

196 2411 271 2471 auch
295 2408 324 2468 in
348 2404 464 2464 Elbing
494 2399 551 2459 und
575 2392 685 2452 Mitau
715 2393 732 2453 1
756 2393 796 2453 fl.

421 2443 661 2503 Frankfurt
690 2440 746 2500 und
782 2443 972 2503 Leipzig.

245 2488 347 2548 "Die
370 2497 551 2557 strahlende
580 2486 705 2546 Sonne
734 2488 784 2548 der
808 2491 1046 2551 Gerechtigkeit
1070 2482 1097 2542 in
1132 2479 1182 2539 den

195 2545 308 2605 "durch
341 2547 373 2607 sie
395 2542 513 2602 gerecht
530 2535 719 2595 erfundenen
747 2541 914 2601 Menschen
941 2532 1108 2592 betrachtet
1131 2530 1184 2590 von

200 2589 280 2649 „der
302 2590 496 2650 Verfasserin
524 2588 572 2648 der
600 2584 761 2644 suchenden
794 2591 854 2651 und
876 2584 1038 2644 sindenden
1066 2578 1200 2638 Gnade,

198 2636 248 2696 "in
275 2641 313 2701 56
346 2636 655 2696 Ermunterungen,
675 2632 733 2692 gr.
746 2637 829 2697 8vo,
849 2638 965 2698 1764,
985 2633 1003 2693 1
1030 2629 1190 2689 Alphabet

188 2684 233 2744 ”5
266 2690 420 2750 Bogen."
486 2678 563 2738 Die
590 2680 764 2740 Liebhaber
797 2685 991 2745 erbaulicher
1017 2676 1179 2736 Schriften

193 2751 314 2811 werden
338 2740 384 2800 die
408 2733 646 2793 gegenwärtige
670 2730 727 2790 mit
745 2730 832 2790 vielem
873 2733 1036 2793 Vortheile
1060 2727 1192 2787 gebrau¬

199 2802 266 2862 chen
294 2793 436 2853 können.
491 2781 565 2841 Sie
587 2781 620 2841 ist
641 2781 667 2841 in
695 2781 776 2841 einem
818 2781 967 2841 sanften,
988 2779 1184 2839 natürlichen

1238 1273 1297 1333 und
1322 1271 1480 1331 frommer
1505 1267 1789 1327 Betrachtungen.
1844 1267 1983 1327 Witzige
2003 1271 2244 1331 Wendungen,

271 1337 374 1397 Der
405 1327 558 1387 Greis.
608 1327 748 1387 Fünfter
773 1324 889 1384 Theil.
914 1324 1000 1384 Zvo,
1019 1321 1135 1381 1764,
1160 1318 1196 1378 16
1240 1315 1454 1375 rednerisches
1473 1312 1595 1372 Feuer,
1614 1312 1675 1372 und
1700 1312 1834 1372 gelehrte
1860 1317 2135 1377 Untersuchungen
2160 1319 2233 1379 darf

270 1372 535 1432 Bogen."
594 1370 682 1430 Dieß
706 1372 747 1432 ist
765 1372 829 1432 eine
854 1372 906 1432 von
936 1370 983 1430 den
1013 1369 1100 1429 guten
1131 1365 1212 1425 Ori=
1243 1360 1313 1420 man
1338 1357 1408 1417 hier
1426 1359 1508 1419 nicht
1526 1360 1702 1420 erwarten.
1738 1360 1808 1420 Dem
1856 1363 2038 1423 ungeachtet
2056 1365 2091 1425 ist
2115 1366 2162 1426 der
2186 1370 2238 1430 au¬

202 1427 441 1487 ginalschriften
479 1422 527 1482 der
552 1419 810 1479 gegenwärtigen
841 1419 933 1479 Zeit,
964 1416 1025 1476 von
1056 1412 1111 1472 der
1136 1410 1203 1470 wö=
1234 1404 1264 1464 te
1284 1404 1473 1464 Geschmack
1493 1407 1572 1467 nicht
1591 1407 1818 1467 verabsäumt;
1855 1408 1916 1468 und
1947 1409 2026 1469 viele
2046 1413 2229 1473 Ausdrücke

1233 1455 1397 1515 verrathen
1430 1455 1498 1515 eine
1520 1455 1604 1515 nicht
1620 1455 1784 1515 ungeübte
1806 1455 1917 1515 Feder.
1976 1455 2049 1515 Bey
2076 1461 2129 1521 dem
2172 1462 2235 1522 vie¬

1228 1505 1275 1565 len
1302 1502 1441 1562 Guten,
1462 1506 1520 1566 das
1553 1505 1622 1565 hier
1649 1506 1856 1566 vorkömmt,
1889 1503 2000 1563 würde
2033 1506 2059 1566 es
2092 1510 2229 1570 unbillig

1236 1554 1333 1614 seyn,
1356 1554 1387 1614 zu
1416 1554 1545 1614 tadeln;
1574 1551 1660 1611 wenn
1688 1554 1758 1614 auch
1786 1554 1850 1614 hier
1872 1554 1932 1614 und
1960 1554 1992 1614 da
2014 1554 2062 1614 sich
2101 1557 2144 1617 ein
2172 1557 2236 1617 Ge¬

204 1631 257 1691 hat
279 1628 447 1688 abdrucken
475 1622 610 1682 müssen.
659 1619 732 1679 Die
747 1616 956 1676 Einkleidung
984 1612 1092 1672 scheint
1113 1608 1201 1668 nicht
1235 1602 1336 1662 danke
1351 1605 1411 1665 mit
1432 1602 1662 1662 eingeschlichen
1697 1602 1791 1662 haben
1819 1602 1920 1662 sollte,
1941 1605 1974 1665 an
2002 1605 2049 1665 dem
2090 1608 2157 1668 man
2192 1608 2232 1668 ei¬

205 1682 276 1742 übel
298 1679 512 1739 ausgesonnen
549 1676 569 1736 zu
599 1673 691 1733 seyn.
735 1670 798 1730 Ein
828 1670 913 1730 Alter
935 1667 977 1727 ist
992 1665 1041 1725 die
1057 1663 1199 1723 geschick=
1228 1652 1270 1712 ne
1293 1655 1414 1715 gewisse
1429 1655 1621 1715 Richtigkeit
1644 1655 1793 1715 vermißt.
1815 1655 1893 1715 Nur
1923 1652 2001 1712 einen
2030 1658 2215 1718 dergleichen

1230 1709 1466 1769 anzumerken,
1485 1706 1508 1766 so
1533 1704 1609 1764 wird
1633 1706 1686 1766 S.
1699 1706 1757 1766 56.
1775 1706 1828 1766 aus
1847 1706 1893 1766 dem
1929 1706 1988 1766 19.
2001 1706 2065 1766 Ps.
2078 1709 2125 1769 der
2143 1709 2172 1769 5.
2191 1711 2231 1771 V.

1230 1760 1293 1820 also
1317 1760 1513 1820 angeführt:
1537 1757 1594 1817 "er
1618 1757 1669 1817 hat
1693 1757 1739 1817 der
1763 1757 1890 1817 Sonne
1913 1757 1976 1817 eine
1994 1760 2092 1820 Hütte
2116 1760 2139 1820 in
2162 1762 2231 1822 der¬

1235 1806 1355 1866 "selben
1385 1808 1535 1868 (nomlich
1564 1808 1609 1868 der
1627 1810 1806 1870 Erdkugel)
1830 1809 2008 1869 gemacht.”
2061 1811 2142 1871 Das
2165 1812 2234 1872 wä=

1228 1851 1263 1911 re
1285 1851 1366 1911 nun,
1382 1850 1510 1910 physisch
1537 1852 1721 1912 betrachtet,
1748 1852 1870 1912 freylich
1897 1853 1963 1913 eine
1989 1855 2123 1915 seltsame
2149 1856 2231 1916 Ein¬

1220 1987 1276 2047 auf
1298 1985 1380 2045 einer
1407 1986 1520 2046 solchen
1547 1986 1655 2046 Kugel
1671 1987 1805 2047 gebauet
1837 1990 1956 2050 werden
1993 1993 2096 2053 sollte.
2143 1997 2220 2057 Der

1232 2034 1378 2094 Prophet
1404 2031 1468 2091 sagt
1488 2031 1519 2091 es
1539 2034 1737 2094 wenigstens
1757 2034 1859 2094 nicht.
1911 2037 1961 2097 Im
2008 2040 2103 2100 Texte
2123 2045 2224 2105 steht,

1233 2082 1282 2142 "er
1305 2082 1354 2142 hat
1377 2081 1426 2141 der
1443 2077 1565 2137 Sonne
1593 2079 1637 2139 ein
1659 2082 1770 2142 Gezelt
1792 2085 1814 2145 in
1848 2082 2002 2142 denselben
2036 2088 2102 2148 (den
2130 2095 2224 2155 Him¬

1234 2133 1356 2193 "meln)
1373 2126 1500 2186 gesetzt”
1540 2118 1551 2178 -

1602 2129 1690 2189 Doch
1720 2130 1784 2190 wer
1809 2133 1903 2193 siehet
1928 2136 2034 2196 nicht,
2064 2138 2116 2198 daß
2147 2144 2217 2204 man

1225 2283 1282 2343 stet
1315 2278 1346 2338 in
1386 2278 1615 2338 vorbemeldten
1655 2285 1865 2345 Kanterschen
1905 2291 2211 2351 Buchhandlungen

1230 2335 1243 2395 2
1271 2332 1311 2392 fl.
1325 2330 1331 2390 9
1366 2330 1413 2390 gr.

1510 2417 1703 2477 Besondrer
1746 2423 1938 2483 Rechtsfall

1388 2485 1414 2545 in
1462 2491 1522 2551 der
1556 2500 1692 2560 Sache
1733 2503 1827 2563 eines
1869 2500 2057 2560 Mordes,

1260 2566 1446 2626 genommen
1476 2572 1534 2632 aus
1565 2575 1616 2635 dem
1658 2574 1886 2634 Gent'lemans
1904 2572 2079 2632 Magazine
2103 2578 2161 2638 und

1487 2626 1612 2686 Journ.
1628 2626 1813 2686 Encyclop.
1836 2623 1946 2683 1763.

1232 2772 1349 2832 Unter
1387 2775 1438 2835 der
1476 2781 1669 2841 Regierung
1707 2777 1757 2837 der
1803 2775 1951 2835 Königin
1989 2778 2218 2838 Elisabeth

204 2852 298 2912 Tone
319 2842 535 2902 geschrieben;
562 2837 623 2897 und
644 2832 765 2892 enthält
779 2835 839 2895 eine
860 2836 981 2896 Menge
1002 2833 1191 2893 lehrreicher
1232 2826 1320 2886 ward
1354 2827 1394 2887 ein
1422 2835 1610 2895 Engländer
1638 2832 1692 2892 vor
1720 2829 1766 2889 dem
1801 2829 2003 2889 Oberrichter
2024 2826 2098 2886 Lord
2126 2826 2220 2886 Dyer

2157 2875 2238 2935 per¬
